timestamp,gpu_util,gpu_mem
1718730743.7168179,0.0,4.0
1718730743.8493555,0.0,4.0
1718730743.9813464,0.0,4.0
1718730744.1170363,0.0,21.0
1718730744.260957,4.0,635.0
1718730744.3916872,4.0,709.0
1718730744.5224295,9.0,709.0
1718730744.6548471,0.0,709.0
1718730744.783141,0.0,709.0
1718730744.9115932,0.0,709.0
1718730745.0401254,0.0,709.0
1718730745.1748013,0.0,709.0
1718730745.3009074,0.0,709.0
1718730745.4261994,0.0,709.0
1718730745.5514104,0.0,709.0
1718730745.676586,0.0,709.0
1718730745.802639,0.0,709.0
1718730745.9283319,0.0,709.0
1718730746.0564127,0.0,709.0
1718730746.182696,0.0,709.0
1718730746.3084326,0.0,709.0
1718730746.4346628,0.0,709.0
1718730746.5603518,0.0,709.0
1718730746.6889687,0.0,709.0
1718730746.8165185,0.0,709.0
1718730746.9428678,0.0,709.0
1718730747.0711946,0.0,709.0
1718730747.2391632,0.0,709.0
1718730747.3733218,0.0,709.0
1718730747.506215,0.0,709.0
1718730747.6417067,0.0,709.0
1718730747.7759862,0.0,709.0
1718730747.9101572,0.0,709.0
1718730748.0424836,0.0,709.0
1718730748.170974,0.0,709.0
1718730748.2991035,0.0,709.0
1718730748.4307761,0.0,709.0
1718730748.5628934,0.0,709.0
1718730748.6919975,0.0,709.0
1718730748.8209994,0.0,709.0
1718730748.9504766,0.0,709.0
1718730749.077773,0.0,709.0
1718730749.2040975,0.0,709.0
1718730749.3339336,0.0,709.0
1718730749.4678314,0.0,709.0
1718730749.602522,0.0,709.0
1718730749.7353902,0.0,709.0
1718730749.8657477,0.0,709.0
1718730749.9952931,0.0,709.0
1718730750.1288793,0.0,709.0
1718730750.2620718,0.0,709.0
1718730750.3929393,0.0,709.0
1718730750.5224714,0.0,709.0
1718730750.6513386,0.0,709.0
1718730750.7803078,0.0,709.0
1718730750.910368,0.0,709.0
1718730751.043801,0.0,709.0
1718730751.1774392,0.0,709.0
1718730751.3095684,0.0,709.0
1718730751.442374,0.0,709.0
1718730751.5753038,0.0,709.0
1718730751.7087324,0.0,709.0
1718730751.8416035,0.0,709.0
1718730751.9747517,0.0,709.0
1718730752.1099849,0.0,709.0
1718730752.2447135,0.0,709.0
1718730752.378123,0.0,709.0
1718730752.5135977,0.0,709.0
1718730752.6471088,0.0,709.0
1718730752.7797422,0.0,709.0
1718730752.9121222,0.0,709.0
1718730753.04509,0.0,709.0
1718730753.175546,0.0,709.0
1718730753.308761,0.0,709.0
1718730753.4392726,0.0,709.0
1718730753.5730326,0.0,709.0
1718730753.7061558,0.0,709.0
1718730753.8395228,0.0,709.0
1718730753.9732327,0.0,709.0
1718730754.1072447,0.0,709.0
1718730754.2408624,0.0,709.0
1718730754.3737328,0.0,709.0
1718730754.506486,0.0,709.0
1718730754.6407156,0.0,709.0
1718730754.774016,0.0,709.0
1718730754.9084706,0.0,709.0
1718730755.040097,0.0,709.0
1718730755.1745026,0.0,709.0
1718730755.3055584,0.0,709.0
1718730755.4352484,0.0,709.0
1718730755.5688586,0.0,709.0
1718730755.7039864,0.0,709.0
1718730755.8387365,0.0,709.0
1718730755.9735405,0.0,709.0
1718730756.1070855,0.0,709.0
1718730756.2407603,0.0,709.0
1718730756.3738391,0.0,709.0
1718730756.5067425,0.0,709.0
1718730756.6382766,0.0,709.0
1718730756.7729945,0.0,709.0
1718730756.9077387,0.0,709.0
1718730757.0421727,0.0,709.0
1718730757.173836,0.0,709.0
1718730757.3055534,0.0,709.0
1718730757.4374292,0.0,709.0
1718730757.5696175,0.0,709.0
1718730757.7000985,0.0,709.0
1718730757.8312495,0.0,709.0
1718730757.965964,0.0,709.0
1718730758.1019912,0.0,709.0
1718730758.2366245,0.0,709.0
1718730758.370637,0.0,709.0
1718730758.5037305,0.0,709.0
1718730758.637066,0.0,709.0
1718730758.7705584,0.0,709.0
1718730758.9053144,0.0,709.0
1718730759.0398717,0.0,709.0
1718730759.1761587,0.0,709.0
1718730759.3085186,0.0,709.0
1718730759.4403696,0.0,709.0
1718730759.5701091,0.0,709.0
1718730759.70164,0.0,709.0
1718730759.8354058,0.0,709.0
1718730759.9703655,0.0,709.0
1718730760.1060572,0.0,709.0
1718730760.240626,0.0,709.0
1718730760.3742552,0.0,709.0
1718730760.5066526,0.0,709.0
1718730760.638446,0.0,709.0
1718730760.7732122,0.0,709.0
1718730760.9085836,0.0,709.0
1718730761.0413806,0.0,709.0
1718730761.1747031,0.0,709.0
1718730761.305585,0.0,709.0
1718730761.4354985,0.0,709.0
1718730761.5650911,0.0,709.0
1718730761.694347,0.0,709.0
1718730761.822927,0.0,709.0
1718730761.9516053,0.0,709.0
1718730762.0817785,0.0,709.0
1718730762.2101667,0.0,709.0
1718730762.3384924,0.0,709.0
1718730762.4678183,0.0,709.0
1718730762.5971036,0.0,709.0
1718730762.7254527,0.0,709.0
1718730762.8536363,0.0,709.0
1718730762.9825704,0.0,709.0
1718730763.1114004,0.0,709.0
1718730763.2397273,0.0,709.0
1718730763.3727233,0.0,709.0
1718730763.5030918,0.0,709.0
1718730763.637484,0.0,709.0
1718730763.7713456,0.0,709.0
1718730763.9061697,0.0,709.0
1718730764.0386705,0.0,709.0
1718730764.1708534,0.0,709.0
1718730764.3019981,0.0,709.0
1718730764.4361486,0.0,709.0
1718730764.5671937,0.0,709.0
1718730764.6974597,0.0,709.0
1718730764.8318174,0.0,709.0
1718730764.9647636,0.0,709.0
1718730765.0984726,0.0,709.0
1718730765.229878,0.0,709.0
1718730765.3618114,0.0,709.0
1718730765.4938297,0.0,709.0
1718730765.6268027,0.0,709.0
1718730765.7571733,0.0,709.0
1718730765.889326,0.0,709.0
1718730766.024027,0.0,709.0
1718730766.158539,0.0,709.0
1718730766.292532,0.0,709.0
1718730766.4268467,0.0,709.0
1718730766.5593388,0.0,709.0
1718730766.6922328,0.0,709.0
1718730766.826184,0.0,709.0
1718730766.9617155,0.0,709.0
1718730767.0955043,0.0,709.0
1718730767.229069,0.0,709.0
1718730767.3609443,0.0,709.0
1718730767.4925284,0.0,709.0
1718730767.6228383,0.0,709.0
1718730767.7575605,0.0,709.0
1718730767.8915436,0.0,709.0
1718730768.0262005,0.0,709.0
1718730768.1595058,0.0,709.0
1718730768.2940443,0.0,709.0
1718730768.4266467,0.0,709.0
1718730768.5590203,0.0,709.0
1718730768.6929102,0.0,709.0
1718730768.8265674,0.0,709.0
1718730768.95957,0.0,709.0
1718730769.0919554,0.0,709.0
1718730769.2233324,0.0,709.0
1718730769.3536036,0.0,709.0
1718730769.4826372,0.0,709.0
1718730769.611815,0.0,709.0
1718730769.7410927,0.0,709.0
1718730769.8705785,0.0,709.0
1718730770.0003552,0.0,709.0
1718730770.1286318,0.0,709.0
1718730770.2591486,0.0,709.0
1718730770.3854237,0.0,709.0
1718730770.5134146,0.0,709.0
1718730770.6432636,0.0,709.0
1718730770.771384,0.0,709.0
1718730770.899207,0.0,709.0
1718730771.0280454,0.0,709.0
1718730771.1582484,0.0,709.0
1718730771.2879806,0.0,709.0
1718730771.4174182,0.0,709.0
1718730771.5613601,0.0,709.0
1718730771.6982005,0.0,709.0
1718730771.8541408,0.0,709.0
1718730772.000665,0.0,709.0
1718730772.1440701,0.0,709.0
1718730772.2986007,0.0,709.0
1718730772.4570642,0.0,709.0
1718730772.6018648,0.0,709.0
1718730772.7589576,0.0,709.0
1718730772.9144237,0.0,709.0
1718730773.0785408,0.0,709.0
1718730773.247552,0.0,709.0
1718730773.4511626,0.0,709.0
1718730773.6555078,0.0,709.0
1718730773.8251104,0.0,709.0
1718730774.0240645,0.0,709.0
1718730774.1818957,0.0,709.0
1718730774.34673,0.0,709.0
1718730774.5314405,0.0,709.0
1718730774.6731071,0.0,709.0
1718730774.8169556,0.0,709.0
1718730774.9869432,0.0,709.0
1718730775.1380472,0.0,709.0
1718730775.2738674,0.0,709.0
1718730775.4066534,0.0,709.0
1718730775.5416079,0.0,709.0
1718730775.6741664,0.0,709.0
1718730775.8044262,0.0,709.0
1718730775.9395318,0.0,709.0
1718730776.0732603,0.0,709.0
1718730776.2075381,0.0,709.0
1718730776.3702106,0.0,709.0
1718730776.5196712,0.0,709.0
1718730776.6694984,0.0,709.0
1718730776.8255417,0.0,709.0
1718730776.9919782,0.0,709.0
1718730777.167502,0.0,709.0
1718730777.3087592,0.0,709.0
1718730777.4569058,0.0,709.0
1718730777.6062899,0.0,709.0
1718730777.7454104,0.0,709.0
1718730777.9004204,0.0,709.0
1718730778.0589285,0.0,709.0
1718730778.2146754,0.0,709.0
1718730778.3564856,0.0,709.0
1718730778.5558271,0.0,709.0
1718730778.7411866,0.0,709.0
1718730778.938193,0.0,709.0
1718730779.0995078,0.0,709.0
1718730779.2878387,0.0,709.0
1718730779.4657598,0.0,709.0
1718730779.6229987,0.0,709.0
1718730779.7727578,0.0,709.0
1718730779.909945,0.0,709.0
1718730780.0429218,0.0,709.0
1718730780.177417,0.0,709.0
1718730780.310942,0.0,709.0
1718730780.4390945,0.0,709.0
1718730780.572721,0.0,709.0
1718730780.7064643,0.0,709.0
1718730780.8518355,0.0,709.0
1718730781.0067909,0.0,709.0
1718730781.1601422,0.0,709.0
1718730781.313164,0.0,709.0
1718730781.4760928,0.0,709.0
1718730781.6289608,0.0,709.0
1718730781.7919688,0.0,709.0
1718730781.9353032,0.0,709.0
1718730782.091528,0.0,709.0
1718730782.2372499,0.0,709.0
1718730782.3898032,0.0,709.0
1718730782.5426557,0.0,709.0
1718730782.7211432,0.0,709.0
1718730782.8839529,0.0,709.0
1718730783.0499575,0.0,709.0
1718730783.2456274,0.0,709.0
1718730783.39911,0.0,709.0
1718730783.5811954,0.0,709.0
1718730783.731079,0.0,709.0
1718730783.9050722,0.0,709.0
1718730784.0727408,0.0,709.0
1718730784.213909,0.0,709.0
1718730784.367225,0.0,709.0
1718730784.511683,0.0,709.0
1718730784.646137,0.0,709.0
1718730784.7804933,0.0,709.0
1718730784.9138365,0.0,709.0
1718730785.044073,0.0,709.0
1718730785.179822,0.0,709.0
1718730785.314623,0.0,709.0
1718730785.4481459,0.0,709.0
1718730785.6105454,0.0,709.0
1718730785.7706642,0.0,709.0
1718730785.9362614,0.0,709.0
1718730786.0817778,0.0,709.0
1718730786.2388086,0.0,709.0
1718730786.4042225,0.0,709.0
1718730786.5465534,0.0,709.0
1718730786.698061,0.0,709.0
1718730786.8649557,0.0,709.0
1718730787.017923,0.0,709.0
1718730787.198358,0.0,709.0
1718730787.3672643,0.0,709.0
1718730787.5220942,0.0,709.0
1718730787.7375305,0.0,709.0
1718730787.9389458,0.0,709.0
1718730788.1223817,0.0,709.0
1718730788.3166788,0.0,709.0
1718730788.5043929,0.0,709.0
1718730788.6607332,0.0,709.0
1718730788.8156703,0.0,709.0
1718730788.9690368,0.0,709.0
1718730789.128121,0.0,709.0
1718730789.261966,0.0,709.0
1718730789.3977106,0.0,709.0
1718730789.5321083,0.0,709.0
1718730789.662478,0.0,709.0
1718730789.792314,0.0,709.0
1718730789.9272072,0.0,709.0
1718730790.0603263,0.0,709.0
1718730790.2214468,0.0,709.0
1718730790.3758454,0.0,709.0
1718730790.5301456,0.0,709.0
1718730790.6971757,0.0,709.0
1718730790.8549485,0.0,709.0
1718730791.0324721,0.0,709.0
1718730791.1725752,0.0,709.0
1718730791.336685,0.0,709.0
1718730791.4734569,0.0,709.0
1718730791.6241682,0.0,709.0
1718730791.758589,0.0,709.0
1718730791.932185,0.0,709.0
1718730792.081506,0.0,709.0
1718730792.2344,0.0,709.0
1718730792.3748565,0.0,709.0
1718730792.565693,0.0,709.0
1718730792.7462234,0.0,709.0
1718730792.9293473,0.0,709.0
1718730793.113451,0.0,709.0
1718730793.3015537,0.0,709.0
1718730793.4823291,0.0,709.0
1718730793.6333313,0.0,709.0
1718730793.7850087,0.0,709.0
1718730793.9312537,0.0,709.0
1718730794.0672767,0.0,709.0
1718730794.204371,0.0,709.0
1718730794.3383043,0.0,709.0
1718730794.4692068,0.0,709.0
1718730794.6047556,0.0,709.0
1718730794.7384973,0.0,709.0
1718730794.874377,0.0,709.0
1718730795.0386202,0.0,709.0
1718730795.1871922,0.0,709.0
1718730795.3481946,0.0,709.0
1718730795.4990823,0.0,709.0
1718730795.6716614,0.0,709.0
1718730795.8241057,0.0,709.0
1718730795.9881005,0.0,709.0
1718730796.13307,0.0,709.0
1718730796.2889206,0.0,709.0
1718730796.4504364,0.0,709.0
1718730796.6012866,0.0,709.0
1718730796.7555525,0.0,709.0
1718730796.9115803,0.0,709.0
1718730797.1081338,0.0,709.0
1718730797.2933867,0.0,709.0
1718730797.476257,0.0,709.0
1718730797.6820028,0.0,709.0
1718730797.8660564,0.0,709.0
1718730798.0209377,0.0,709.0
1718730798.1788871,0.0,709.0
1718730798.3427517,0.0,709.0
1718730798.495674,0.0,709.0
1718730798.6294487,0.0,709.0
1718730798.7652617,0.0,709.0
1718730798.8994715,0.0,709.0
1718730799.0317748,0.0,709.0
1718730799.1620595,0.0,709.0
1718730799.2981968,0.0,709.0
1718730799.4327548,0.0,709.0
1718730799.5670044,0.0,709.0
1718730799.7126515,0.0,709.0
1718730799.8778071,0.0,709.0
1718730800.049199,0.0,709.0
1718730800.2170997,0.0,709.0
1718730800.3786895,0.0,709.0
1718730800.545211,0.0,709.0
1718730800.6927812,0.0,709.0
1718730800.8516688,0.0,709.0
1718730801.014186,0.0,709.0
1718730801.1832702,0.0,709.0
1718730801.334159,0.0,709.0
1718730801.4934702,0.0,709.0
1718730801.6364229,0.0,709.0
1718730801.8359678,0.0,709.0
1718730802.0373285,0.0,709.0
1718730802.2335277,0.0,709.0
1718730802.42834,0.0,709.0
1718730802.6126802,0.0,709.0
1718730802.7832713,0.0,709.0
1718730802.9434178,0.0,709.0
1718730803.094799,0.0,709.0
1718730803.235314,0.0,709.0
1718730803.3688984,0.0,709.0
1718730803.5031447,0.0,709.0
1718730803.63704,0.0,709.0
1718730803.7655773,0.0,709.0
1718730803.8967514,0.0,709.0
1718730804.0321214,0.0,709.0
1718730804.1662138,0.0,709.0
1718730804.2998402,0.0,709.0
1718730804.4582465,0.0,709.0
1718730804.6130598,0.0,709.0
1718730804.768213,0.0,709.0
1718730804.9306314,0.0,709.0
1718730805.1082213,0.0,709.0
1718730805.251405,0.0,709.0
1718730805.4099889,0.0,709.0
1718730805.5608642,0.0,709.0
1718730805.7041183,0.0,709.0
1718730805.8693519,0.0,709.0
1718730806.015518,0.0,709.0
1718730806.1673253,0.0,709.0
1718730806.3119614,0.0,709.0
1718730806.4824085,0.0,709.0
1718730806.6736557,0.0,709.0
1718730806.825954,0.0,709.0
1718730807.028336,0.0,709.0
1718730807.16625,0.0,709.0
1718730807.358368,0.0,709.0
1718730807.5274103,0.0,709.0
1718730807.689972,0.0,709.0
1718730807.8401864,0.0,709.0
1718730807.9780667,0.0,709.0
1718730808.1140232,0.0,709.0
1718730808.2482188,0.0,709.0
1718730808.3830009,0.0,709.0
1718730808.5140166,0.0,709.0
1718730808.6494663,0.0,709.0
1718730808.7828984,0.0,709.0
1718730808.9188747,0.0,709.0
1718730809.0765648,0.0,709.0
1718730809.2243795,0.0,709.0
1718730809.3726223,0.0,709.0
1718730809.521568,0.0,709.0
1718730809.6753602,0.0,709.0
1718730809.8271124,0.0,709.0
1718730809.9828207,0.0,709.0
1718730810.1266437,0.0,709.0
1718730810.2871711,0.0,709.0
1718730810.4608114,0.0,709.0
1718730810.6144824,0.0,709.0
1718730810.778265,0.0,709.0
1718730810.9330373,0.0,709.0
1718730811.1407173,0.0,709.0
1718730811.35006,0.0,709.0
1718730811.5369625,0.0,709.0
1718730811.7217255,0.0,709.0
1718730811.90615,0.0,709.0
1718730812.0770512,0.0,709.0
1718730812.2288344,0.0,709.0
1718730812.3852005,0.0,709.0
1718730812.5413296,0.0,709.0
1718730812.6747494,0.0,709.0
1718730812.8138192,0.0,709.0
1718730812.9480445,0.0,709.0
1718730813.0789537,0.0,709.0
1718730813.2102485,0.0,709.0
1718730813.3447862,0.0,709.0
1718730813.4792552,0.0,709.0
1718730813.6153252,0.0,709.0
1718730813.756025,0.0,709.0
1718730813.9128368,0.0,709.0
1718730814.0698793,0.0,709.0
1718730814.2285604,0.0,709.0
1718730814.373939,0.0,709.0
1718730814.554512,0.0,709.0
1718730814.701429,0.0,709.0
1718730814.8549356,0.0,709.0
1718730815.006434,0.0,709.0
1718730815.1456048,0.0,709.0
1718730815.2938247,0.0,709.0
1718730815.4581234,0.0,709.0
1718730815.6191676,0.0,709.0
1718730815.7662668,0.0,709.0
1718730815.94922,0.0,709.0
1718730816.1320825,0.0,709.0
1718730816.3178372,0.0,709.0
1718730816.4961536,0.0,709.0
1718730816.6995635,0.0,709.0
1718730816.8718448,0.0,709.0
1718730817.025461,0.0,709.0
1718730817.1893651,0.0,709.0
1718730817.331514,0.0,709.0
1718730817.4657953,0.0,709.0
1718730817.601349,0.0,709.0
1718730817.73568,0.0,709.0
1718730817.8671222,0.0,709.0
1718730818.002857,0.0,709.0
1718730818.1382654,0.0,709.0
1718730818.2729008,0.0,709.0
1718730818.423598,0.0,709.0
1718730818.5907722,0.0,709.0
1718730818.7511294,0.0,709.0
1718730818.91397,0.0,709.0
1718730819.0957937,0.0,709.0
1718730819.236386,0.0,709.0
1718730819.3878646,0.0,709.0
1718730819.535027,0.0,709.0
1718730819.6915386,0.0,709.0
1718730819.8517385,0.0,709.0
1718730820.0300596,0.0,709.0
1718730820.18181,0.0,709.0
1718730820.3203478,0.0,709.0
1718730820.5087783,0.0,709.0
1718730820.7122421,0.0,709.0
1718730820.9137807,0.0,709.0
1718730821.0877783,0.0,709.0
1718730821.2653275,0.0,709.0
1718730821.4264607,0.0,709.0
1718730821.5718396,0.0,709.0
1718730821.729203,0.0,709.0
1718730821.8819005,0.0,709.0
1718730822.0155916,0.0,709.0
1718730822.151244,0.0,709.0
1718730822.28517,0.0,709.0
1718730822.4143531,0.0,709.0
1718730822.544831,0.0,709.0
1718730822.6795115,0.0,709.0
1718730822.8141634,0.0,709.0
1718730822.9487472,0.0,709.0
1718730823.0956237,0.0,709.0
1718730823.2604814,0.0,709.0
1718730823.4191618,0.0,709.0
1718730823.5717492,0.0,709.0
1718730823.721036,0.0,709.0
1718730823.8916757,0.0,709.0
1718730824.041234,0.0,709.0
1718730824.1974466,0.0,709.0
1718730824.345096,0.0,709.0
1718730824.48904,0.0,709.0
1718730824.6441844,0.0,709.0
1718730824.8051693,0.0,709.0
1718730824.9592023,0.0,709.0
1718730825.1116636,0.0,709.0
1718730825.3105466,0.0,709.0
1718730825.4715936,0.0,709.0
1718730825.6601608,0.0,709.0
1718730825.8331087,0.0,709.0
1718730826.0179482,0.0,709.0
1718730826.1783724,0.0,709.0
1718730826.3354752,0.0,709.0
1718730826.4803987,0.0,709.0
1718730826.6213102,0.0,709.0
1718730826.7605512,0.0,709.0
1718730826.8949811,0.0,709.0
1718730827.0284946,0.0,709.0
1718730827.157734,0.0,709.0
1718730827.287348,0.0,709.0
1718730827.4233758,0.0,709.0
1718730827.558067,0.0,709.0
1718730827.692866,0.0,709.0
1718730827.843271,0.0,709.0
1718730827.9916706,0.0,709.0
1718730828.136326,0.0,709.0
1718730828.303032,0.0,709.0
1718730828.4552884,0.0,709.0
1718730828.6278281,0.0,709.0
1718730828.7936635,0.0,709.0
1718730828.950096,0.0,709.0
1718730829.1112342,0.0,709.0
1718730829.2741694,0.0,709.0
1718730829.4266224,0.0,709.0
1718730829.5783346,0.0,709.0
1718730829.7368238,0.0,709.0
1718730829.938662,0.0,709.0
1718730830.1288493,0.0,709.0
1718730830.3135898,0.0,709.0
1718730830.5113683,0.0,709.0
1718730830.694643,0.0,709.0
1718730830.871378,0.0,709.0
1718730831.0218928,0.0,709.0
1718730831.1797206,0.0,709.0
1718730831.3398309,0.0,709.0
1718730831.4745643,0.0,709.0
1718730831.6093118,0.0,709.0
1718730831.7441149,0.0,709.0
1718730831.8735523,0.0,709.0
1718730832.003748,0.0,709.0
1718730832.1394038,0.0,709.0
1718730832.2736166,0.0,709.0
1718730832.4081442,0.0,709.0
1718730832.5660548,0.0,709.0
1718730832.7156985,0.0,709.0
1718730832.8675501,0.0,709.0
1718730833.0238369,0.0,709.0
1718730833.1866832,0.0,709.0
1718730833.337175,0.0,709.0
1718730833.482267,0.0,709.0
1718730833.6300137,0.0,709.0
1718730833.7907283,0.0,709.0
1718730833.9454243,0.0,709.0
1718730834.0974717,0.0,709.0
1718730834.280683,0.0,709.0
1718730834.436341,0.0,709.0
1718730834.5948157,0.0,709.0
1718730834.7909307,0.0,709.0
1718730834.940984,0.0,709.0
1718730835.123608,0.0,709.0
1718730835.2744193,0.0,709.0
1718730835.457181,0.0,709.0
1718730835.6316326,0.0,709.0
1718730835.7827427,0.0,709.0
1718730835.9389892,0.0,709.0
1718730836.0830631,0.0,709.0
1718730836.2166932,0.0,709.0
1718730836.3525734,0.0,709.0
1718730836.4866757,0.0,709.0
1718730836.6150436,0.0,709.0
1718730836.7486196,0.0,709.0
1718730836.8841083,0.0,709.0
1718730837.019038,0.0,709.0
1718730837.1892738,0.0,709.0
1718730837.3374486,0.0,709.0
1718730837.5037723,0.0,709.0
1718730837.6600606,0.0,709.0
1718730837.8116815,0.0,709.0
1718730837.9718354,0.0,709.0
1718730838.113883,0.0,709.0
1718730838.2607088,0.0,709.0
1718730838.3976793,0.0,709.0
1718730838.5404055,0.0,709.0
1718730838.6905122,0.0,709.0
1718730838.8346012,0.0,709.0
1718730838.9990084,0.0,709.0
1718730839.1484737,0.0,709.0
1718730839.3339887,0.0,709.0
1718730839.5183368,0.0,709.0
1718730839.6963975,0.0,709.0
1718730839.8902164,0.0,709.0
1718730840.0698218,0.0,709.0
1718730840.234733,0.0,709.0
1718730840.3858457,0.0,709.0
1718730840.5382721,0.0,709.0
1718730840.6877704,0.0,709.0
1718730840.8217971,0.0,709.0
1718730840.9567623,0.0,709.0
1718730841.09401,0.0,709.0
1718730841.227284,0.0,709.0
1718730841.3577697,0.0,709.0
1718730841.4895263,0.0,709.0
1718730841.6247509,0.0,709.0
1718730841.7583227,0.0,709.0
1718730841.9176831,0.0,709.0
1718730842.0845199,0.0,709.0
1718730842.2354267,0.0,709.0
1718730842.3942487,0.0,709.0
1718730842.5530772,0.0,709.0
1718730842.728763,0.0,709.0
1718730842.8764637,0.0,709.0
1718730843.0332987,0.0,709.0
1718730843.1949143,0.0,709.0
1718730843.337509,0.0,709.0
1718730843.487567,0.0,709.0
1718730843.6380162,0.0,709.0
1718730843.7860804,0.0,709.0
1718730843.9416194,0.0,709.0
1718730844.1410062,0.0,709.0
1718730844.3077478,0.0,709.0
1718730844.5011413,0.0,709.0
1718730844.654987,0.0,709.0
1718730844.8436408,0.0,709.0
1718730845.0071034,0.0,709.0
1718730845.1655433,0.0,709.0
1718730845.313857,0.0,709.0
1718730845.4538682,0.0,709.0
1718730845.5881817,0.0,709.0
1718730845.7246287,0.0,709.0
1718730845.8616347,0.0,709.0
1718730845.9913945,0.0,709.0
1718730846.1218681,0.0,709.0
1718730846.258773,0.0,709.0
1718730846.39446,0.0,709.0
1718730846.5413742,0.0,709.0
1718730846.6901507,0.0,709.0
1718730846.8583856,0.0,709.0
1718730847.0125866,0.0,709.0
1718730847.1715395,0.0,709.0
1718730847.3326173,0.0,709.0
1718730847.4756837,0.0,709.0
1718730847.6338139,0.0,709.0
1718730847.786607,0.0,709.0
1718730847.9363618,0.0,709.0
1718730848.0909092,0.0,709.0
1718730848.2403579,0.0,709.0
1718730848.4022088,0.0,709.0
1718730848.5453463,0.0,709.0
1718730848.742174,0.0,709.0
1718730848.9302227,0.0,709.0
1718730849.1167955,0.0,709.0
1718730849.3058617,0.0,709.0
1718730849.4931579,0.0,709.0
1718730849.6602037,0.0,709.0
1718730849.8023353,0.0,709.0
1718730849.9699273,0.0,709.0
1718730850.1131208,0.0,709.0
1718730850.2479799,0.0,709.0
1718730850.3849618,0.0,709.0
1718730850.518728,0.0,709.0
1718730850.6516976,0.0,709.0
1718730850.7810202,0.0,709.0
1718730850.916202,0.0,709.0
1718730851.049949,0.0,709.0
1718730851.1851559,0.0,709.0
1718730851.341629,0.0,709.0
1718730851.4985495,0.0,709.0
1718730851.64448,0.0,709.0
1718730851.8123822,0.0,709.0
1718730851.963178,0.0,709.0
1718730852.1430442,0.0,709.0
1718730852.2934594,0.0,709.0
1718730852.4391952,0.0,709.0
1718730852.5973084,0.0,709.0
1718730852.7430305,0.0,709.0
1718730852.9003315,0.0,709.0
1718730853.0557704,0.0,709.0
1718730853.2151692,0.0,709.0
1718730853.3962836,0.0,709.0
1718730853.580792,0.0,709.0
1718730853.7312193,0.0,709.0
1718730853.9311013,0.0,709.0
1718730854.0882812,0.0,709.0
1718730854.2728722,0.0,709.0
1718730854.4538262,0.0,709.0
1718730854.6210353,0.0,709.0
1718730854.7899518,0.0,709.0
1718730854.9420667,0.0,709.0
1718730855.0916505,0.0,709.0
1718730855.2415059,0.0,709.0
1718730855.3903964,0.0,709.0
1718730855.5378993,0.0,709.0
1718730855.6912858,0.0,709.0
1718730855.8261342,0.0,709.0
1718730855.9861157,0.0,709.0
1718730856.1331263,0.0,709.0
1718730856.2865465,0.0,709.0
1718730856.4523501,0.0,709.0
1718730856.6085203,0.0,709.0
1718730856.7774339,0.0,709.0
1718730856.921019,0.0,709.0
1718730857.0732596,0.0,709.0
1718730857.2090328,0.0,709.0
1718730857.3588295,0.0,709.0
1718730857.5042596,0.0,709.0
1718730857.6619172,0.0,709.0
1718730857.8158185,0.0,709.0
1718730857.9574893,0.0,709.0
1718730858.148876,0.0,709.0
1718730858.337051,0.0,709.0
1718730858.530105,0.0,709.0
1718730858.7210858,0.0,709.0
1718730858.8928382,0.0,709.0
1718730859.0491352,0.0,709.0
1718730859.2207997,0.0,709.0
1718730859.39918,0.0,709.0
1718730859.5640159,0.0,709.0
1718730859.7154937,0.0,709.0
1718730859.8676383,0.0,709.0
1718730860.0204394,0.0,709.0
1718730860.165948,0.0,709.0
1718730860.3147233,0.0,709.0
1718730860.4661288,0.0,709.0
1718730860.6203551,0.0,709.0
1718730860.7668686,0.0,709.0
1718730860.9122298,0.0,709.0
1718730861.071775,0.0,709.0
1718730861.2309368,0.0,709.0
1718730861.3727853,0.0,709.0
1718730861.5501368,0.0,709.0
1718730861.6873436,0.0,709.0
1718730861.8424952,0.0,709.0
1718730861.9784248,0.0,709.0
1718730862.1264517,0.0,709.0
1718730862.2691367,0.0,709.0
1718730862.4170787,0.0,709.0
1718730862.5812738,0.0,709.0
1718730862.7336574,0.0,709.0
1718730862.932812,0.0,709.0
1718730863.1377618,0.0,709.0
1718730863.3422596,0.0,709.0
1718730863.5260367,0.0,709.0
1718730863.7137737,0.0,709.0
1718730863.889015,0.0,709.0
1718730864.0402768,0.0,709.0
1718730864.1920753,0.0,709.0
1718730864.341824,0.0,709.0
1718730864.4764495,0.0,709.0
1718730864.612983,0.0,709.0
1718730864.74798,0.0,709.0
1718730864.877391,0.0,709.0
1718730865.007536,0.0,709.0
1718730865.1437836,0.0,709.0
1718730865.2768986,0.0,709.0
1718730865.4261677,0.0,709.0
1718730865.5998192,0.0,709.0
1718730865.7511969,0.0,709.0
1718730865.906171,0.0,709.0
1718730866.0558393,0.0,709.0
1718730866.2350154,0.0,709.0
1718730866.3766398,0.0,709.0
1718730866.5362742,0.0,709.0
1718730866.6776273,0.0,709.0
1718730866.820634,0.0,709.0
1718730866.9718385,0.0,709.0
1718730867.119236,0.0,709.0
1718730867.2853677,0.0,709.0
1718730867.430674,0.0,709.0
1718730867.6171863,0.0,709.0
1718730867.8126023,0.0,709.0
1718730868.0049677,0.0,709.0
1718730868.2130554,0.0,709.0
1718730868.3963568,0.0,709.0
1718730868.5786211,0.0,709.0
1718730868.7494223,0.0,709.0
1718730868.9066765,0.0,709.0
1718730869.0478292,0.0,709.0
1718730869.1812522,0.0,709.0
1718730869.3157303,0.0,709.0
1718730869.4492178,0.0,709.0
1718730869.579311,0.0,709.0
1718730869.7086065,0.0,709.0
1718730869.8438208,0.0,709.0
1718730869.9767907,0.0,709.0
1718730870.1139553,0.0,709.0
1718730870.2827125,0.0,709.0
1718730870.4459722,0.0,709.0
1718730870.6032264,0.0,709.0
1718730870.7568824,0.0,709.0
1718730870.9058673,0.0,709.0
1718730871.056919,0.0,709.0
1718730871.2312405,0.0,709.0
1718730871.3775918,0.0,709.0
1718730871.5227592,0.0,709.0
1718730871.680916,0.0,709.0
1718730871.8346095,0.0,709.0
1718730871.9821346,0.0,709.0
1718730872.1338136,0.0,709.0
1718730872.317283,0.0,709.0
1718730872.509565,0.0,709.0
1718730872.6801796,0.0,709.0
1718730872.8846672,0.0,709.0
1718730873.068034,0.0,709.0
1718730873.233357,0.0,709.0
1718730873.3940127,0.0,709.0
1718730873.5421784,0.0,709.0
1718730873.7001543,0.0,709.0
1718730873.834702,0.0,709.0
1718730873.9692788,0.0,709.0
1718730874.1050713,0.0,709.0
1718730874.2341847,0.0,709.0
1718730874.3641336,0.0,709.0
1718730874.499442,0.0,709.0
1718730874.6339958,0.0,709.0
1718730874.767515,0.0,709.0
1718730874.9270837,0.0,709.0
1718730875.0816853,0.0,709.0
1718730875.2414434,0.0,709.0
1718730875.39334,0.0,709.0
1718730875.5596046,0.0,709.0
1718730875.7193682,0.0,709.0
1718730875.8723845,0.0,709.0
1718730876.0174527,0.0,709.0
1718730876.1667209,0.0,709.0
1718730876.3076878,0.0,709.0
1718730876.4533772,0.0,709.0
1718730876.6216097,0.0,709.0
1718730876.7807648,0.0,709.0
1718730876.9394126,0.0,709.0
1718730877.1409695,0.0,709.0
1718730877.2910209,0.0,709.0
1718730877.4734132,0.0,709.0
1718730877.6217484,0.0,709.0
1718730877.8172688,0.0,709.0
1718730877.972458,0.0,709.0
1718730878.1303122,0.0,709.0
1718730878.294598,0.0,709.0
1718730878.43495,0.0,709.0
1718730878.569411,0.0,709.0
1718730878.7036166,0.0,709.0
1718730878.8366356,0.0,709.0
1718730878.9652789,0.0,709.0
1718730879.0965414,0.0,709.0
1718730879.2309136,0.0,709.0
1718730879.364645,0.0,709.0
1718730879.521521,0.0,709.0
1718730879.6820397,0.0,709.0
1718730879.8459756,0.0,709.0
1718730880.003754,0.0,709.0
1718730880.1520598,0.0,709.0
1718730880.3293097,0.0,709.0
1718730880.4743412,0.0,709.0
1718730880.6326146,0.0,709.0
1718730880.7764375,0.0,709.0
1718730880.9456913,0.0,709.0
1718730881.0951807,0.0,709.0
1718730881.2600126,0.0,709.0
1718730881.4193516,0.0,709.0
1718730881.5600953,0.0,709.0
1718730881.7621732,0.0,709.0
1718730881.96128,0.0,709.0
1718730882.1456704,0.0,709.0
1718730882.321895,0.0,709.0
1718730882.5025282,0.0,709.0
1718730882.6742043,0.0,709.0
1718730882.823172,0.0,709.0
1718730882.979161,0.0,709.0
1718730883.1238112,0.0,709.0
1718730883.2620246,0.0,709.0
1718730883.3979673,0.0,709.0
1718730883.5315065,0.0,709.0
1718730883.6638029,0.0,709.0
1718730883.7985108,0.0,709.0
1718730883.9342463,0.0,709.0
1718730884.0680685,0.0,709.0
1718730884.2182856,0.0,709.0
1718730884.371108,0.0,709.0
1718730884.5247717,0.0,709.0
1718730884.692014,0.0,709.0
1718730884.8627641,0.0,709.0
1718730885.0163808,0.0,709.0
1718730885.1567929,0.0,709.0
1718730885.3208342,0.0,709.0
1718730885.4711967,0.0,709.0
1718730885.6121397,0.0,709.0
1718730885.7784994,0.0,709.0
1718730885.9261627,0.0,709.0
1718730886.081848,0.0,709.0
1718730886.23737,0.0,709.0
1718730886.4263985,0.0,709.0
1718730886.6114407,0.0,709.0
1718730886.7967825,0.0,709.0
1718730886.9462736,0.0,709.0
1718730887.1292548,0.0,709.0
1718730887.3033566,0.0,709.0
1718730887.4590776,0.0,709.0
1718730887.6167674,0.0,709.0
1718730887.7554417,0.0,709.0
1718730887.8883772,0.0,709.0
1718730888.0240479,0.0,709.0
1718730888.1593797,0.0,709.0
1718730888.2905972,0.0,709.0
1718730888.4270642,0.0,709.0
1718730888.5612876,0.0,709.0
1718730888.6960967,0.0,709.0
1718730888.8499851,0.0,709.0
1718730889.0030468,0.0,709.0
1718730889.1519752,0.0,709.0
1718730889.302582,0.0,709.0
1718730889.453913,0.0,709.0
1718730889.633996,0.0,709.0
1718730889.7810373,0.0,709.0
1718730889.925867,0.0,709.0
1718730890.0931194,0.0,709.0
1718730890.233413,0.0,709.0
1718730890.3886883,0.0,709.0
1718730890.5383387,0.0,709.0
1718730890.687573,0.0,709.0
1718730890.8335958,0.0,709.0
1718730891.026939,0.0,709.0
1718730891.2153265,0.0,709.0
1718730891.3709073,0.0,709.0
1718730891.556754,0.0,709.0
1718730891.7554877,0.0,709.0
1718730891.9246757,0.0,709.0
1718730892.0942066,0.0,709.0
1718730892.2461574,0.0,709.0
1718730892.3914845,0.0,709.0
1718730892.5268135,0.0,709.0
1718730892.6622412,0.0,709.0
1718730892.7958033,0.0,709.0
1718730892.9270725,0.0,709.0
1718730893.0588264,0.0,709.0
1718730893.1946657,0.0,709.0
1718730893.327957,0.0,709.0
1718730893.4746583,0.0,709.0
1718730893.631332,0.0,709.0
1718730893.8002248,0.0,709.0
1718730893.9600341,0.0,709.0
1718730894.1195443,0.0,709.0
1718730894.282072,0.0,709.0
1718730894.4245286,0.0,709.0
1718730894.5789483,0.0,709.0
1718730894.7143052,0.0,709.0
1718730894.8593442,0.0,709.0
1718730895.0057251,0.0,709.0
1718730895.1818142,0.0,709.0
1718730895.3310673,0.0,709.0
1718730895.4696178,0.0,709.0
1718730895.661416,0.0,709.0
1718730895.8649464,0.0,709.0
1718730896.0440915,0.0,709.0
1718730896.228214,0.0,709.0
1718730896.4131677,0.0,709.0
1718730896.5955853,0.0,709.0
1718730896.760424,0.0,709.0
1718730896.9253528,0.0,709.0
1718730897.0638318,0.0,709.0
1718730897.197375,0.0,709.0
1718730897.3329542,0.0,709.0
1718730897.4673185,0.0,709.0
1718730897.6010253,0.0,709.0
1718730897.7385998,0.0,709.0
1718730897.8722355,0.0,709.0
1718730898.0118713,0.0,709.0
1718730898.1619399,0.0,709.0
1718730898.3135824,0.0,709.0
1718730898.461886,0.0,709.0
1718730898.6276002,0.0,709.0
1718730898.7911773,0.0,709.0
1718730898.9504569,0.0,709.0
1718730899.0915706,0.0,709.0
1718730899.2530355,0.0,709.0
1718730899.403053,0.0,709.0
1718730899.5429132,0.0,709.0
1718730899.691841,0.0,709.0
1718730899.8533297,0.0,709.0
1718730900.0080473,0.0,709.0
1718730900.1532042,0.0,709.0
1718730900.3607414,0.0,709.0
1718730900.565761,0.0,709.0
1718730900.748508,0.0,709.0
1718730900.9295099,0.0,709.0
1718730901.1150482,0.0,709.0
1718730901.301689,0.0,709.0
1718730901.444365,0.0,709.0
1718730901.6011567,0.0,709.0
1718730901.7533526,0.0,709.0
1718730901.8881543,0.0,709.0
1718730902.0227075,0.0,709.0
1718730902.159817,0.0,709.0
1718730902.289712,0.0,709.0
1718730902.4212067,0.0,709.0
1718730902.5557163,0.0,709.0
1718730902.6898243,0.0,709.0
1718730902.8430598,0.0,709.0
1718730902.9960003,0.0,709.0
1718730903.1669683,0.0,709.0
1718730903.3157914,0.0,709.0
1718730903.4739046,0.0,709.0
1718730903.661207,0.0,709.0
1718730903.800613,0.0,709.0
1718730903.9583912,0.0,709.0
1718730904.1037984,0.0,709.0
1718730904.2528055,0.0,709.0
1718730904.398966,0.0,709.0
1718730904.5528626,0.0,709.0
1718730904.7070823,0.0,709.0
1718730904.8467684,0.0,709.0
1718730905.0515847,0.0,709.0
1718730905.255369,0.0,709.0
1718730905.4401054,0.0,709.0
1718730905.6244934,0.0,709.0
1718730905.80531,0.0,709.0
1718730905.9719987,0.0,709.0
1718730906.1145778,0.0,709.0
1718730906.2751875,0.0,709.0
1718730906.4298549,0.0,709.0
1718730906.5640743,0.0,709.0
1718730906.6999397,0.0,709.0
1718730906.8331811,0.0,709.0
1718730906.9638133,0.0,709.0
1718730907.0987046,0.0,709.0
1718730907.2341359,0.0,709.0
1718730907.3679998,0.0,709.0
1718730907.52985,0.0,709.0
1718730907.6920166,0.0,709.0
1718730907.8368566,0.0,709.0
1718730908.0009892,0.0,709.0
1718730908.1650863,0.0,709.0
1718730908.333545,0.0,709.0
1718730908.4753613,0.0,709.0
1718730908.650652,0.0,709.0
1718730908.8147917,0.0,709.0
1718730908.9564362,0.0,709.0
1718730909.1131375,0.0,709.0
1718730909.285242,0.0,709.0
1718730909.451842,0.0,709.0
1718730909.6251915,0.0,709.0
1718730909.8180988,0.0,709.0
1718730909.9776692,0.0,709.0
1718730910.1623542,0.0,709.0
1718730910.334678,0.0,709.0
1718730910.517489,0.0,709.0
1718730910.6634517,0.0,709.0
1718730910.8276029,0.0,709.0
1718730910.9813883,0.0,709.0
1718730911.1254065,0.0,709.0
1718730911.2588546,0.0,709.0
1718730911.3939822,0.0,709.0
1718730911.5268917,0.0,709.0
1718730911.655737,0.0,709.0
1718730911.7855504,0.0,709.0
1718730911.9209592,0.0,709.0
1718730912.0538552,0.0,709.0
1718730912.1909778,0.0,709.0
1718730912.3418357,0.0,709.0
1718730912.5106008,0.0,709.0
1718730912.681161,0.0,709.0
1718730912.8447928,0.0,709.0
1718730913.0222034,0.0,709.0
1718730913.162064,0.0,709.0
1718730913.3138177,0.0,709.0
1718730913.4493995,0.0,709.0
1718730913.606904,0.0,709.0
1718730913.7551112,0.0,709.0
1718730913.9300802,0.0,709.0
1718730914.09364,0.0,709.0
1718730914.2459822,0.0,709.0
1718730914.4390805,0.0,709.0
1718730914.6379998,0.0,709.0
1718730914.847653,0.0,709.0
1718730914.987431,0.0,709.0
1718730915.188347,0.0,709.0
1718730915.347759,0.0,709.0
1718730915.5129318,0.0,709.0
1718730915.669848,0.0,709.0
1718730915.810753,0.0,709.0
1718730915.9500601,0.0,709.0
1718730916.0844102,0.0,709.0
1718730916.2185616,0.0,709.0
1718730916.347778,0.0,709.0
1718730916.4778447,0.0,709.0
1718730916.6122177,0.0,709.0
1718730916.7468038,0.0,709.0
1718730916.8981678,0.0,709.0
1718730917.0744617,0.0,709.0
1718730917.23407,0.0,709.0
1718730917.3807578,0.0,709.0
1718730917.5329618,0.0,709.0
1718730917.7023256,0.0,709.0
1718730917.8460927,0.0,709.0
1718730918.0048754,0.0,709.0
1718730918.1469512,0.0,709.0
1718730918.321166,0.0,709.0
1718730918.472063,0.0,709.0
1718730918.640931,0.0,709.0
1718730918.8030295,0.0,709.0
1718730918.942418,0.0,709.0
1718730919.1364765,0.0,709.0
1718730919.3311574,0.0,709.0
1718730919.5353777,0.0,709.0
1718730919.6958258,0.0,709.0
1718730919.880737,0.0,709.0
1718730920.058692,0.0,709.0
1718730920.2164516,0.0,709.0
1718730920.3715668,0.0,709.0
1718730920.5085146,0.0,709.0
1718730920.6430705,0.0,709.0
1718730920.7780085,0.0,709.0
1718730920.9112964,0.0,709.0
1718730921.0405345,0.0,709.0
1718730921.175946,0.0,709.0
1718730921.3101542,0.0,709.0
1718730921.4445844,0.0,709.0
1718730921.6196241,0.0,709.0
1718730921.7720225,0.0,709.0
1718730921.935129,0.0,709.0
1718730922.0863929,0.0,709.0
1718730922.241322,0.0,709.0
1718730922.4113202,0.0,709.0
1718730922.547466,0.0,709.0
1718730922.6995761,0.0,709.0
1718730922.8374248,0.0,709.0
1718730922.9787555,0.0,709.0
1718730923.1347005,0.0,709.0
1718730923.3048534,0.0,709.0
1718730923.4529562,0.0,709.0
1718730923.5933683,0.0,709.0
1718730923.7849998,0.0,709.0
1718730923.984264,0.0,709.0
1718730924.1770093,0.0,709.0
1718730924.3687742,0.0,709.0
1718730924.5705369,0.0,709.0
1718730924.7468414,0.0,709.0
1718730924.9088087,0.0,709.0
1718730925.087022,2.0,1545.0
1718730925.2290244,2.0,1553.0
1718730925.3687317,0.0,1553.0
1718730925.5060334,13.0,4627.0
1718730925.6468742,13.0,5497.0
1718730925.7854912,57.0,16755.0
1718730925.927607,86.0,16763.0
1718730926.068374,2.0,16763.0
1718730926.2152238,2.0,16773.0
1718730926.407457,3.0,16773.0
1718730926.5831017,23.0,22935.0
1718730926.7857559,100.0,22935.0
1718730926.969463,100.0,22935.0
1718730927.1424706,99.0,22935.0
1718730927.3082464,99.0,22937.0
1718730927.4646313,99.0,22941.0
1718730927.6301131,74.0,22943.0
1718730927.8025725,16.0,22943.0
1718730927.9652817,28.0,22943.0
1718730928.1464596,100.0,22945.0
1718730928.3104224,90.0,22945.0
1718730928.555333,100.0,22945.0
1718730928.8077524,100.0,22945.0
1718730929.0431476,100.0,22945.0
1718730929.200615,100.0,22945.0
1718730929.4267704,42.0,22945.0
1718730929.5814738,85.0,22945.0
1718730929.758225,99.0,22945.0
1718730929.9501278,100.0,22945.0
1718730930.102245,100.0,22945.0
1718730930.2523694,100.0,22945.0
1718730930.4038107,100.0,22945.0
1718730930.5479643,100.0,22945.0
1718730930.6924984,100.0,22945.0
1718730930.8407674,77.0,22945.0
1718730930.990823,66.0,22945.0
1718730931.1875303,98.0,22945.0
1718730931.4065855,100.0,22945.0
1718730931.580404,100.0,22945.0
1718730931.7570193,100.0,22945.0
1718730931.932069,100.0,22945.0
1718730932.101045,97.0,22945.0
1718730932.2786677,97.0,22945.0
1718730932.4456625,30.0,22945.0
1718730932.622725,100.0,22945.0
1718730932.7910585,99.0,22945.0
1718730932.979694,100.0,22945.0
1718730933.154883,100.0,22945.0
1718730933.3306005,100.0,22945.0
1718730933.5458372,100.0,22945.0
1718730933.7244635,40.0,22945.0
1718730933.9321449,100.0,22945.0
1718730934.0931215,99.0,22945.0
1718730934.30817,99.0,22945.0
1718730934.475738,100.0,22945.0
1718730934.6731997,100.0,22945.0
1718730934.8286376,100.0,22945.0
1718730935.005912,100.0,22945.0
1718730935.1571407,100.0,22945.0
1718730935.3060195,54.0,22945.0
1718730935.456073,100.0,22945.0
1718730935.6049466,99.0,22945.0
1718730935.7484386,99.0,22945.0
1718730935.9012904,100.0,22945.0
1718730936.0510225,100.0,22945.0
1718730936.2009788,100.0,22945.0
1718730936.3713086,100.0,22945.0
1718730936.561001,100.0,22945.0
1718730936.7289948,55.0,22945.0
1718730936.9065773,99.0,22945.0
1718730937.118203,100.0,22945.0
1718730937.2728896,100.0,22945.0
1718730937.464585,100.0,22945.0
1718730937.6391711,100.0,22945.0
1718730937.7958457,100.0,22945.0
1718730937.9745634,87.0,22945.0
1718730938.1500487,40.0,22945.0
1718730938.3255558,100.0,22945.0
1718730938.5024025,99.0,22945.0
1718730938.752463,100.0,22945.0
1718730938.9742978,100.0,22945.0
1718730939.1951466,100.0,22945.0
1718730939.4256709,100.0,22945.0
1718730939.607572,23.0,22945.0
1718730939.8156383,96.0,22945.0
1718730939.9989529,99.0,22945.0
1718730940.1482744,99.0,22945.0
1718730940.3003874,100.0,22945.0
1718730940.4494236,100.0,22945.0
1718730940.593403,100.0,22945.0
1718730940.739538,100.0,22945.0
1718730940.8898478,100.0,22945.0
1718730941.0401871,64.0,22945.0
1718730941.2093983,83.0,22945.0
1718730941.4049735,98.0,22945.0
1718730941.5884178,100.0,22945.0
1718730941.779554,100.0,22945.0
1718730941.986427,100.0,22945.0
1718730942.1409554,100.0,22945.0
1718730942.3044848,100.0,22945.0
1718730942.4586427,79.0,22945.0
1718730942.6315448,67.0,22945.0
1718730942.8028939,99.0,22945.0
1718730942.9757907,100.0,22945.0
1718730943.149378,100.0,22945.0
1718730943.322336,100.0,22945.0
1718730943.5898225,100.0,22945.0
1718730943.7810242,93.0,22945.0
1718730944.0016387,23.0,22945.0
1718730944.2282372,100.0,22945.0
1718730944.4398413,91.0,22945.0
1718730944.6314604,100.0,22945.0
1718730944.8054874,100.0,22945.0
1718730944.9616954,100.0,22945.0
1718730945.118517,100.0,22945.0
1718730945.2757819,100.0,22945.0
1718730945.4249938,48.0,22945.0
1718730945.584909,100.0,22945.0
1718730945.7494729,99.0,22945.0
1718730945.9120712,99.0,22945.0
1718730946.1093907,100.0,22945.0
1718730946.3039718,100.0,22945.0
1718730946.4833226,100.0,22945.0
1718730946.6736472,100.0,22945.0
1718730946.8467472,59.0,22945.0
1718730947.0062757,63.0,22945.0
1718730947.1812606,99.0,22945.0
1718730947.3440409,99.0,22945.0
1718730947.504182,100.0,22945.0
1718730947.6737895,100.0,22945.0
1718730947.8635557,100.0,22945.0
1718730948.0333223,100.0,22945.0
1718730948.3064146,95.0,22945.0
1718730948.5577273,100.0,22945.0
1718730948.7962651,99.0,22945.0
1718730948.9863935,100.0,22945.0
1718730949.1857638,100.0,22945.0
1718730949.3633838,100.0,22945.0
1718730949.5390866,100.0,22945.0
1718730949.7167618,100.0,22945.0
1718730949.8660774,47.0,22945.0
1718730950.016971,87.0,22945.0
1718730950.1669283,87.0,22945.0
1718730950.311511,99.0,22945.0
1718730950.4563649,100.0,22945.0
1718730950.6065674,100.0,22945.0
1718730950.7638333,100.0,22945.0
1718730950.95975,100.0,22945.0
1718730951.1510732,100.0,22945.0
1718730951.3260806,75.0,22945.0
1718730951.4998121,61.0,22945.0
1718730951.6958287,98.0,22945.0
1718730951.8785949,100.0,22945.0
1718730952.0526257,100.0,22945.0
1718730952.2093177,100.0,22945.0
1718730952.3709474,100.0,22945.0
1718730952.5692859,100.0,22945.0
1718730952.7462318,99.0,22945.0
1718730952.914361,41.0,22945.0
1718730953.0701115,100.0,22945.0
1718730953.2973125,99.0,22945.0
1718730953.5082014,100.0,22945.0
1718730953.7260015,100.0,22945.0
1718730953.8915946,100.0,22945.0
1718730954.120581,100.0,22945.0
1718730954.313129,30.0,22945.0
1718730954.4982483,100.0,22945.0
1718730954.6722567,97.0,22945.0
1718730954.8245497,100.0,22945.0
1718730954.9746544,100.0,22945.0
1718730955.1225357,100.0,22945.0
1718730955.2659986,100.0,22945.0
1718730955.411945,100.0,22945.0
1718730955.5627306,100.0,22945.0
1718730955.7127533,54.0,22945.0
1718730955.892703,79.0,22945.0
1718730956.0671642,99.0,22945.0
1718730956.2451804,100.0,22945.0
1718730956.4268482,100.0,22945.0
1718730956.6286047,100.0,22945.0
1718730956.8034213,100.0,22945.0
1718730956.9747791,100.0,22945.0
1718730957.134733,83.0,22945.0
1718730957.2988586,60.0,22945.0
1718730957.4832623,99.0,22945.0
1718730957.6864908,100.0,22945.0
1718730957.8747842,100.0,22945.0
1718730958.0613728,100.0,22945.0
1718730958.29873,100.0,22945.0
1718730958.4711645,100.0,22945.0
1718730958.710766,2.0,22945.0
1718730958.8911095,94.0,22945.0
1718730959.063956,94.0,22945.0
1718730959.246804,99.0,22945.0
1718730959.4225674,100.0,22945.0
1718730959.5934289,100.0,22945.0
1718730959.7432573,100.0,22945.0
1718730959.8939667,100.0,22945.0
1718730960.0450985,100.0,22945.0
1718730960.1950037,68.0,22945.0
1718730960.3475878,78.0,22945.0
1718730960.4960837,99.0,22945.0
1718730960.6655831,100.0,22945.0
1718730960.850037,100.0,22945.0
1718730961.021958,100.0,22945.0
1718730961.2064614,100.0,22945.0
1718730961.3803003,100.0,22945.0
1718730961.5717518,82.0,22945.0
1718730961.7385464,61.0,22945.0
1718730961.9072487,99.0,22945.0
1718730962.0667121,100.0,22945.0
1718730962.2342265,100.0,22945.0
1718730962.414764,100.0,22945.0
1718730962.5897768,100.0,22945.0
1718730962.7567635,100.0,22945.0
1718730962.9742024,99.0,22945.0
1718730963.2328045,15.0,22945.0
1718730963.4442253,100.0,22945.0
1718730963.6246412,100.0,22945.0
1718730963.8721979,100.0,22945.0
1718730964.025899,100.0,22945.0
1718730964.1983955,100.0,22945.0
1718730964.3697708,100.0,22945.0
1718730964.5194447,53.0,22945.0
1718730964.6718175,97.0,22945.0
1718730964.819536,97.0,22945.0
1718730964.9658043,99.0,22945.0
1718730965.114887,100.0,22945.0
1718730965.2659473,100.0,22945.0
1718730965.442231,100.0,22945.0
1718730965.6404874,100.0,22945.0
1718730965.8135903,100.0,22945.0
1718730965.9977925,62.0,22945.0
1718730966.1864796,56.0,22945.0
1718730966.3708155,99.0,22945.0
1718730966.5583634,100.0,22945.0
1718730966.7158506,100.0,22945.0
1718730966.8876538,100.0,22945.0
1718730967.0716298,100.0,22945.0
1718730967.2506552,100.0,22945.0
1718730967.420303,100.0,22945.0
1718730967.5809052,100.0,22945.0
1718730967.846252,99.0,22945.0
1718730968.0556388,100.0,22945.0
1718730968.2786143,100.0,22945.0
1718730968.479403,100.0,22945.0
1718730968.6644146,100.0,22945.0
1718730968.8243248,100.0,22945.0
1718730969.0330532,22.0,22945.0
1718730969.2058518,99.0,22945.0
1718730969.354796,99.0,22945.0
1718730969.5068064,100.0,22945.0
1718730969.6554232,100.0,22945.0
1718730969.8011198,100.0,22945.0
1718730969.9549482,100.0,22945.0
1718730970.105098,100.0,22945.0
1718730970.2562108,100.0,22945.0
1718730970.4453084,59.0,22945.0
1718730970.6401944,58.0,22945.0
1718730970.8159466,99.0,22945.0
1718730971.0055425,100.0,22945.0
1718730971.1937885,100.0,22945.0
1718730971.3507652,100.0,22945.0
1718730971.530046,100.0,22945.0
1718730971.691107,100.0,22945.0
1718730971.848847,100.0,22945.0
1718730972.0363312,41.0,22945.0
1718730972.2272365,100.0,22945.0
1718730972.3946953,99.0,22945.0
1718730972.6027114,100.0,22945.0
1718730972.8488936,100.0,22945.0
1718730973.087826,100.0,22945.0
1718730973.2756522,20.0,22945.0
1718730973.5177283,20.0,22945.0
1718730973.6782093,90.0,22945.0
1718730973.8671856,99.0,22945.0
1718730974.0376134,100.0,22945.0
1718730974.1925068,100.0,22945.0
1718730974.344007,100.0,22945.0
1718730974.4956489,100.0,22945.0
1718730974.643522,100.0,22945.0
1718730974.7950897,71.0,22945.0
1718730974.9463003,71.0,22945.0
1718730975.103836,81.0,22945.0
1718730975.2855055,99.0,22945.0
1718730975.4875014,100.0,22945.0
1718730975.6508367,100.0,22945.0
1718730975.8311694,100.0,22945.0
1718730976.032542,100.0,22945.0
1718730976.1928756,78.0,22945.0
1718730976.385959,40.0,22945.0
1718730976.564217,100.0,22945.0
1718730976.755607,99.0,22945.0
1718730976.9375098,100.0,22945.0
1718730977.1257179,100.0,22945.0
1718730977.2808704,100.0,22945.0
1718730977.5204291,100.0,22945.0
1718730977.739826,20.0,22945.0
1718730978.0219169,40.0,22945.0
1718730978.2600932,100.0,22945.0
1718730978.444384,99.0,22945.0
1718730978.625646,100.0,22945.0
1718730978.8033333,100.0,22945.0
1718730978.960757,100.0,22945.0
1718730979.1124554,100.0,22945.0
1718730979.2627463,100.0,22945.0
1718730979.4194646,36.0,22945.0
1718730979.5663111,36.0,22945.0
1718730979.7170868,100.0,22945.0
1718730979.8690214,99.0,22945.0
1718730980.0202508,100.0,22945.0
1718730980.2165759,100.0,22945.0
1718730980.3985639,100.0,22945.0
1718730980.61402,100.0,22945.0
1718730980.8074722,47.0,22945.0
1718730980.9963484,47.0,22945.0
1718730981.1597228,99.0,22945.0
1718730981.333726,100.0,22945.0
1718730981.5138354,100.0,22945.0
1718730981.7156928,100.0,22945.0
1718730981.9627457,100.0,22945.0
1718730982.2083833,65.0,22945.0
1718730982.4508817,66.0,22945.0
1718730982.6941576,99.0,22945.0
1718730982.9342752,100.0,22945.0
1718730983.1758397,100.0,22945.0
1718730983.3280714,100.0,22945.0
1718730983.53082,94.0,22945.0
1718730983.7167552,94.0,22945.0
1718730983.8759596,41.0,22945.0
1718730984.032586,100.0,22945.0
1718730984.1831887,99.0,22945.0
1718730984.3270004,99.0,22945.0
1718730984.4733663,100.0,22945.0
1718730984.6364436,100.0,22945.0
1718730984.7990363,100.0,22945.0
1718730984.9952176,100.0,22945.0
1718730985.2260299,27.0,22945.0
1718730985.413306,100.0,22945.0
1718730985.5927777,94.0,22945.0
1718730985.8183618,100.0,22945.0
1718730986.0171854,100.0,22945.0
1718730986.1744804,100.0,22945.0
1718730986.3581443,100.0,22945.0
1718730986.5405197,100.0,22945.0
1718730986.724107,56.0,22945.0
1718730986.9067593,56.0,22945.0
1718730987.0674765,99.0,22945.0
1718730987.2974968,100.0,22945.0
1718730987.5056021,100.0,22945.0
1718730987.7204075,100.0,22945.0
1718730987.888711,100.0,22945.0
1718730988.0938659,100.0,22945.0
1718730988.261928,30.0,22945.0
1718730988.4532442,100.0,22945.0
1718730988.619053,99.0,22945.0
1718730988.769032,100.0,22945.0
1718730988.92469,100.0,22945.0
1718730989.0749314,100.0,22945.0
1718730989.2215385,100.0,22945.0
1718730989.366133,100.0,22945.0
1718730989.51689,100.0,22945.0
1718730989.6823413,39.0,22945.0
1718730989.8375018,97.0,22945.0
1718730990.0210621,99.0,22945.0
1718730990.19923,100.0,22945.0
1718730990.3826206,100.0,22945.0
1718730990.5680642,100.0,22945.0
1718730990.7868834,100.0,22945.0
1718730990.9441273,100.0,22945.0
1718730991.105559,62.0,22945.0
1718730991.2902992,77.0,22945.0
1718730991.4884336,99.0,22945.0
1718730991.6633036,100.0,22945.0
1718730991.847356,100.0,22945.0
1718730992.0099094,100.0,22945.0
1718730992.248851,100.0,22945.0
1718730992.4815881,84.0,22945.0
1718730992.7282932,19.0,22945.0
1718730992.8875628,100.0,22945.0
1718730993.101119,99.0,22945.0
1718730993.2686992,100.0,22945.0
1718730993.4486072,100.0,22945.0
1718730993.6322212,100.0,22945.0
1718730993.7834394,100.0,22945.0
1718730993.939106,100.0,22945.0
1718730994.098782,46.0,22945.0
1718730994.243693,100.0,22945.0
1718730994.3881676,100.0,22945.0
1718730994.5408955,99.0,22945.0
1718730994.690717,100.0,22945.0
1718730994.856853,100.0,22945.0
1718730995.0313594,100.0,22945.0
1718730995.2144673,100.0,22945.0
1718730995.4069054,100.0,22945.0
1718730995.5929756,55.0,22945.0
1718730995.7602634,68.0,22945.0
1718730995.944017,98.0,22945.0
1718730996.1032982,100.0,22945.0
1718730996.2794464,100.0,22945.0
1718730996.4422874,100.0,22945.0
1718730996.6168892,100.0,22945.0
1718730996.8064253,90.0,22945.0
1718730996.9722703,39.0,22945.0
1718730997.21866,39.0,22945.0
1718730997.4138598,100.0,22945.0
1718730997.628303,100.0,22945.0
1718730997.795621,100.0,22945.0
1718730998.0044081,100.0,22945.0
1718730998.1751676,100.0,22945.0
1718730998.3592467,100.0,22945.0
1718730998.5418859,28.0,22945.0
1718730998.6923354,100.0,22945.0
1718730998.847357,99.0,22945.0
1718730998.99825,99.0,22945.0
1718730999.1428936,100.0,22945.0
1718730999.287764,100.0,22945.0
1718730999.4384966,100.0,22945.0
1718730999.5897255,100.0,22945.0
1718730999.7699013,100.0,22945.0
1718730999.9766157,53.0,22945.0
1718731000.147122,67.0,22945.0
1718731000.3457398,99.0,22945.0
1718731000.52406,100.0,22945.0
1718731000.713404,100.0,22945.0
1718731000.8854914,100.0,22945.0
1718731001.0500588,100.0,22945.0
1718731001.2219079,100.0,22945.0
1718731001.4460926,36.0,22945.0
1718731001.6697345,36.0,22945.0
1718731001.8455586,100.0,22945.0
1718731002.0335264,100.0,22945.0
1718731002.2743006,100.0,22945.0
1718731002.4477253,100.0,22945.0
1718731002.6831603,100.0,22945.0
1718731002.9421697,28.0,22945.0
1718731003.1540754,85.0,22945.0
1718731003.3518326,98.0,22945.0
1718731003.534879,100.0,22945.0
1718731003.6859925,100.0,22945.0
1718731003.8365366,100.0,22945.0
1718731003.9863772,100.0,22945.0
1718731004.1317186,100.0,22945.0
1718731004.287764,76.0,22945.0
1718731004.4514003,76.0,22945.0
1718731004.606153,67.0,22945.0
1718731004.788042,98.0,22945.0
1718731004.9711764,100.0,22945.0
1718731005.1341276,100.0,22945.0
1718731005.3193228,100.0,22945.0
1718731005.523526,100.0,22945.0
1718731005.6861072,100.0,22945.0
1718731005.895016,28.0,22945.0
1718731006.0608492,100.0,22945.0
1718731006.2192695,100.0,22945.0
1718731006.4101412,100.0,22945.0
1718731006.5943453,100.0,22945.0
1718731006.788041,100.0,22945.0
1718731007.0147493,100.0,22945.0
1718731007.2459638,34.0,22945.0
1718731007.4932163,68.0,22945.0
1718731007.6656806,99.0,22945.0
1718731007.8903604,100.0,22945.0
1718731008.0513527,100.0,22945.0
1718731008.2350273,100.0,22945.0
1718731008.4057205,100.0,22945.0
1718731008.5575323,100.0,22945.0
1718731008.705954,92.0,22945.0
1718731008.8578615,92.0,22945.0
1718731009.0082543,54.0,22945.0
1718731009.1570563,99.0,22945.0
1718731009.3069532,99.0,22945.0
1718731009.4587412,100.0,22945.0
1718731009.6633623,100.0,22945.0
1718731009.8469179,100.0,22945.0
1718731010.021968,100.0,22945.0
1718731010.209729,100.0,22945.0
1718731010.4034445,18.0,22945.0
1718731010.5697532,100.0,22945.0
1718731010.7399502,90.0,22945.0
1718731010.9080873,100.0,22945.0
1718731011.1078563,100.0,22945.0
1718731011.2741985,100.0,22945.0
1718731011.4568417,100.0,22945.0
1718731011.6168823,59.0,22945.0
1718731011.852702,53.0,22945.0
1718731012.0969121,96.0,22945.0
1718731012.3053806,86.0,22945.0
1718731012.4680586,100.0,22945.0
1718731012.6748807,100.0,22945.0
1718731012.8397186,100.0,22945.0
1718731013.0158463,100.0,22945.0
1718731013.1969135,100.0,22945.0
1718731013.3693953,40.0,22945.0
1718731013.526546,100.0,22945.0
1718731013.6745472,100.0,22945.0
1718731013.8194444,99.0,22945.0
1718731013.9674165,100.0,22945.0
1718731014.1186008,100.0,22945.0
1718731014.2719643,100.0,22945.0
1718731014.4571476,100.0,22945.0
1718731014.6495934,100.0,22945.0
1718731014.834671,44.0,22945.0
1718731015.0281634,72.0,22945.0
1718731015.212474,99.0,22945.0
1718731015.404284,100.0,22945.0
1718731015.5670886,100.0,22945.0
1718731015.7441154,100.0,22945.0
1718731015.9452934,100.0,22945.0
1718731016.112839,91.0,22945.0
1718731016.3002985,37.0,22945.0
1718731016.4783263,100.0,22945.0
1718731016.715703,99.0,22945.0
1718731016.9215517,100.0,22945.0
1718731017.1502686,100.0,22945.0
1718731017.324165,100.0,22945.0
1718731017.5289683,100.0,22945.0
1718731017.7029634,45.0,22945.0
1718731017.89648,45.0,22945.0
1718731018.0752459,100.0,22945.0
1718731018.2234745,99.0,22945.0
1718731018.3762372,100.0,22945.0
1718731018.5245051,100.0,22945.0
1718731018.667959,100.0,22945.0
1718731018.810828,100.0,22945.0
1718731018.9609723,100.0,22945.0
1718731019.113333,100.0,22945.0
1718731019.2866325,100.0,22945.0
1718731019.455477,100.0,22945.0
1718731019.640999,99.0,22945.0
1718731019.825988,100.0,22945.0
1718731020.0254602,100.0,22945.0
1718731020.189248,100.0,22945.0
1718731020.3717875,100.0,22945.0
1718731020.526084,59.0,22945.0
1718731020.7099981,69.0,22945.0
1718731020.8797724,98.0,22945.0
1718731021.0678415,98.0,22945.0
1718731021.246917,100.0,22945.0
1718731021.4007423,100.0,22945.0
1718731021.626967,100.0,22945.0
1718731021.8490052,100.0,22945.0
1718731022.0540059,93.0,22945.0
1718731022.2420151,22.0,22945.0
1718731022.4564037,100.0,22945.0
1718731022.6148787,99.0,22945.0
1718731022.7972062,100.0,22945.0
1718731022.9820216,100.0,22945.0
1718731023.138763,100.0,22945.0
1718731023.2891178,100.0,22945.0
1718731023.4383068,100.0,22945.0
1718731023.5863304,100.0,22945.0
1718731023.7320974,41.0,22945.0
1718731023.8848586,100.0,22945.0
1718731024.0387707,99.0,22945.0
1718731024.2347484,100.0,22945.0
1718731024.4083219,100.0,22945.0
1718731024.5980918,100.0,22945.0
1718731024.7699158,100.0,22945.0
1718731024.9597447,100.0,22945.0
1718731025.1347203,72.0,22945.0
1718731025.3042524,72.0,22945.0
1718731025.4638345,93.0,22945.0
1718731025.6384308,100.0,22945.0
1718731025.8112342,100.0,22945.0
1718731026.0126264,100.0,22945.0
1718731026.1928153,100.0,22945.0
1718731026.4526706,1.0,22945.0
1718731026.7191994,99.0,22945.0
1718731026.9623573,99.0,22945.0
1718731027.1335437,100.0,22945.0
1718731027.3370862,100.0,22945.0
1718731027.4988263,100.0,22945.0
1718731027.6855946,100.0,22945.0
1718731027.8537035,100.0,22945.0
1718731028.0033636,100.0,22945.0
1718731028.1545618,58.0,22945.0
1718731028.3041434,94.0,22945.0
1718731028.4505563,99.0,22945.0
1718731028.6020157,99.0,22945.0
1718731028.7530668,100.0,22945.0
1718731028.9049962,100.0,22945.0
1718731029.0997293,100.0,22945.0
1718731029.2807412,100.0,22945.0
1718731029.4562883,66.0,22945.0
1718731029.6476219,63.0,22945.0
1718731029.8475716,99.0,22945.0
1718731030.0037422,100.0,22945.0
1718731030.1772592,100.0,22945.0
1718731030.3383856,100.0,22945.0
1718731030.5097134,100.0,22945.0
1718731030.6858702,100.0,22945.0
1718731030.875448,98.0,22945.0
1718731031.0485153,32.0,22945.0
1718731031.2440262,100.0,22945.0
1718731031.4617443,99.0,22945.0
1718731031.6854372,100.0,22945.0
1718731031.9000285,100.0,22945.0
1718731032.122445,100.0,22945.0
1718731032.3243554,100.0,22945.0
1718731032.5678434,26.0,22945.0
1718731032.7398047,89.0,22945.0
1718731032.8895597,99.0,22945.0
1718731033.0459025,100.0,22945.0
1718731033.1936238,100.0,22945.0
1718731033.3370883,100.0,22945.0
1718731033.4813225,100.0,22945.0
1718731033.6310937,100.0,22945.0
1718731033.7873104,71.0,22945.0
1718731033.9823556,52.0,22945.0
1718731034.1819944,98.0,22945.0
1718731034.3429537,98.0,22945.0
1718731034.5141714,100.0,22945.0
1718731034.7216465,100.0,22945.0
1718731034.884553,100.0,22945.0
1718731035.0658,100.0,22945.0
1718731035.2165146,100.0,22945.0
1718731035.379541,36.0,22945.0
1718731035.5652397,36.0,22945.0
1718731035.7518375,100.0,22945.0
1718731035.9343622,99.0,22945.0
1718731036.1309347,100.0,22945.0
1718731036.365614,100.0,22945.0
1718731036.5924895,100.0,22945.0
1718731036.8099303,33.0,22945.0
1718731037.073614,79.0,22945.0
1718731037.2535686,99.0,22945.0
1718731037.43267,100.0,22945.0
1718731037.6235478,100.0,22945.0
1718731037.7784796,100.0,22945.0
1718731037.9287243,100.0,22945.0
1718731038.076972,100.0,22945.0
1718731038.2250779,80.0,22945.0
1718731038.3945925,64.0,22945.0
1718731038.5432127,64.0,22945.0
1718731038.700783,99.0,22945.0
1718731038.875849,100.0,22945.0
1718731039.0570786,100.0,22945.0
1718731039.2335315,100.0,22945.0
1718731039.4113264,100.0,22945.0
1718731039.6224794,96.0,22945.0
1718731039.7842803,96.0,22945.0
1718731039.9618845,35.0,22945.0
1718731040.1307762,100.0,22945.0
1718731040.3180797,99.0,22945.0
1718731040.492121,100.0,22945.0
1718731040.675231,100.0,22945.0
1718731040.8369477,100.0,22945.0
1718731041.1060698,100.0,22945.0
1718731041.3190277,29.0,22945.0
1718731041.5778847,100.0,22945.0
1718731041.7932994,100.0,22945.0
1718731041.963197,100.0,22945.0
1718731042.133521,100.0,22945.0
1718731042.3132045,100.0,22945.0
1718731042.4855046,100.0,22945.0
1718731042.6383598,56.0,22945.0
1718731042.8020737,56.0,22945.0
1718731042.9530203,80.0,22945.0
1718731043.0959132,99.0,22945.0
1718731043.2426133,100.0,22945.0
1718731043.3920352,100.0,22945.0
1718731043.5423987,100.0,22945.0
1718731043.7182243,100.0,22945.0
1718731043.8947806,100.0,22945.0
1718731044.0988913,82.0,22945.0
1718731044.2920537,38.0,22945.0
1718731044.5019543,100.0,22945.0
1718731044.6581414,99.0,22945.0
1718731044.833626,99.0,22945.0
1718731045.0061264,100.0,22945.0
1718731045.2027373,100.0,22945.0
1718731045.3744888,100.0,22945.0
1718731045.5598323,100.0,22945.0
1718731045.7209158,32.0,22945.0
1718731045.974101,100.0,22945.0
1718731046.2228332,95.0,22945.0
1718731046.4497058,100.0,22945.0
1718731046.6290898,100.0,22945.0
1718731046.8408394,100.0,22945.0
1718731047.011942,57.0,22945.0
1718731047.2094803,63.0,22945.0
1718731047.3981414,63.0,22945.0
1718731047.5480123,99.0,22945.0
1718731047.7007303,100.0,22945.0
1718731047.849,100.0,22945.0
1718731047.9927151,100.0,22945.0
1718731048.1362283,100.0,22945.0
1718731048.284867,100.0,22945.0
1718731048.4436996,98.0,22945.0
1718731048.6701646,39.0,22945.0
1718731048.847578,100.0,22945.0
1718731049.0238106,100.0,22945.0
1718731049.2062778,99.0,22945.0
1718731049.3997068,100.0,22945.0
1718731049.5592515,100.0,22945.0
1718731049.732554,100.0,22945.0
1718731049.8892815,100.0,22945.0
1718731050.0579615,100.0,22945.0
1718731050.243534,42.0,22945.0
1718731050.434864,100.0,22945.0
1718731050.6142051,98.0,22945.0
1718731050.7969236,100.0,22945.0
1718731051.0621285,100.0,22945.0
1718731051.2518327,100.0,22945.0
1718731051.4817781,41.0,22945.0
1718731051.749878,52.0,22945.0
1718731051.9282708,99.0,22945.0
1718731052.1059256,100.0,22945.0
1718731052.279836,100.0,22945.0
1718731052.4380856,100.0,22945.0
1718731052.5880938,100.0,22945.0
1718731052.7368207,100.0,22945.0
1718731052.882965,100.0,22945.0
1718731053.0345793,100.0,22945.0
1718731053.1877468,52.0,22945.0
1718731053.3427918,100.0,22945.0
1718731053.5130491,99.0,22945.0
1718731053.7033298,100.0,22945.0
1718731053.8653772,100.0,22945.0
1718731054.0482585,100.0,22945.0
1718731054.235379,100.0,22945.0
1718731054.3926404,100.0,22945.0
1718731054.5795166,33.0,22945.0
1718731054.7395658,100.0,22945.0
1718731054.911108,100.0,22945.0
1718731055.0800986,98.0,22945.0
1718731055.2516115,100.0,22945.0
1718731055.421786,100.0,22945.0
1718731055.5927916,100.0,22945.0
1718731055.8140993,100.0,22945.0
1718731056.0215626,53.0,22945.0
1718731056.2613432,98.0,22945.0
1718731056.464452,100.0,22945.0
1718731056.633045,100.0,22945.0
1718731056.8097124,100.0,22945.0
1718731056.9877489,100.0,22945.0
1718731057.1755228,100.0,22945.0
1718731057.3263652,100.0,22945.0
1718731057.4758213,100.0,22945.0
1718731057.6256711,48.0,22945.0
1718731057.7707539,100.0,22945.0
1718731057.9227202,99.0,22945.0
1718731058.0712543,100.0,22945.0
1718731058.2847805,100.0,22945.0
1718731058.4766057,100.0,22945.0
1718731058.6504793,100.0,22945.0
1718731058.8380523,100.0,22945.0
1718731059.0573232,21.0,22945.0
1718731059.2140698,87.0,22945.0
1718731059.3880963,99.0,22945.0
1718731059.546792,99.0,22945.0
1718731059.714862,100.0,22945.0
1718731059.8957238,100.0,22945.0
1718731060.0768747,100.0,22945.0
1718731060.2706587,74.0,22945.0
1718731060.5447867,32.0,22945.0
1718731060.7833762,100.0,22945.0
1718731061.0251958,99.0,22945.0
1718731061.2058065,100.0,22945.0
1718731061.416242,100.0,22945.0
1718731061.572529,100.0,22945.0
1718731061.7331583,100.0,22945.0
1718731061.9076118,27.0,22945.0
1718731062.0998275,27.0,22945.0
1718731062.2481616,90.0,22945.0
1718731062.4053984,95.0,22945.0
1718731062.554934,100.0,22945.0
1718731062.697032,100.0,22945.0
1718731062.8434741,100.0,22945.0
1718731062.9956026,100.0,22945.0
1718731063.1455443,100.0,22945.0
1718731063.314244,100.0,22945.0
1718731063.5015004,72.0,22945.0
1718731063.6735954,58.0,22945.0
1718731063.8520386,99.0,22945.0
1718731064.0153751,100.0,22945.0
1718731064.2412612,100.0,22945.0
1718731064.4104056,100.0,22945.0
1718731064.5762498,100.0,22945.0
1718731064.7460644,100.0,22945.0
1718731064.9690375,31.0,22945.0
1718731065.160268,100.0,22945.0
1718731065.3310814,98.0,22945.0
1718731065.489114,100.0,22945.0
1718731065.7347693,100.0,22945.0
1718731065.9404259,100.0,22945.0
1718731066.1645448,100.0,22945.0
1718731066.350196,35.0,22945.0
1718731066.5763593,55.0,22945.0
1718731066.7420256,99.0,22945.0
1718731066.9102855,99.0,22945.0
1718731067.0931451,100.0,22945.0
1718731067.2502475,100.0,22945.0
1718731067.4006708,100.0,22945.0
1718731067.5533328,100.0,22945.0
1718731067.7034416,100.0,22945.0
1718731067.8551319,100.0,22945.0
1718731068.0106304,47.0,22945.0
1718731068.1623178,47.0,22945.0
1718731068.3403702,100.0,22945.0
1718731068.5298681,93.0,22945.0
1718731068.7001565,100.0,22945.0
1718731068.88272,100.0,22945.0
1718731069.1073694,100.0,22945.0
1718731069.269558,100.0,22945.0
1718731069.449182,29.0,22945.0
1718731069.6323647,100.0,22945.0
1718731069.7953515,98.0,22945.0
1718731069.9728804,100.0,22945.0
1718731070.153057,100.0,22945.0
1718731070.3213224,100.0,22945.0
1718731070.5490928,100.0,22945.0
1718731070.8080146,55.0,22945.0
1718731071.0698454,33.0,22945.0
1718731071.2343965,100.0,22945.0
1718731071.4398372,99.0,22945.0
1718731071.609212,100.0,22945.0
1718731071.7971582,100.0,22945.0
1718731071.9811912,100.0,22945.0
1718731072.1310458,100.0,22945.0
1718731072.2882528,100.0,22945.0
1718731072.4432578,43.0,22945.0
1718731072.5910683,43.0,22945.0
1718731072.7403429,100.0,22945.0
1718731072.8904288,99.0,22945.0
1718731073.0420327,100.0,22945.0
1718731073.2278497,100.0,22945.0
1718731073.3962247,100.0,22945.0
1718731073.5761077,100.0,22945.0
1718731073.7658236,100.0,22945.0
1718731073.973727,46.0,22945.0
1718731074.138531,99.0,22945.0
1718731074.3219628,99.0,22945.0
1718731074.4873614,100.0,22945.0
1718731074.6496816,100.0,22945.0
1718731074.825078,100.0,22945.0
1718731074.9944122,100.0,22945.0
1718731075.1712139,84.0,22945.0
1718731075.3877094,28.0,22945.0
1718731075.6457214,100.0,22945.0
1718731075.8820643,99.0,22945.0
1718731076.0753562,100.0,22945.0
1718731076.32533,100.0,22945.0
1718731076.486913,100.0,22945.0
1718731076.677866,100.0,22945.0
1718731076.8406198,36.0,22945.0
1718731077.0183985,36.0,22945.0
1718731077.1663814,100.0,22945.0
1718731077.3201995,99.0,22945.0
1718731077.472085,100.0,22945.0
1718731077.6200192,100.0,22945.0
1718731077.775792,100.0,22945.0
1718731077.9271584,100.0,22945.0
1718731078.1028008,100.0,22945.0
1718731078.2782285,57.0,22945.0
1718731078.4636111,76.0,22945.0
1718731078.6464531,99.0,22945.0
1718731078.8180485,100.0,22945.0
1718731079.0181105,100.0,22945.0
1718731079.2017334,100.0,22945.0
1718731079.3682704,100.0,22945.0
1718731079.5327284,100.0,22945.0
1718731079.6968346,86.0,22945.0
1718731079.9013112,45.0,22945.0
1718731080.075721,100.0,22945.0
1718731080.2442896,99.0,22945.0
1718731080.481291,100.0,22945.0
1718731080.6935055,100.0,22945.0
1718731080.9140344,100.0,22945.0
1718731081.1350284,100.0,22945.0
1718731081.3340178,24.0,22945.0
1718731081.4981074,100.0,22945.0
1718731081.693398,89.0,22945.0
1718731081.863257,100.0,22945.0
1718731082.0117517,100.0,22945.0
1718731082.1638293,100.0,22945.0
1718731082.3148494,100.0,22945.0
1718731082.4613025,100.0,22945.0
1718731082.6186054,100.0,22945.0
1718731082.7747073,62.0,22945.0
1718731082.9624224,82.0,22945.0
1718731083.1345437,99.0,22945.0
1718731083.3251295,100.0,22945.0
1718731083.4920192,100.0,22945.0
1718731083.6781883,100.0,22945.0
1718731083.9042196,100.0,22945.0
1718731084.091887,79.0,22945.0
1718731084.257116,55.0,22945.0
1718731084.4408906,99.0,22945.0
1718731084.6118484,100.0,22945.0
1718731084.7911317,100.0,22945.0
1718731084.9659114,100.0,22945.0
1718731085.1765354,100.0,22945.0
1718731085.397434,100.0,22945.0
1718731085.5922916,100.0,22945.0
1718731085.7893927,7.0,22945.0
1718731086.0076163,97.0,22945.0
1718731086.1755333,98.0,22945.0
1718731086.3405259,100.0,22945.0
1718731086.522721,100.0,22945.0
1718731086.7068954,100.0,22945.0
1718731086.8564026,100.0,22945.0
1718731087.008325,100.0,22945.0
1718731087.1604629,64.0,22945.0
1718731087.307609,80.0,22945.0
1718731087.4542403,99.0,22945.0
1718731087.6039536,100.0,22945.0
1718731087.759844,100.0,22945.0
1718731087.94485,100.0,22945.0
1718731088.133617,100.0,22945.0
1718731088.30981,100.0,22945.0
1718731088.5012424,80.0,22945.0
1718731088.712567,44.0,22945.0
1718731088.8713408,100.0,22945.0
1718731089.044625,99.0,22945.0
1718731089.220902,100.0,22945.0
1718731089.4224007,100.0,22945.0
1718731089.6200883,100.0,22945.0
1718731089.805344,100.0,22945.0
1718731089.9881146,17.0,22945.0
1718731090.269698,62.0,22945.0
1718731090.465769,99.0,22945.0
1718731090.6694384,100.0,22945.0
1718731090.8730717,100.0,22945.0
1718731091.0299501,100.0,22945.0
1718731091.1995692,100.0,22945.0
1718731091.377105,100.0,22945.0
1718731091.5518317,99.0,22945.0
1718731091.7062428,49.0,22945.0
1718731091.856968,49.0,22945.0
1718731092.0070815,100.0,22945.0
1718731092.1529317,96.0,22945.0
1718731092.2973716,100.0,22945.0
1718731092.4476247,100.0,22945.0
1718731092.5971498,100.0,22945.0
1718731092.7482715,100.0,22945.0
1718731092.926199,100.0,22945.0
1718731093.1423342,17.0,22945.0
1718731093.328188,100.0,22945.0
1718731093.508323,98.0,22945.0
1718731093.7137952,100.0,22945.0
1718731093.9022055,100.0,22945.0
1718731094.0724337,100.0,22945.0
1718731094.2452488,100.0,22945.0
1718731094.4184012,100.0,22945.0
1718731094.5967903,61.0,22945.0
1718731094.770591,57.0,22945.0
1718731094.9380713,99.0,22945.0
1718731095.17598,100.0,22945.0
1718731095.357184,100.0,22945.0
1718731095.5766904,100.0,22945.0
1718731095.7373004,100.0,22945.0
1718731095.9445305,100.0,22945.0
1718731096.1224957,26.0,22945.0
1718731096.3081312,26.0,22945.0
1718731096.48989,98.0,22945.0
1718731096.6397865,98.0,22945.0
1718731096.7956593,100.0,22945.0
1718731096.943769,100.0,22945.0
1718731097.087985,100.0,22945.0
1718731097.2302413,100.0,22945.0
1718731097.3815715,100.0,22945.0
1718731097.5346346,42.0,22945.0
1718731097.725402,98.0,22945.0
1718731097.898831,99.0,22945.0
1718731098.0828702,100.0,22945.0
1718731098.2580833,100.0,22945.0
1718731098.4482489,100.0,22945.0
1718731098.6075382,100.0,22945.0
1718731098.7930982,100.0,22945.0
1718731098.951658,60.0,22945.0
1718731099.1179254,87.0,22945.0
1718731099.3145473,99.0,22945.0
1718731099.5016003,100.0,22945.0
1718731099.6758468,100.0,22945.0
1718731099.8624444,100.0,22945.0
1718731100.1030571,100.0,22945.0
1718731100.276478,100.0,22945.0
1718731100.4948254,37.0,22945.0
1718731100.7053993,100.0,22945.0
1718731100.874642,98.0,22945.0
1718731101.0544963,100.0,22945.0
1718731101.230402,100.0,22945.0
1718731101.4054232,100.0,22945.0
1718731101.5554545,100.0,22945.0
1718731101.7058127,100.0,22945.0
1718731101.8562326,100.0,22945.0
1718731102.0145395,47.0,22945.0
1718731102.164679,100.0,22945.0
1718731102.314992,94.0,22945.0
1718731102.465704,94.0,22945.0
1718731102.6340714,100.0,22945.0
1718731102.818715,100.0,22945.0
1718731102.9853327,100.0,22945.0
1718731103.1654372,100.0,22945.0
1718731103.3720698,42.0,22945.0
1718731103.531699,97.0,22945.0
1718731103.71676,99.0,22945.0
1718731103.8856156,99.0,22945.0
1718731104.046468,100.0,22945.0
1718731104.2176476,100.0,22945.0
1718731104.405159,100.0,22945.0
1718731104.5805674,100.0,22945.0
1718731104.7833996,63.0,22945.0
1718731105.0511973,40.0,22945.0
1718731105.298502,100.0,22945.0
1718731105.4655535,94.0,22945.0
1718731105.6769466,100.0,22945.0
1718731105.8780615,100.0,22945.0
1718731106.0544467,100.0,22945.0
1718731106.2277427,100.0,22945.0
1718731106.3830013,45.0,22945.0
1718731106.5335667,100.0,22945.0
1718731106.6829722,100.0,22945.0
1718731106.8310502,99.0,22945.0
1718731106.9813774,100.0,22945.0
1718731107.1315503,100.0,22945.0
1718731107.2795913,100.0,22945.0
1718731107.4505699,100.0,22945.0
1718731107.639425,100.0,22945.0
1718731107.8233495,41.0,22945.0
1718731108.0008843,72.0,22945.0
1718731108.2308407,98.0,22945.0
1718731108.4009907,100.0,22945.0
1718731108.565969,100.0,22945.0
1718731108.728114,100.0,22945.0
1718731108.924209,100.0,22945.0
1718731109.0882168,100.0,22945.0
1718731109.262559,93.0,22945.0
1718731109.4278855,100.0,22945.0
1718731109.677849,100.0,22945.0
1718731109.9031708,100.0,22945.0
1718731110.1118226,100.0,22945.0
1718731110.2865372,100.0,22945.0
1718731110.493511,100.0,22945.0
1718731110.667708,100.0,22945.0
1718731110.8632255,32.0,22945.0
1718731111.0350149,93.0,22945.0
1718731111.187937,99.0,22945.0
1718731111.344491,100.0,22945.0
1718731111.4994001,100.0,22945.0
1718731111.6526902,100.0,22945.0
1718731111.8038256,100.0,22945.0
1718731111.9602807,100.0,22945.0
1718731112.116614,100.0,22945.0
1718731112.2968745,66.0,22945.0
1718731112.4812434,50.0,22945.0
1718731112.66422,99.0,22945.0
1718731112.8426456,100.0,22945.0
1718731113.0308685,100.0,22945.0
1718731113.1898456,100.0,22945.0
1718731113.3687198,100.0,22945.0
1718731113.5491238,100.0,22945.0
1718731113.715502,100.0,22945.0
1718731113.8894124,48.0,22945.0
1718731114.0746758,100.0,22945.0
1718731114.2563925,99.0,22945.0
1718731114.4350252,100.0,22945.0
1718731114.6316533,100.0,22945.0
1718731114.845528,100.0,22945.0
1718731115.03971,100.0,22945.0
1718731115.272607,24.0,22945.0
1718731115.4905949,81.0,22945.0
1718731115.6779625,99.0,22945.0
1718731115.859852,100.0,22945.0
1718731116.0333748,100.0,22945.0
1718731116.19196,100.0,22945.0
1718731116.3407185,100.0,22945.0
1718731116.4912424,100.0,22945.0
1718731116.640559,81.0,22945.0
1718731116.7883258,71.0,22945.0
1718731116.9392931,71.0,22945.0
1718731117.0903685,99.0,22945.0
1718731117.3057127,100.0,22945.0
1718731117.4863453,100.0,22945.0
1718731117.6643615,100.0,22945.0
1718731117.8461113,100.0,22945.0
1718731118.035236,89.0,22945.0
1718731118.2115865,45.0,22945.0
1718731118.3811567,45.0,22945.0
1718731118.539157,100.0,22945.0
1718731118.7182877,96.0,22945.0
1718731118.8869772,100.0,22945.0
1718731119.0753207,100.0,22945.0
1718731119.246242,100.0,22945.0
1718731119.4190607,100.0,22945.0
1718731119.6863441,17.0,22945.0
1718731119.8836343,98.0,22945.0
1718731120.1248586,100.0,22945.0
1718731120.338975,100.0,22945.0
1718731120.5319064,100.0,22945.0
1718731120.7129798,100.0,22945.0
1718731120.8857908,100.0,22945.0
1718731121.0406182,79.0,22945.0
1718731121.1950383,58.0,22945.0
1718731121.3458815,58.0,22945.0
1718731121.494526,99.0,22945.0
1718731121.641467,100.0,22945.0
1718731121.7910488,100.0,22945.0
1718731121.9414277,100.0,22945.0
1718731122.15397,100.0,22945.0
1718731122.32834,100.0,22945.0
1718731122.4992468,100.0,22945.0
1718731122.670478,29.0,22945.0
1718731122.850051,100.0,22945.0
1718731123.0104508,100.0,22945.0
1718731123.1785533,93.0,22945.0
1718731123.3300557,100.0,22945.0
1718731123.4968753,100.0,22945.0
1718731123.6630075,100.0,22945.0
1718731123.8652766,100.0,22945.0
1718731124.0347433,40.0,22945.0
1718731124.2421448,97.0,22945.0
1718731124.4911246,99.0,22945.0
1718731124.6809626,100.0,22945.0
1718731124.8975565,100.0,22945.0
1718731125.112507,100.0,22945.0
1718731125.3041394,100.0,22945.0
1718731125.4751794,64.0,22945.0
1718731125.656209,59.0,22945.0
1718731125.8254592,99.0,22945.0
1718731125.9743495,99.0,22945.0
1718731126.1286917,100.0,22945.0
1718731126.27977,100.0,22945.0
1718731126.425622,100.0,22945.0
1718731126.5764704,100.0,22945.0
1718731126.726331,100.0,22945.0
1718731126.8928688,100.0,22945.0
1718731127.0874984,21.0,22945.0
1718731127.2630339,100.0,22945.0
1718731127.462635,97.0,22945.0
1718731127.6419911,100.0,22945.0
1718731127.8401973,100.0,22945.0
1718731128.0205343,100.0,22945.0
1718731128.1855965,100.0,22945.0
1718731128.3566864,100.0,22945.0
1718731128.5511985,43.0,22945.0
1718731128.7612329,94.0,22945.0
1718731129.003755,100.0,22945.0
1718731129.19688,100.0,22945.0
1718731129.4436455,100.0,22945.0
1718731129.627754,100.0,22945.0
1718731129.8677356,92.0,22945.0
1718731130.0822608,24.0,22945.0
1718731130.2603498,100.0,22945.0
1718731130.450285,98.0,22945.0
1718731130.6048374,98.0,22945.0
1718731130.7545195,100.0,22945.0
1718731130.904451,100.0,22945.0
1718731131.0545633,100.0,22945.0
1718731131.2025733,100.0,22945.0
1718731131.352501,100.0,22945.0
1718731131.5227845,44.0,22945.0
1718731131.7176363,100.0,22945.0
1718731131.907104,98.0,22945.0
1718731132.0856035,100.0,22945.0
1718731132.2579064,100.0,22945.0
1718731132.4443831,100.0,22945.0
1718731132.6054757,100.0,22945.0
1718731132.7858002,100.0,22945.0
1718731132.9408627,59.0,22945.0
1718731133.1142325,72.0,22945.0
1718731133.2878425,99.0,22945.0
1718731133.4796872,100.0,22945.0
1718731133.6546345,100.0,22945.0
1718731133.8424592,100.0,22945.0
1718731134.066394,100.0,22945.0
1718731134.257102,89.0,22945.0
1718731134.4664721,16.0,22945.0
1718731134.709081,100.0,22945.0
1718731134.8762617,98.0,22945.0
1718731135.0397305,100.0,22945.0
1718731135.2213569,100.0,22945.0
1718731135.4072688,100.0,22945.0
1718731135.5577462,100.0,22945.0
1718731135.7099817,100.0,22945.0
1718731135.8591535,100.0,22945.0
1718731136.0056677,51.0,22945.0
1718731136.1510723,98.0,22945.0
1718731136.3016493,97.0,22945.0
1718731136.4518354,97.0,22945.0
1718731136.6399941,100.0,22945.0
1718731136.8173258,100.0,22945.0
1718731137.0081754,100.0,22945.0
1718731137.179238,100.0,22945.0
1718731137.3584552,60.0,22945.0
1718731137.5543454,46.0,22945.0
1718731137.7356887,100.0,22945.0
1718731137.8963368,99.0,22945.0
1718731138.0586696,100.0,22945.0
1718731138.2336783,100.0,22945.0
1718731138.4028316,100.0,22945.0
1718731138.5878386,100.0,22945.0
1718731138.750469,100.0,22945.0
1718731138.9961252,14.0,22945.0
1718731139.2093751,96.0,22945.0
1718731139.436644,96.0,22945.0
1718731139.6268318,100.0,22945.0
1718731139.8129919,100.0,22945.0
1718731139.9817688,100.0,22945.0
1718731140.1637433,100.0,22945.0
1718731140.3447974,91.0,22945.0
1718731140.5080707,48.0,22945.0
1718731140.6586637,48.0,22945.0
1718731140.8081846,100.0,22945.0
1718731140.958223,99.0,22945.0
1718731141.1083364,99.0,22945.0
1718731141.2559476,100.0,22945.0
1718731141.4219725,100.0,22945.0
1718731141.60972,100.0,22945.0
1718731141.787816,100.0,22945.0
1718731141.9806645,15.0,22945.0
1718731142.1647732,95.0,22945.0
1718731142.3522272,99.0,22945.0
1718731142.5480773,100.0,22945.0
1718731142.7083893,100.0,22945.0
1718731142.8906093,100.0,22945.0
1718731143.057342,100.0,22945.0
1718731143.2986462,66.0,22945.0
1718731143.5733192,16.0,22945.0
1718731143.8017535,100.0,22945.0
1718731144.0386915,99.0,22945.0
1718731144.205808,100.0,22945.0
1718731144.4567673,100.0,22945.0
1718731144.631835,100.0,22945.0
1718731144.809302,100.0,22945.0
1718731145.0070975,45.0,22945.0
1718731145.1598182,76.0,22945.0
1718731145.310732,76.0,22945.0
1718731145.4605966,99.0,22945.0
1718731145.605757,100.0,22945.0
1718731145.7478251,100.0,22945.0
1718731145.8975363,100.0,22945.0
1718731146.0485277,100.0,22945.0
1718731146.1997561,100.0,22945.0
1718731146.3843274,85.0,22945.0
1718731146.57645,39.0,22945.0
1718731146.7545567,100.0,22945.0
1718731146.9341269,99.0,22945.0
1718731147.1283038,99.0,22945.0
1718731147.2846901,100.0,22945.0
1718731147.4613028,100.0,22945.0
1718731147.6186233,100.0,22945.0
1718731147.7799518,100.0,22945.0
1718731147.974945,32.0,22945.0
1718731148.149882,100.0,22945.0
1718731148.3324792,99.0,22945.0
1718731148.509343,100.0,22945.0
1718731148.7560658,100.0,22945.0
1718731148.950871,100.0,22945.0
1718731149.173864,100.0,22945.0
1718731149.385927,54.0,22945.0
1718731149.5745158,63.0,22945.0
1718731149.7326362,99.0,22945.0
1718731149.9044836,99.0,22945.0
1718731150.0727131,100.0,22945.0
1718731150.2217534,100.0,22945.0
1718731150.3765032,100.0,22945.0
1718731150.5250218,100.0,22945.0
1718731150.672482,100.0,22945.0
1718731150.8234541,95.0,22945.0
1718731150.9730222,57.0,22945.0
1718731151.1289518,57.0,22945.0
1718731151.316209,99.0,22945.0
1718731151.4969869,100.0,22945.0
1718731151.6698544,100.0,22945.0
1718731151.8528116,100.0,22945.0
1718731152.0395763,100.0,22945.0
1718731152.1982439,100.0,22945.0
1718731152.389443,35.0,22945.0
1718731152.562838,100.0,22945.0
1718731152.7555919,97.0,22945.0
1718731152.9201705,100.0,22945.0
1718731153.110687,100.0,22945.0
1718731153.2698212,100.0,22945.0
1718731153.5072234,100.0,22945.0
1718731153.742148,31.0,22945.0
1718731153.9880521,65.0,22945.0
1718731154.181406,99.0,22945.0
1718731154.377055,100.0,22945.0
1718731154.5279508,100.0,22945.0
1718731154.7196825,100.0,22945.0
1718731154.8961923,100.0,22945.0
1718731155.0467155,100.0,22945.0
1718731155.1967394,97.0,22945.0
1718731155.3553338,97.0,22945.0
1718731155.5039632,49.0,22945.0
1718731155.6543853,100.0,22945.0
1718731155.8060389,99.0,22945.0
1718731155.9559639,100.0,22945.0
1718731156.1486714,100.0,22945.0
1718731156.333786,100.0,22945.0
1718731156.5131247,100.0,22945.0
1718731156.6883266,18.0,22945.0
1718731156.8927386,18.0,22945.0
1718731157.077483,100.0,22945.0
1718731157.2363267,99.0,22945.0
1718731157.3979743,100.0,22945.0
1718731157.5873015,100.0,22945.0
1718731157.7594013,100.0,22945.0
1718731157.9384563,100.0,22945.0
1718731158.0979545,56.0,22945.0
1718731158.3546684,28.0,22945.0
1718731158.5638318,100.0,22945.0
1718731158.7797732,100.0,22945.0
1718731158.935688,100.0,22945.0
1718731159.1608531,100.0,22945.0
1718731159.352053,100.0,22945.0
1718731159.539002,100.0,22945.0
1718731159.7241626,100.0,22945.0
1718731159.8801289,46.0,22945.0
1718731160.0355513,100.0,22945.0
1718731160.1893976,96.0,22945.0
1718731160.3354158,96.0,22945.0
1718731160.486227,100.0,22945.0
1718731160.6369994,100.0,22945.0
1718731160.8063774,100.0,22945.0
1718731160.9920685,100.0,22945.0
1718731161.1792867,51.0,22945.0
1718731161.3790927,68.0,22945.0
1718731161.551841,99.0,22945.0
1718731161.7488854,100.0,22945.0
1718731161.9171803,100.0,22945.0
1718731162.0788434,100.0,22945.0
1718731162.272365,100.0,22945.0
1718731162.4550025,100.0,22945.0
1718731162.6220014,93.0,22945.0
1718731162.790763,34.0,22945.0
1718731162.94969,100.0,22945.0
1718731163.1776502,99.0,22945.0
1718731163.4279747,100.0,22945.0
1718731163.6365933,100.0,22945.0
1718731163.827185,100.0,22945.0
1718731164.054629,100.0,22945.0
1718731164.22743,34.0,22945.0
1718731164.4169817,100.0,22945.0
1718731164.5994763,99.0,22945.0
1718731164.752742,99.0,22945.0
1718731164.9028423,100.0,22945.0
1718731165.0519197,100.0,22945.0
1718731165.2002552,100.0,22945.0
1718731165.3499062,100.0,22945.0
1718731165.500466,100.0,22945.0
1718731165.6524515,55.0,22945.0
1718731165.8443532,83.0,22945.0
1718731166.0390732,99.0,22945.0
1718731166.2213285,100.0,22945.0
1718731166.39029,100.0,22945.0
1718731166.5974562,100.0,22945.0
1718731166.7589376,100.0,22945.0
1718731166.9358485,100.0,22945.0
1718731167.1011236,80.0,22945.0
1718731167.2692747,54.0,22945.0
1718731167.4336066,96.0,22945.0
1718731167.6109686,100.0,22945.0
1718731167.7815363,100.0,22945.0
1718731168.0283856,100.0,22945.0
1718731168.274108,100.0,22945.0
1718731168.5220537,11.0,22945.0
1718731168.8329327,89.0,22945.0
1718731169.0197196,99.0,22945.0
1718731169.1873784,100.0,22945.0
1718731169.3488514,100.0,22945.0
1718731169.523774,100.0,22945.0
1718731169.672717,100.0,22945.0
1718731169.8293183,100.0,22945.0
1718731169.9778535,100.0,22945.0
1718731170.1278322,71.0,22945.0
1718731170.278596,73.0,22945.0
1718731170.4295108,99.0,22945.0
1718731170.6277726,100.0,22945.0
1718731170.8021803,100.0,22945.0
1718731170.9890132,100.0,22945.0
1718731171.1606185,100.0,22945.0
1718731171.3413987,100.0,22945.0
1718731171.5038352,90.0,22945.0
1718731171.703235,49.0,22945.0
1718731171.8652148,100.0,22945.0
1718731172.0345228,99.0,22945.0
1718731172.2294993,100.0,22945.0
1718731172.4191606,100.0,22945.0
1718731172.6113915,100.0,22945.0
1718731172.7819004,100.0,22945.0
1718731173.0003736,100.0,22945.0
1718731173.2214205,96.0,22945.0
1718731173.4365573,99.0,22945.0
1718731173.6413062,100.0,22945.0
1718731173.8418572,100.0,22945.0
1718731174.007488,100.0,22945.0
1718731174.1830556,100.0,22945.0
1718731174.3505592,100.0,22945.0
1718731174.4994016,64.0,22945.0
1718731174.6521802,82.0,22945.0
1718731174.8009574,82.0,22945.0
1718731174.9460132,99.0,22945.0
1718731175.0895884,100.0,22945.0
1718731175.2390406,100.0,22945.0
1718731175.3887281,100.0,22945.0
1718731175.5653603,100.0,22945.0
1718731175.7574203,100.0,22945.0
1718731175.931828,81.0,22945.0
1718731176.107299,64.0,22945.0
1718731176.3010406,99.0,22945.0
1718731176.4715807,100.0,22945.0
1718731176.647685,100.0,22945.0
1718731176.805232,100.0,22945.0
1718731176.9785016,100.0,22945.0
1718731177.1436825,100.0,22945.0
1718731177.3372698,98.0,22945.0
1718731177.5419803,30.0,22945.0
1718731177.7357259,100.0,22945.0
1718731178.0141425,100.0,22945.0
1718731178.2537088,100.0,22945.0
1718731178.459423,100.0,22945.0
1718731178.6663582,100.0,22945.0
1718731178.8547413,100.0,22945.0
1718731179.0430071,100.0,22945.0
1718731179.2213168,100.0,22945.0
1718731179.3760746,99.0,22945.0
1718731179.536884,100.0,22945.0
1718731179.6950543,100.0,22945.0
1718731179.8429298,100.0,22945.0
1718731180.0027277,100.0,22945.0
1718731180.16432,100.0,22945.0
1718731180.341495,51.0,22945.0
1718731180.5158503,80.0,22945.0
1718731180.7063365,99.0,22945.0
1718731180.888517,100.0,22945.0
1718731181.0861068,100.0,22945.0
1718731181.2735403,100.0,22945.0
1718731181.447244,100.0,22945.0
1718731181.6060827,100.0,22945.0
1718731181.7650385,83.0,22945.0
1718731181.9442291,60.0,22945.0
1718731182.1377747,99.0,22945.0
1718731182.3090317,100.0,22945.0
1718731182.4643116,100.0,22945.0
1718731182.6936593,100.0,22945.0
1718731182.9127462,100.0,22945.0
1718731183.13249,100.0,22945.0
1718731183.319232,36.0,22945.0
1718731183.5320325,100.0,22945.0
1718731183.6928272,99.0,22945.0
1718731183.8957815,100.0,22945.0
1718731184.0654569,100.0,22945.0
1718731184.2167845,100.0,22945.0
1718731184.3714366,100.0,22945.0
1718731184.5207694,100.0,22945.0
1718731184.6655867,100.0,22945.0
1718731184.8180969,46.0,22945.0
1718731184.9669058,100.0,22945.0
1718731185.1694884,99.0,22945.0
1718731185.35736,100.0,22945.0
1718731185.5402079,100.0,22945.0
1718731185.7219527,100.0,22945.0
1718731185.9339402,100.0,22945.0
1718731186.0948787,44.0,22945.0
1718731186.2689233,44.0,22945.0
1718731186.426062,87.0,22945.0
1718731186.5895348,99.0,22945.0
1718731186.7840602,100.0,22945.0
1718731186.9704242,100.0,22945.0
1718731187.1524448,100.0,22945.0
1718731187.3158355,100.0,22945.0
1718731187.5661068,76.0,22945.0
1718731187.7640474,36.0,22945.0
1718731187.9867523,100.0,22945.0
1718731188.1775177,99.0,22945.0
1718731188.3680067,100.0,22945.0
1718731188.5260684,100.0,22945.0
1718731188.7082753,100.0,22945.0
1718731188.877187,100.0,22945.0
1718731189.0345566,100.0,22945.0
1718731189.2006962,36.0,22945.0
1718731189.3480804,100.0,22945.0
1718731189.4938247,100.0,22945.0
1718731189.636825,99.0,22945.0
1718731189.7869396,100.0,22945.0
1718731189.9379592,100.0,22945.0
1718731190.1361473,100.0,22945.0
1718731190.3291843,100.0,22945.0
1718731190.5054848,50.0,22945.0
1718731190.6995776,50.0,22945.0
1718731190.8802712,65.0,22945.0
1718731191.0425067,99.0,22945.0
1718731191.227258,100.0,22945.0
1718731191.389891,100.0,22945.0
1718731191.5571933,100.0,22945.0
1718731191.7309325,100.0,22945.0
1718731191.9089167,100.0,22945.0
1718731192.095541,49.0,22945.0
1718731192.2600722,100.0,22945.0
1718731192.5119932,98.0,22945.0
1718731192.7057471,100.0,22945.0
1718731192.9434204,100.0,22945.0
1718731193.1606424,100.0,22945.0
1718731193.3362572,100.0,22945.0
1718731193.4972067,15.0,22945.0
1718731193.6874242,15.0,22945.0
1718731193.8512743,99.0,22945.0
1718731194.0000618,99.0,22945.0
1718731194.1525881,100.0,22945.0
1718731194.3015018,100.0,22945.0
1718731194.4482973,100.0,22945.0
1718731194.5980442,100.0,22945.0
1718731194.7488945,100.0,22945.0
1718731194.9320226,61.0,22945.0
1718731195.1380894,62.0,22945.0
1718731195.3151817,62.0,22945.0
1718731195.4906592,100.0,22945.0
1718731195.7371693,100.0,22945.0
1718731195.9051852,100.0,22945.0
1718731196.076693,100.0,22945.0
1718731196.2626395,100.0,22945.0
1718731196.4538755,100.0,22945.0
1718731196.6425416,32.0,22945.0
1718731196.8284268,100.0,22945.0
1718731196.991239,100.0,22945.0
1718731197.2645595,100.0,22945.0
1718731197.4510155,100.0,22945.0
1718731197.6787477,100.0,22945.0
1718731197.9063895,30.0,22945.0
1718731198.0803916,30.0,22945.0
1718731198.2503967,93.0,22945.0
1718731198.4285586,91.0,22945.0
1718731198.609262,100.0,22945.0
1718731198.7587426,100.0,22945.0
1718731198.908874,100.0,22945.0
1718731199.059375,100.0,22945.0
1718731199.205421,100.0,22945.0
1718731199.3552098,76.0,22945.0
1718731199.5144892,76.0,22945.0
1718731199.668076,68.0,22945.0
1718731199.8517597,99.0,22945.0
1718731200.0378501,100.0,22945.0
1718731200.2140937,100.0,22945.0
1718731200.385099,100.0,22945.0
1718731200.5990047,100.0,22945.0
1718731200.7693913,94.0,22945.0
1718731200.9458334,94.0,22945.0
1718731201.1281958,45.0,22945.0
1718731201.3272266,98.0,22945.0
1718731201.508192,100.0,22945.0
1718731201.6861312,100.0,22945.0
1718731201.8408663,100.0,22945.0
1718731202.0874338,100.0,22945.0
1718731202.2930586,19.0,22945.0
1718731202.5346928,89.0,22945.0
1718731202.7249348,99.0,22945.0
1718731202.927797,99.0,22945.0
1718731203.0849109,100.0,22945.0
1718731203.2773964,100.0,22945.0
1718731203.4493506,100.0,22945.0
1718731203.6002872,100.0,22945.0
1718731203.7511046,100.0,22945.0
1718731203.9108875,71.0,22945.0
1718731204.0601337,76.0,22945.0
1718731204.2050757,99.0,22945.0
1718731204.3544407,99.0,22945.0
1718731204.503569,100.0,22945.0
1718731204.697044,100.0,22945.0
1718731204.8755808,100.0,22945.0
1718731205.0506957,100.0,22945.0
1718731205.248522,86.0,22945.0
1718731205.4724967,48.0,22945.0
1718731205.627531,100.0,22945.0
1718731205.7855935,99.0,22945.0
1718731205.959828,100.0,22945.0
1718731206.123381,100.0,22945.0
1718731206.3224409,100.0,22945.0
1718731206.4889147,100.0,22945.0
1718731206.6749084,100.0,22945.0
1718731206.8334231,32.0,22945.0
1718731207.0488229,100.0,22945.0
1718731207.2723186,99.0,22945.0
1718731207.5016608,100.0,22945.0
1718731207.6737063,100.0,22945.0
1718731207.888399,100.0,22945.0
1718731208.070913,100.0,22945.0
1718731208.243657,42.0,22945.0
1718731208.4307692,89.0,22945.0
1718731208.583351,89.0,22945.0
1718731208.733445,99.0,22945.0
1718731208.8827362,100.0,22945.0
1718731209.0307338,100.0,22945.0
1718731209.175536,100.0,22945.0
1718731209.3243673,100.0,22945.0
1718731209.4738004,100.0,22945.0
1718731209.6632245,72.0,22945.0
1718731209.8345413,72.0,22945.0
1718731210.0060074,99.0,22945.0
1718731210.1993067,99.0,22945.0
1718731210.3956156,100.0,22945.0
1718731210.5693586,100.0,22945.0
1718731210.753518,100.0,22945.0
1718731210.9174342,100.0,22945.0
1718731211.0852275,89.0,22945.0
1718731211.2885313,23.0,22945.0
1718731211.4621437,100.0,22945.0
1718731211.616441,99.0,22945.0
1718731211.7911782,100.0,22945.0
1718731211.9770837,100.0,22945.0
1718731212.2304366,100.0,22945.0
1718731212.4183526,100.0,22945.0
1718731212.6621919,41.0,22945.0
1718731212.8977876,99.0,22945.0
1718731213.0873957,86.0,22945.0
1718731213.2693214,100.0,22945.0
1718731213.4481044,100.0,22945.0
1718731213.599737,100.0,22945.0
1718731213.7513447,100.0,22945.0
1718731213.9005942,100.0,22945.0
1718731214.0456748,100.0,22945.0
1718731214.1990204,76.0,22945.0
1718731214.3503852,67.0,22945.0
1718731214.500316,99.0,22945.0
1718731214.6736963,100.0,22945.0
1718731214.8593428,100.0,22945.0
1718731215.0430617,100.0,22945.0
1718731215.2568886,100.0,22945.0
1718731215.4464092,93.0,22945.0
1718731215.626123,42.0,22945.0
1718731215.802127,100.0,22945.0
1718731215.970519,100.0,22945.0
1718731216.1381574,99.0,22945.0
1718731216.305582,100.0,22945.0
1718731216.4920194,100.0,22945.0
1718731216.6582286,100.0,22945.0
1718731216.8163757,100.0,22945.0
1718731217.0873125,24.0,22945.0
1718731217.2901757,100.0,22945.0
1718731217.5212731,98.0,22945.0
1718731217.738767,100.0,22945.0
1718731217.9047318,100.0,22945.0
1718731218.0760918,100.0,22945.0
1718731218.2593853,100.0,22945.0
1718731218.433172,100.0,22945.0
1718731218.5925453,59.0,22945.0
1718731218.7491944,82.0,22945.0
1718731218.8985054,99.0,22945.0
1718731219.0449371,100.0,22945.0
1718731219.1969879,100.0,22945.0
1718731219.3461204,100.0,22945.0
1718731219.5207584,100.0,22945.0
1718731219.7138407,100.0,22945.0
1718731219.889959,81.0,22945.0
1718731220.0778747,41.0,22945.0
1718731220.2470737,100.0,22945.0
1718731220.4569418,94.0,22945.0
1718731220.6274981,100.0,22945.0
1718731220.8078384,100.0,22945.0
1718731220.9816048,100.0,22945.0
1718731221.1474135,100.0,22945.0
1718731221.3150785,100.0,22945.0
1718731221.499456,26.0,22945.0
1718731221.6681876,100.0,22945.0
1718731221.9261677,99.0,22945.0
1718731222.1352563,100.0,22945.0
1718731222.3697615,100.0,22945.0
1718731222.553405,100.0,22945.0
1718731222.7611413,100.0,22945.0
1718731222.930354,62.0,22945.0
1718731223.105879,73.0,22945.0
1718731223.297063,99.0,22945.0
1718731223.4478226,99.0,22945.0
1718731223.598875,100.0,22945.0
1718731223.7492416,100.0,22945.0
1718731223.896372,100.0,22945.0
1718731224.0422747,100.0,22945.0
1718731224.1936762,100.0,22945.0
1718731224.3444717,86.0,22945.0
1718731224.540111,64.0,22945.0
1718731224.71257,99.0,22945.0
1718731224.886778,100.0,22945.0
1718731225.0575938,100.0,22945.0
1718731225.2379818,100.0,22945.0
1718731225.4352703,100.0,22945.0
1718731225.6096282,100.0,22945.0
1718731225.7804923,95.0,22945.0
1718731225.9505363,56.0,22945.0
1718731226.1330345,99.0,22945.0
1718731226.331399,100.0,22945.0
1718731226.5149262,100.0,22945.0
1718731226.7092252,100.0,22945.0
1718731226.9461656,100.0,22945.0
1718731227.1340985,100.0,22945.0
1718731227.3989208,8.0,22945.0
1718731227.6160908,100.0,22945.0
1718731227.784123,93.0,22945.0
1718731227.9627352,100.0,22945.0
1718731228.1397352,100.0,22945.0
1718731228.2955534,100.0,22945.0
1718731228.4445517,100.0,22945.0
1718731228.597365,100.0,22945.0
1718731228.7449152,68.0,22945.0
1718731228.8968918,82.0,22945.0
1718731229.049591,82.0,22945.0
1718731229.2034035,99.0,22945.0
1718731229.3863246,100.0,22945.0
1718731229.5765786,100.0,22945.0
1718731229.7537398,100.0,22945.0
1718731229.9408638,100.0,22945.0
1718731230.14403,79.0,22945.0
1718731230.3078291,63.0,22945.0
1718731230.473598,63.0,22945.0
1718731230.6312206,99.0,22945.0
1718731230.7920566,100.0,22945.0
1718731230.974273,100.0,22945.0
1718731231.1510563,100.0,22945.0
1718731231.3313613,100.0,22945.0
1718731231.580467,98.0,22945.0
1718731231.8455443,100.0,22945.0
1718731232.0959656,99.0,22945.0
1718731232.282969,99.0,22945.0
1718731232.4861808,100.0,22945.0
1718731232.6486392,100.0,22945.0
1718731232.8344657,100.0,22945.0
1718731233.0056992,100.0,22945.0
1718731233.1570013,51.0,22945.0
1718731233.305469,92.0,22945.0
1718731233.4554167,92.0,22945.0
1718731233.6066737,99.0,22945.0
1718731233.7524524,100.0,22945.0
1718731233.9028354,100.0,22945.0
1718731234.0517027,100.0,22945.0
1718731234.2172384,100.0,22945.0
1718731234.3982556,100.0,22945.0
1718731234.5849533,71.0,22945.0
1718731234.758744,73.0,22945.0
1718731234.9469829,99.0,22945.0
1718731235.1336558,100.0,22945.0
1718731235.3015397,100.0,22945.0
1718731235.468205,100.0,22945.0
1718731235.6587172,100.0,22945.0
1718731235.8336086,100.0,22945.0
1718731236.013604,89.0,22945.0
1718731236.2043893,39.0,22945.0
1718731236.3597658,100.0,22945.0
1718731236.601369,99.0,22945.0
1718731236.81535,100.0,22945.0
1718731237.0422714,100.0,22945.0
1718731237.195506,100.0,22945.0
1718731237.3975112,100.0,22945.0
1718731237.5915918,26.0,22945.0
1718731237.787367,100.0,22945.0
1718731237.9692485,98.0,22945.0
1718731238.1186645,100.0,22945.0
1718731238.268326,100.0,22945.0
1718731238.418462,100.0,22945.0
1718731238.5625675,100.0,22945.0
1718731238.7091973,100.0,22945.0
1718731238.8600025,100.0,22945.0
1718731239.010626,58.0,22945.0
1718731239.2207057,79.0,22945.0
1718731239.406401,99.0,22945.0
1718731239.5839925,100.0,22945.0
1718731239.751831,100.0,22945.0
1718731239.9354746,100.0,22945.0
1718731240.0974607,100.0,22945.0
1718731240.2819984,100.0,22945.0
1718731240.4462745,83.0,22945.0
1718731240.6108153,44.0,22945.0
1718731240.7923932,100.0,22945.0
1718731240.978223,99.0,22945.0
1718731241.1555543,100.0,22945.0
1718731241.4082093,100.0,22945.0
1718731241.6289475,100.0,22945.0
1718731241.8732042,100.0,22945.0
1718731242.0626278,100.0,22945.0
1718731242.2806704,100.0,22945.0
1718731242.4402366,99.0,22945.0
1718731242.628748,100.0,22945.0
1718731242.8004704,100.0,22945.0
1718731242.9520323,100.0,22945.0
1718731243.1026165,100.0,22945.0
1718731243.2516294,100.0,22945.0
1718731243.3955686,58.0,22945.0
1718731243.541903,92.0,22945.0
1718731243.6922789,92.0,22945.0
1718731243.8415961,99.0,22945.0
1718731244.0217323,100.0,22945.0
1718731244.1989758,100.0,22945.0
1718731244.3811104,100.0,22945.0
1718731244.579617,100.0,22945.0
1718731244.750097,69.0,22945.0
1718731244.939553,51.0,22945.0
1718731245.135639,51.0,22945.0
1718731245.2956462,98.0,22945.0
1718731245.4613485,98.0,22945.0
1718731245.6384277,100.0,22945.0
1718731245.827956,100.0,22945.0
1718731246.0134726,100.0,22945.0
1718731246.2223196,100.0,22945.0
1718731246.4779518,61.0,22945.0
1718731246.7149396,98.0,22945.0
1718731246.9197314,100.0,22945.0
1718731247.1745956,100.0,22945.0
1718731247.337306,100.0,22945.0
1718731247.5277216,100.0,22945.0
1718731247.7158337,100.0,22945.0
1718731247.8665895,100.0,22945.0
1718731248.0180013,52.0,22945.0
1718731248.1682007,52.0,22945.0
1718731248.314097,99.0,22945.0
1718731248.4604716,100.0,22945.0
1718731248.6107597,100.0,22945.0
1718731248.7612388,100.0,22945.0
1718731248.941115,100.0,22945.0
1718731249.1161573,100.0,22945.0
1718731249.2849858,100.0,22945.0
1718731249.4747555,26.0,22945.0
1718731249.6408145,100.0,22945.0
1718731249.8027716,99.0,22945.0
1718731249.9834154,99.0,22945.0
1718731250.1559815,100.0,22945.0
1718731250.3332036,100.0,22945.0
1718731250.5019693,100.0,22945.0
1718731250.6859045,100.0,22945.0
1718731250.8832083,43.0,22945.0
1718731251.0625322,84.0,22945.0
1718731251.2972999,98.0,22945.0
1718731251.469711,100.0,22945.0
1718731251.698239,100.0,22945.0
1718731251.912858,100.0,22945.0
1718731252.076353,100.0,22945.0
1718731252.2469418,76.0,22945.0
1718731252.442288,57.0,22945.0
1718731252.6313295,99.0,22945.0
1718731252.7830427,99.0,22945.0
1718731252.9342706,100.0,22945.0
1718731253.0838208,100.0,22945.0
1718731253.2293005,100.0,22945.0
1718731253.3785057,100.0,22945.0
1718731253.5280495,100.0,22945.0
1718731253.677886,100.0,22945.0
1718731253.8815894,5.0,22945.0
1718731254.0558507,98.0,22945.0
1718731254.2227778,96.0,22945.0
1718731254.3978531,100.0,22945.0
1718731254.6007707,100.0,22945.0
1718731254.7560825,100.0,22945.0
1718731254.9283085,100.0,22945.0
1718731255.0889893,100.0,22945.0
1718731255.259072,66.0,22945.0
1718731255.446157,72.0,22945.0
1718731255.6352634,99.0,22945.0
1718731255.8049672,100.0,22945.0
1718731256.0335178,100.0,22945.0
1718731256.29259,100.0,22945.0
1718731256.498853,100.0,22945.0
1718731256.6840038,89.0,22945.0
1718731256.8984067,17.0,22945.0
1718731257.0859795,100.0,22945.0
1718731257.2781904,99.0,22945.0
1718731257.4668307,100.0,22945.0
1718731257.6167812,100.0,22945.0
1718731257.7738519,100.0,22945.0
1718731257.922311,100.0,22945.0
1718731258.0688002,100.0,22945.0
1718731258.2198215,100.0,22945.0
1718731258.370364,48.0,22945.0
1718731258.5539987,100.0,22945.0
1718731258.727462,99.0,22945.0
1718731258.9204404,100.0,22945.0
1718731259.1065867,100.0,22945.0
1718731259.2844837,100.0,22945.0
1718731259.4582512,100.0,22945.0
1718731259.627784,58.0,22945.0
1718731259.8235567,65.0,22945.0
1718731259.9903667,99.0,22945.0
1718731260.1722722,100.0,22945.0
1718731260.348765,100.0,22945.0
1718731260.5302718,100.0,22945.0
1718731260.6864586,100.0,22945.0
1718731260.927596,100.0,22945.0
1718731261.147629,9.0,22945.0
1718731261.4121902,100.0,22945.0
1718731261.617166,99.0,22945.0
1718731261.7847726,99.0,22945.0
1718731261.9555724,100.0,22945.0
1718731262.1366596,100.0,22945.0
1718731262.307388,100.0,22945.0
1718731262.4567502,100.0,22945.0
1718731262.6074522,100.0,22945.0
1718731262.7696688,52.0,22945.0
1718731262.9147854,90.0,22945.0
1718731263.0585444,90.0,22945.0
1718731263.211568,99.0,22945.0
1718731263.3597846,100.0,22945.0
1718731263.5227082,100.0,22945.0
1718731263.7067466,100.0,22945.0
1718731263.893109,100.0,22945.0
1718731264.0817056,71.0,22945.0
1718731264.263943,46.0,22945.0
1718731264.454534,100.0,22945.0
1718731264.608394,99.0,22945.0
1718731264.7839608,99.0,22945.0
1718731264.9389582,100.0,22945.0
1718731265.102822,100.0,22945.0
1718731265.2836514,100.0,22945.0
1718731265.4863765,100.0,22945.0
1718731265.6820848,35.0,22945.0
1718731265.9301558,100.0,22945.0
1718731266.1861584,100.0,22945.0
1718731266.4021928,100.0,22945.0
1718731266.6018283,100.0,22945.0
1718731266.8121004,100.0,22945.0
1718731266.9758224,100.0,22945.0
1718731267.1736546,42.0,22945.0
1718731267.3420568,80.0,22945.0
1718731267.4964902,99.0,22945.0
1718731267.6475763,99.0,22945.0
1718731267.7971942,100.0,22945.0
1718731267.943645,100.0,22945.0
1718731268.0937705,100.0,22945.0
1718731268.2442422,100.0,22945.0
1718731268.393745,100.0,22945.0
1718731268.5710204,82.0,22945.0
1718731268.7442005,32.0,22945.0
1718731268.9084818,100.0,22945.0
1718731269.087383,99.0,22945.0
1718731269.2623124,100.0,22945.0
1718731269.4340832,100.0,22945.0
1718731269.604743,100.0,22945.0
1718731269.7710416,100.0,22945.0
1718731269.9481966,100.0,22945.0
1718731270.1384559,27.0,22945.0
1718731270.3205855,96.0,22945.0
1718731270.4968145,99.0,22945.0
