timestamp,gpu_util,gpu_mem
1719844952.3716688,0.0,4.0
1719844952.505615,0.0,4.0
1719844952.6390953,0.0,4.0
1719844952.7752385,0.0,21.0
1719844952.9199588,0.0,655.0
1719844953.0569708,8.0,839.0
1719844953.193447,8.0,841.0
1719844953.3249898,4.0,841.0
1719844953.463806,0.0,841.0
1719844953.6036735,0.0,841.0
1719844953.7472086,0.0,841.0
1719844953.8764236,0.0,841.0
1719844954.0053399,0.0,841.0
1719844954.1344833,0.0,841.0
1719844954.2623086,0.0,841.0
1719844954.3898513,0.0,841.0
1719844954.517403,0.0,841.0
1719844954.6484272,0.0,841.0
1719844954.7775471,0.0,841.0
1719844954.9065685,0.0,841.0
1719844955.0348873,0.0,841.0
1719844955.1653678,0.0,841.0
1719844955.2919705,0.0,841.0
1719844955.419936,0.0,841.0
1719844955.5481813,0.0,841.0
1719844955.6762056,0.0,841.0
1719844955.802687,0.0,841.0
1719844955.9311671,0.0,841.0
1719844956.05793,0.0,841.0
1719844956.186412,0.0,841.0
1719844956.3141515,0.0,841.0
1719844956.440792,0.0,841.0
1719844956.569022,0.0,841.0
1719844956.698148,0.0,841.0
1719844956.8276577,0.0,841.0
1719844956.9544125,0.0,841.0
1719844957.0812862,0.0,841.0
1719844957.2079065,0.0,841.0
1719844957.3373113,0.0,841.0
1719844957.4640422,0.0,841.0
1719844957.5935402,0.0,841.0
1719844957.7237256,0.0,841.0
1719844957.850706,0.0,841.0
1719844957.977185,0.0,841.0
1719844958.105457,0.0,841.0
1719844958.2338707,0.0,841.0
1719844958.3635535,0.0,841.0
1719844958.4918342,0.0,841.0
1719844958.619022,0.0,841.0
1719844958.748263,0.0,841.0
1719844958.8755503,0.0,841.0
1719844959.0020235,0.0,841.0
1719844959.1285386,0.0,841.0
1719844959.2553816,0.0,841.0
1719844959.3834891,0.0,841.0
1719844959.510252,0.0,841.0
1719844959.6366906,0.0,841.0
1719844959.7647998,0.0,841.0
1719844959.8913562,0.0,841.0
1719844960.0187936,0.0,841.0
1719844960.1473293,0.0,841.0
1719844960.2739584,0.0,841.0
1719844960.4010127,0.0,841.0
1719844960.5280619,0.0,841.0
1719844960.6573918,0.0,841.0
1719844960.7854958,0.0,841.0
1719844960.9119594,0.0,841.0
1719844961.0384696,0.0,841.0
1719844961.1652715,0.0,841.0
1719844961.2932723,0.0,841.0
1719844961.4212453,0.0,841.0
1719844961.5477777,0.0,841.0
1719844961.6752024,0.0,841.0
1719844961.8031948,0.0,841.0
1719844961.9324722,0.0,841.0
1719844962.0588927,0.0,841.0
1719844962.1853554,0.0,841.0
1719844962.3118007,0.0,841.0
1719844962.4402063,0.0,841.0
1719844962.5679512,0.0,841.0
1719844962.6961598,0.0,841.0
1719844962.824618,0.0,841.0
1719844962.95309,0.0,841.0
1719844963.0808003,0.0,841.0
1719844963.2071884,0.0,841.0
1719844963.3341882,0.0,841.0
1719844963.461117,0.0,841.0
1719844963.5890322,0.0,841.0
1719844963.7156,0.0,841.0
1719844963.8421054,0.0,841.0
1719844963.9686766,0.0,841.0
1719844964.0956957,0.0,841.0
1719844964.223011,0.0,841.0
1719844964.3532505,0.0,841.0
1719844964.4805121,0.0,841.0
1719844964.6079023,0.0,841.0
1719844964.7375548,0.0,841.0
1719844964.8666117,0.0,841.0
1719844964.9954338,0.0,841.0
1719844965.1221063,0.0,841.0
1719844965.2500846,0.0,841.0
1719844965.3784614,0.0,841.0
1719844965.507159,0.0,841.0
1719844965.6337323,0.0,841.0
1719844965.7620797,0.0,841.0
1719844965.8910406,0.0,841.0
1719844966.017861,0.0,841.0
1719844966.144564,0.0,841.0
1719844966.2720592,0.0,841.0
1719844966.400256,0.0,841.0
1719844966.5282292,0.0,841.0
1719844966.6576333,0.0,841.0
1719844966.7844388,0.0,841.0
1719844966.9121172,0.0,841.0
1719844967.0394838,0.0,841.0
1719844967.1663027,0.0,841.0
1719844967.2932968,0.0,841.0
1719844967.4212723,0.0,841.0
1719844967.5491397,0.0,841.0
1719844967.6775143,0.0,841.0
1719844967.8046,0.0,841.0
1719844967.931305,0.0,841.0
1719844968.0581658,0.0,841.0
1719844968.1864989,0.0,841.0
1719844968.3133066,0.0,841.0
1719844968.4411678,0.0,841.0
1719844968.5680263,0.0,841.0
1719844968.6976268,0.0,841.0
1719844968.8272247,0.0,841.0
1719844968.9541466,0.0,841.0
1719844969.0810564,0.0,841.0
1719844969.207944,0.0,841.0
1719844969.3357055,0.0,841.0
1719844969.4626737,0.0,841.0
1719844969.5895112,0.0,841.0
1719844969.7176702,0.0,841.0
1719844969.845349,0.0,841.0
1719844969.974123,0.0,841.0
1719844970.1009073,0.0,841.0
1719844970.228015,0.0,841.0
1719844970.3551912,0.0,841.0
1719844970.4827483,0.0,841.0
1719844970.6101754,0.0,841.0
1719844970.7371023,0.0,841.0
1719844970.864033,0.0,841.0
1719844970.9910128,0.0,841.0
1719844971.1189384,0.0,841.0
1719844971.2465105,0.0,841.0
1719844971.3734431,0.0,841.0
1719844971.500302,0.0,841.0
1719844971.6270516,0.0,841.0
1719844971.7560563,0.0,841.0
1719844971.8831587,0.0,841.0
1719844972.0098338,0.0,841.0
1719844972.1364708,0.0,841.0
1719844972.2633333,0.0,841.0
1719844972.391904,0.0,841.0
1719844972.518813,0.0,841.0
1719844972.645765,0.0,841.0
1719844972.773369,0.0,841.0
1719844972.9003327,0.0,841.0
1719844973.029907,0.0,841.0
1719844973.1567676,0.0,841.0
1719844973.2834115,0.0,841.0
1719844973.4102144,0.0,841.0
1719844973.537922,0.0,841.0
1719844973.665417,0.0,841.0
1719844973.7924054,0.0,841.0
1719844973.91936,0.0,841.0
1719844974.0462043,0.0,841.0
1719844974.1738553,0.0,841.0
1719844974.3025687,0.0,841.0
1719844974.4298322,0.0,841.0
1719844974.5567124,0.0,841.0
1719844974.6853337,0.0,841.0
1719844974.8139458,0.0,841.0
1719844974.940878,0.0,841.0
1719844975.0677059,0.0,841.0
1719844975.1947548,0.0,841.0
1719844975.3227112,0.0,841.0
1719844975.4515998,0.0,841.0
1719844975.578575,0.0,841.0
1719844975.7059412,0.0,841.0
1719844975.8337603,0.0,841.0
1719844975.9625351,0.0,841.0
1719844976.089337,0.0,841.0
1719844976.2162933,0.0,841.0
1719844976.3430612,0.0,841.0
1719844976.4712832,0.0,841.0
1719844976.6008966,0.0,841.0
1719844976.7288175,0.0,841.0
1719844976.855902,0.0,841.0
1719844976.9830167,0.0,841.0
1719844977.1115773,0.0,841.0
1719844977.2386222,0.0,841.0
1719844977.3656473,0.0,841.0
1719844977.4928963,0.0,841.0
1719844977.6212447,0.0,841.0
1719844977.7490292,0.0,841.0
1719844977.8758624,0.0,841.0
1719844978.0027127,0.0,841.0
1719844978.1294866,0.0,841.0
1719844978.2571597,0.0,841.0
1719844978.3845112,0.0,841.0
1719844978.5113516,0.0,841.0
1719844978.6381898,0.0,841.0
1719844978.7676268,0.0,841.0
1719844978.895073,0.0,841.0
1719844979.0220628,0.0,841.0
1719844979.1488771,0.0,841.0
1719844979.2757032,0.0,841.0
1719844979.4036548,0.0,841.0
1719844979.5325487,0.0,841.0
1719844979.711407,0.0,841.0
1719844979.8397985,0.0,841.0
1719844979.96657,0.0,841.0
1719844980.0930803,0.0,841.0
1719844980.2199404,0.0,841.0
1719844980.3478467,0.0,841.0
1719844980.4765136,0.0,841.0
1719844980.6029718,0.0,841.0
1719844980.7318237,0.0,841.0
1719844980.8595908,0.0,841.0
1719844980.9874566,0.0,841.0
1719844981.1138518,0.0,841.0
1719844981.2404728,0.0,841.0
1719844981.3681877,0.0,841.0
1719844981.496638,0.0,841.0
1719844981.6257887,0.0,841.0
1719844981.752527,0.0,841.0
1719844981.8793328,0.0,841.0
1719844982.0062106,0.0,841.0
1719844982.13432,0.0,841.0
1719844982.262153,0.0,841.0
1719844982.390026,0.0,841.0
1719844982.5170763,0.0,841.0
1719844982.6456742,0.0,841.0
1719844982.7732377,0.0,841.0
1719844982.8999207,0.0,841.0
1719844983.02703,0.0,841.0
1719844983.1533031,0.0,841.0
1719844983.2806742,0.0,841.0
1719844983.4092402,0.0,841.0
1719844983.535711,0.0,841.0
1719844983.6626043,0.0,841.0
1719844983.7893944,0.0,841.0
1719844983.9169657,0.0,841.0
1719844984.0453725,0.0,841.0
1719844984.1721907,0.0,841.0
1719844984.298745,0.0,841.0
