timestamp,gpu_util,gpu_mem
1718653450.5567799,0.0,4.0
1718653450.6880794,0.0,4.0
1718653450.8211532,0.0,4.0
1718653450.9536872,0.0,21.0
1718653451.0960946,1.0,709.0
1718653451.248451,12.0,709.0
1718653451.3850572,12.0,709.0
1718653451.5198462,0.0,709.0
1718653451.654399,0.0,709.0
1718653451.7869632,0.0,709.0
1718653451.9172482,0.0,709.0
1718653452.0465894,0.0,709.0
1718653452.1753294,0.0,709.0
1718653452.3071518,0.0,709.0
1718653452.4382358,0.0,709.0
1718653452.5707936,0.0,709.0
1718653452.6983867,0.0,709.0
1718653452.8249319,0.0,709.0
1718653452.950908,0.0,709.0
1718653453.076906,0.0,709.0
1718653453.2056718,0.0,709.0
1718653453.3383706,0.0,709.0
1718653453.471901,0.0,709.0
1718653453.603432,0.0,709.0
1718653453.7317717,0.0,709.0
1718653453.8579752,0.0,709.0
1718653453.9913874,0.0,709.0
1718653454.1219673,0.0,709.0
1718653454.253452,0.0,709.0
1718653454.3818054,0.0,709.0
1718653454.5109775,0.0,709.0
1718653454.6407208,0.0,709.0
1718653454.768998,0.0,709.0
1718653454.9006221,0.0,709.0
1718653455.0334687,0.0,709.0
1718653455.1650684,0.0,709.0
1718653455.2984998,0.0,709.0
1718653455.4282231,0.0,709.0
1718653455.5589423,0.0,709.0
1718653455.6923728,0.0,709.0
1718653455.8274186,0.0,709.0
1718653455.9667168,0.0,709.0
1718653456.103721,0.0,709.0
1718653456.2422605,0.0,709.0
1718653456.3772633,0.0,709.0
1718653456.512886,0.0,709.0
1718653456.6482334,0.0,709.0
1718653456.7826302,0.0,709.0
1718653456.9148223,0.0,709.0
1718653457.048784,0.0,709.0
1718653457.1805353,0.0,709.0
1718653457.3157568,0.0,709.0
1718653457.4526036,0.0,709.0
1718653457.5865462,0.0,709.0
1718653457.7232096,0.0,709.0
1718653457.8557897,0.0,709.0
1718653457.989248,0.0,709.0
1718653458.1261773,0.0,709.0
1718653458.2609484,0.0,709.0
1718653458.3957722,0.0,709.0
1718653458.5308936,0.0,709.0
1718653458.6649525,0.0,709.0
1718653458.80127,0.0,709.0
1718653458.9339178,0.0,709.0
1718653459.0669072,0.0,709.0
1718653459.1990051,0.0,709.0
1718653459.3311067,0.0,709.0
1718653459.4632108,0.0,709.0
1718653459.5978017,0.0,709.0
1718653459.7324116,0.0,709.0
1718653459.8644457,0.0,709.0
1718653459.9969375,0.0,709.0
1718653460.131401,0.0,709.0
1718653460.2648592,0.0,709.0
1718653460.3969765,0.0,709.0
1718653460.5301971,0.0,709.0
1718653460.6608036,0.0,709.0
1718653460.7963495,0.0,709.0
1718653460.9287827,0.0,709.0
1718653461.0609915,0.0,709.0
1718653461.1923141,0.0,709.0
1718653461.324694,0.0,709.0
1718653461.459605,0.0,709.0
1718653461.5953963,0.0,709.0
1718653461.7302046,0.0,709.0
1718653461.8658369,0.0,709.0
1718653462.0005226,0.0,709.0
1718653462.1360123,0.0,709.0
1718653462.2709887,0.0,709.0
1718653462.406654,0.0,709.0
1718653462.5423489,0.0,709.0
1718653462.6771543,0.0,709.0
1718653462.8089764,0.0,709.0
1718653462.9420254,0.0,709.0
1718653463.0744653,0.0,709.0
1718653463.2084165,0.0,709.0
1718653463.3393807,0.0,709.0
1718653463.4733033,0.0,709.0
1718653463.6078448,0.0,709.0
1718653463.744319,0.0,709.0
1718653463.8791752,0.0,709.0
1718653464.0137553,0.0,709.0
1718653464.149475,0.0,709.0
1718653464.2849646,0.0,709.0
1718653464.4204552,0.0,709.0
1718653464.5556316,0.0,709.0
1718653464.6900935,0.0,709.0
1718653464.821812,0.0,709.0
1718653464.9545355,0.0,709.0
1718653465.0849125,0.0,709.0
1718653465.2162864,0.0,709.0
1718653465.3459713,0.0,709.0
1718653465.475724,0.0,709.0
1718653465.606295,0.0,709.0
1718653465.7355013,0.0,709.0
1718653465.8647778,0.0,709.0
1718653465.995478,0.0,709.0
1718653466.1240396,0.0,709.0
1718653466.2531645,0.0,709.0
1718653466.384398,0.0,709.0
1718653466.513411,0.0,709.0
1718653466.6424875,0.0,709.0
1718653466.7736008,0.0,709.0
1718653466.9054146,0.0,709.0
1718653467.0380826,0.0,709.0
1718653467.1699321,0.0,709.0
1718653467.3059995,0.0,709.0
1718653467.4400063,0.0,709.0
1718653467.5752501,0.0,709.0
1718653467.7078443,0.0,709.0
1718653467.8412888,0.0,709.0
1718653467.9739237,0.0,709.0
1718653468.1068301,0.0,709.0
1718653468.2402005,0.0,709.0
1718653468.3760395,0.0,709.0
1718653468.51208,0.0,709.0
1718653468.6467447,0.0,709.0
1718653468.782311,0.0,709.0
1718653468.9161844,0.0,709.0
1718653469.0513213,0.0,709.0
1718653469.186613,0.0,709.0
1718653469.3224647,0.0,709.0
1718653469.4595408,0.0,709.0
1718653469.5934997,0.0,709.0
1718653469.7280238,0.0,709.0
1718653469.8599877,0.0,709.0
1718653469.9947598,0.0,709.0
1718653470.1281705,0.0,709.0
1718653470.2611308,0.0,709.0
1718653470.3917656,0.0,709.0
1718653470.5236373,0.0,709.0
1718653470.6562352,0.0,709.0
1718653470.7881348,0.0,709.0
1718653470.920695,0.0,709.0
1718653471.0538764,0.0,709.0
1718653471.1847272,0.0,709.0
1718653471.3186696,0.0,709.0
1718653471.451444,0.0,709.0
1718653471.5862687,0.0,709.0
1718653471.721155,0.0,709.0
1718653471.8566644,0.0,709.0
1718653471.990895,0.0,709.0
1718653472.1252253,0.0,709.0
1718653472.2616096,0.0,709.0
1718653472.3961687,0.0,709.0
1718653472.5311584,0.0,709.0
1718653472.6652079,0.0,709.0
1718653472.8003771,0.0,709.0
1718653472.9351912,0.0,709.0
1718653473.0677433,0.0,709.0
1718653473.2012782,0.0,709.0
1718653473.3322663,0.0,709.0
1718653473.46325,0.0,709.0
1718653473.5944371,0.0,709.0
1718653473.7249198,0.0,709.0
1718653473.856738,0.0,709.0
1718653473.9872985,0.0,709.0
1718653474.117093,0.0,709.0
1718653474.249011,0.0,709.0
1718653474.3794627,0.0,709.0
1718653474.511071,0.0,709.0
1718653474.644902,0.0,709.0
1718653474.7871544,0.0,709.0
1718653474.9339218,0.0,709.0
1718653475.0859878,0.0,709.0
1718653475.2419767,0.0,709.0
1718653475.41254,0.0,709.0
1718653475.5682225,0.0,709.0
1718653475.7174928,0.0,709.0
1718653475.866907,0.0,709.0
1718653476.0054944,0.0,709.0
1718653476.153696,0.0,709.0
1718653476.3004587,0.0,709.0
1718653476.4631429,0.0,709.0
1718653476.6198437,0.0,709.0
1718653476.7924175,0.0,709.0
1718653476.9968145,0.0,709.0
1718653477.159038,0.0,709.0
1718653477.3644502,0.0,709.0
1718653477.5622213,0.0,709.0
1718653477.7288992,0.0,709.0
1718653477.8662798,0.0,709.0
1718653478.0215225,0.0,709.0
1718653478.1700015,0.0,709.0
1718653478.3088124,0.0,709.0
1718653478.4418433,0.0,709.0
1718653478.5758398,0.0,709.0
1718653478.7083452,0.0,709.0
1718653478.8418963,0.0,709.0
1718653478.9831595,0.0,709.0
1718653479.1218455,0.0,709.0
1718653479.2601755,0.0,709.0
1718653479.3993065,0.0,709.0
1718653479.5693874,0.0,709.0
1718653479.7522762,0.0,709.0
1718653479.9215612,0.0,709.0
1718653480.0724273,0.0,709.0
1718653480.2426305,0.0,709.0
1718653480.3788218,0.0,709.0
1718653480.5446768,0.0,709.0
1718653480.6879954,0.0,709.0
1718653480.8238573,0.0,709.0
1718653480.9829907,0.0,709.0
1718653481.140909,0.0,709.0
1718653481.2974632,0.0,709.0
1718653481.4854753,0.0,709.0
1718653481.6866705,0.0,709.0
1718653481.855521,0.0,709.0
1718653482.0550528,0.0,709.0
1718653482.2441928,0.0,709.0
1718653482.3989267,0.0,709.0
1718653482.5511222,0.0,709.0
1718653482.6992846,0.0,709.0
1718653482.8488543,0.0,709.0
1718653482.9859533,0.0,709.0
1718653483.1208982,0.0,709.0
1718653483.2581594,0.0,709.0
1718653483.3909566,0.0,709.0
1718653483.526624,0.0,709.0
1718653483.6636362,0.0,709.0
1718653483.8026855,0.0,709.0
1718653483.9424868,0.0,709.0
1718653484.1326768,0.0,709.0
1718653484.28491,0.0,709.0
1718653484.4390125,0.0,709.0
1718653484.6112921,0.0,709.0
1718653484.7989697,0.0,709.0
1718653484.9414122,0.0,709.0
1718653485.0818045,0.0,709.0
1718653485.2211196,0.0,709.0
1718653485.3700213,0.0,709.0
1718653485.5266962,0.0,709.0
1718653485.674488,0.0,709.0
1718653485.823502,0.0,709.0
1718653486.030036,0.0,709.0
1718653486.2448883,0.0,709.0
1718653486.4483867,0.0,709.0
1718653486.609163,0.0,709.0
1718653486.8107657,0.0,709.0
1718653486.9712033,0.0,709.0
1718653487.1215405,0.0,709.0
1718653487.2788332,0.0,709.0
1718653487.4120557,0.0,709.0
1718653487.5452254,0.0,709.0
1718653487.6777031,0.0,709.0
1718653487.811715,0.0,709.0
1718653487.9438598,0.0,709.0
1718653488.0768166,0.0,709.0
1718653488.2114952,0.0,709.0
1718653488.344317,0.0,709.0
1718653488.4770467,0.0,709.0
1718653488.634975,0.0,709.0
1718653488.7970252,0.0,709.0
1718653488.951309,0.0,709.0
1718653489.116987,0.0,709.0
1718653489.277424,0.0,709.0
1718653489.4212465,0.0,709.0
1718653489.5913482,0.0,709.0
1718653489.728644,0.0,709.0
1718653489.87302,0.0,709.0
1718653490.0304756,0.0,709.0
1718653490.1880617,0.0,709.0
1718653490.3372502,0.0,709.0
1718653490.4894078,0.0,709.0
1718653490.6827316,0.0,709.0
1718653490.8840387,0.0,709.0
1718653491.0863392,0.0,709.0
1718653491.2860587,0.0,709.0
1718653491.491292,0.0,709.0
1718653491.6509655,0.0,709.0
1718653491.7909791,0.0,709.0
1718653491.940613,0.0,709.0
1718653492.0821743,0.0,709.0
1718653492.2161207,0.0,709.0
1718653492.3508544,0.0,709.0
1718653492.483739,0.0,709.0
1718653492.6188202,0.0,709.0
1718653492.7528965,0.0,709.0
1718653492.8874235,0.0,709.0
1718653493.021579,0.0,709.0
1718653493.1564798,0.0,709.0
1718653493.3121088,0.0,709.0
1718653493.4669275,0.0,709.0
1718653493.6184123,0.0,709.0
1718653493.7722807,0.0,709.0
1718653493.9445117,0.0,709.0
1718653494.104154,0.0,709.0
1718653494.2806196,0.0,709.0
1718653494.4276452,0.0,709.0
1718653494.5845885,0.0,709.0
1718653494.7302055,0.0,709.0
1718653494.8846824,0.0,709.0
1718653495.0410898,0.0,709.0
1718653495.185731,0.0,709.0
1718653495.3943532,0.0,709.0
1718653495.5790124,0.0,709.0
1718653495.7743342,0.0,709.0
1718653495.9235618,0.0,709.0
1718653496.128366,0.0,709.0
1718653496.2770376,0.0,709.0
1718653496.4271135,0.0,709.0
1718653496.5740542,0.0,709.0
1718653496.709314,0.0,709.0
1718653496.8432934,0.0,709.0
1718653496.977561,0.0,709.0
1718653497.1107092,0.0,709.0
1718653497.2456512,0.0,709.0
1718653497.379349,0.0,709.0
1718653497.5138505,0.0,709.0
1718653497.649106,0.0,709.0
1718653497.8053668,0.0,709.0
1718653497.951413,0.0,709.0
1718653498.1146317,0.0,709.0
1718653498.2820716,0.0,709.0
1718653498.4387224,0.0,709.0
1718653498.6136105,0.0,709.0
1718653498.7657712,0.0,709.0
1718653498.9124362,0.0,709.0
1718653499.074418,0.0,709.0
1718653499.2374713,0.0,709.0
1718653499.3956335,0.0,709.0
1718653499.5416672,0.0,709.0
1718653499.6873183,0.0,709.0
1718653499.8856528,0.0,709.0
1718653500.0900614,0.0,709.0
1718653500.2939024,0.0,709.0
1718653500.4518468,0.0,709.0
1718653500.6386435,0.0,709.0
1718653500.7978823,0.0,709.0
1718653500.9592512,0.0,709.0
1718653501.1037025,0.0,709.0
1718653501.239232,0.0,709.0
1718653501.3722363,0.0,709.0
1718653501.5046997,0.0,709.0
1718653501.6373262,0.0,709.0
1718653501.7729976,0.0,709.0
1718653501.9077892,0.0,709.0
1718653502.0403774,0.0,709.0
1718653502.1737,0.0,709.0
1718653502.3251793,0.0,709.0
1718653502.500377,0.0,709.0
1718653502.647651,0.0,709.0
1718653502.8122177,0.0,709.0
1718653502.968976,0.0,709.0
1718653503.1527457,0.0,709.0
1718653503.314511,0.0,709.0
1718653503.4542165,0.0,709.0
1718653503.5961318,0.0,709.0
1718653503.7518492,0.0,709.0
1718653503.9339674,0.0,709.0
1718653504.0838525,0.0,709.0
1718653504.226341,0.0,709.0
1718653504.4416535,0.0,709.0
1718653504.617211,0.0,709.0
1718653504.806468,0.0,709.0
1718653504.9630353,0.0,709.0
1718653505.1498659,0.0,709.0
1718653505.3147266,0.0,709.0
1718653505.4642859,0.0,709.0
1718653505.625637,0.0,709.0
1718653505.7604074,0.0,709.0
1718653505.8940396,0.0,709.0
1718653506.0287905,0.0,709.0
1718653506.1619406,0.0,709.0
1718653506.2962663,0.0,709.0
1718653506.4298859,0.0,709.0
1718653506.564469,0.0,709.0
1718653506.6997054,0.0,709.0
1718653506.8328001,0.0,709.0
1718653506.9923074,0.0,709.0
1718653507.1443608,0.0,709.0
1718653507.2967613,0.0,709.0
1718653507.4520853,0.0,709.0
1718653507.6261427,0.0,709.0
1718653507.7594473,0.0,709.0
1718653507.9278266,0.0,709.0
1718653508.0686078,0.0,709.0
1718653508.211089,0.0,709.0
1718653508.3654664,0.0,709.0
1718653508.528178,0.0,709.0
1718653508.69799,0.0,709.0
1718653508.839616,0.0,709.0
1718653509.0414665,0.0,709.0
1718653509.222922,0.0,709.0
1718653509.4273767,0.0,709.0
1718653509.5657363,0.0,709.0
1718653509.768781,0.0,709.0
1718653509.9116616,0.0,709.0
1718653510.0509984,0.0,709.0
1718653510.2021568,0.0,709.0
1718653510.3528807,0.0,709.0
1718653510.4860592,0.0,709.0
1718653510.6197295,0.0,709.0
1718653510.7548025,0.0,709.0
1718653510.88708,0.0,709.0
1718653511.0210087,0.0,709.0
1718653511.1539586,0.0,709.0
1718653511.2879896,0.0,709.0
1718653511.4210093,0.0,709.0
1718653511.5627477,0.0,709.0
1718653511.7118492,0.0,709.0
1718653511.865451,0.0,709.0
1718653512.027268,0.0,709.0
1718653512.1932797,0.0,709.0
1718653512.3555176,0.0,709.0
1718653512.5239365,0.0,709.0
1718653512.6662488,0.0,709.0
1718653512.8323314,0.0,709.0
1718653512.9768848,0.0,709.0
1718653513.1391294,0.0,709.0
1718653513.2983892,0.0,709.0
1718653513.4420948,0.0,709.0
1718653513.6385155,0.0,709.0
1718653513.8348534,0.0,709.0
1718653514.025404,0.0,709.0
1718653514.197321,0.0,709.0
1718653514.3822694,0.0,709.0
1718653514.5454326,0.0,709.0
1718653514.7134492,0.0,709.0
1718653514.857125,0.0,709.0
1718653514.9947858,0.0,709.0
1718653515.1336904,0.0,709.0
1718653515.2714002,0.0,709.0
1718653515.4024832,0.0,709.0
1718653515.529448,0.0,709.0
1718653515.6590567,0.0,709.0
1718653515.7961833,0.0,709.0
1718653515.9336908,0.0,709.0
1718653516.070368,0.0,709.0
1718653516.2379172,0.0,709.0
1718653516.386585,0.0,709.0
1718653516.5507123,0.0,709.0
1718653516.6983511,0.0,709.0
1718653516.864474,0.0,709.0
1718653517.0242174,0.0,709.0
1718653517.175394,0.0,709.0
1718653517.318982,0.0,709.0
1718653517.4612682,0.0,709.0
1718653517.6051562,0.0,709.0
1718653517.7673142,0.0,709.0
1718653517.913289,0.0,709.0
1718653518.0508714,0.0,709.0
1718653518.2340982,0.0,709.0
1718653518.4258642,0.0,709.0
1718653518.6091247,0.0,709.0
1718653518.7921498,0.0,709.0
1718653518.9851108,0.0,709.0
1718653519.161346,0.0,709.0
1718653519.324717,0.0,709.0
1718653519.4821725,0.0,709.0
1718653519.63089,0.0,709.0
1718653519.7642817,0.0,709.0
1718653519.8983107,0.0,709.0
1718653520.0309706,0.0,709.0
1718653520.1630766,0.0,709.0
1718653520.2967553,0.0,709.0
1718653520.430034,0.0,709.0
1718653520.5644796,0.0,709.0
1718653520.698303,0.0,709.0
1718653520.8516383,0.0,709.0
1718653520.9991345,0.0,709.0
1718653521.1602309,0.0,709.0
1718653521.3203328,0.0,709.0
1718653521.493619,0.0,709.0
1718653521.6292017,0.0,709.0
1718653521.7848463,0.0,709.0
1718653521.9236112,0.0,709.0
1718653522.0716698,0.0,709.0
1718653522.2266943,0.0,709.0
1718653522.3731215,0.0,709.0
1718653522.527423,0.0,709.0
1718653522.6686027,0.0,709.0
1718653522.8847015,0.0,709.0
1718653523.0692823,0.0,709.0
1718653523.2559597,0.0,709.0
1718653523.441305,0.0,709.0
1718653523.624973,0.0,709.0
1718653523.7824628,0.0,709.0
1718653523.9238489,0.0,709.0
1718653524.0923133,0.0,709.0
1718653524.2312727,0.0,709.0
1718653524.365536,0.0,709.0
1718653524.5000985,0.0,709.0
1718653524.632468,0.0,709.0
1718653524.7664647,0.0,709.0
1718653524.9018052,0.0,709.0
1718653525.0356796,0.0,709.0
1718653525.1704686,0.0,709.0
1718653525.305641,0.0,709.0
1718653525.4649684,0.0,709.0
1718653525.6125634,0.0,709.0
1718653525.761071,0.0,709.0
1718653525.905938,0.0,709.0
1718653526.054113,0.0,709.0
1718653526.2084274,0.0,709.0
1718653526.360171,0.0,709.0
1718653526.5114589,0.0,709.0
1718653526.6663783,0.0,709.0
1718653526.8293788,0.0,709.0
1718653526.9714851,0.0,709.0
1718653527.1308212,0.0,709.0
1718653527.3106766,0.0,709.0
1718653527.492549,0.0,709.0
1718653527.6806333,0.0,709.0
1718653527.830079,0.0,709.0
1718653528.0123758,0.0,709.0
1718653528.1569552,0.0,709.0
1718653528.3557277,0.0,709.0
1718653528.5081913,0.0,709.0
1718653528.6485126,0.0,709.0
1718653528.8021033,0.0,709.0
1718653528.9478326,0.0,709.0
1718653529.0825303,0.0,709.0
1718653529.2146924,0.0,709.0
1718653529.348096,0.0,709.0
1718653529.4804988,0.0,709.0
1718653529.6113343,0.0,709.0
1718653529.744559,0.0,709.0
1718653529.8786964,0.0,709.0
1718653530.0122063,0.0,709.0
1718653530.178807,0.0,709.0
1718653530.3301342,0.0,709.0
1718653530.4806128,0.0,709.0
1718653530.6258256,0.0,709.0
1718653530.7805815,0.0,709.0
1718653530.949372,0.0,709.0
1718653531.1076255,0.0,709.0
1718653531.2520137,0.0,709.0
1718653531.3946779,0.0,709.0
1718653531.556042,0.0,709.0
1718653531.726661,0.0,709.0
1718653531.8868153,1.0,1553.0
1718653532.030238,1.0,2321.0
1718653532.2292097,26.0,5109.0
1718653532.4366868,45.0,16755.0
1718653532.6422095,91.0,16763.0
1718653532.8140476,3.0,16773.0
1718653533.0049388,2.0,16773.0
1718653533.178808,2.0,22935.0
1718653533.3649204,84.0,22935.0
1718653533.543843,100.0,22935.0
1718653533.6864316,100.0,22935.0
1718653533.8294287,100.0,22935.0
1718653533.9730408,100.0,22941.0
1718653534.113436,95.0,22943.0
1718653534.2559824,95.0,22943.0
1718653534.4008324,32.0,22943.0
1718653534.546298,87.0,22945.0
1718653534.6907132,99.0,22945.0
1718653534.8646193,100.0,22945.0
1718653535.0374923,100.0,22945.0
1718653535.211437,100.0,22945.0
1718653535.4200494,100.0,22945.0
1718653535.5945928,73.0,22945.0
1718653535.7481527,73.0,22945.0
1718653535.9265063,46.0,22945.0
1718653536.0781496,100.0,22945.0
1718653536.2434363,98.0,22945.0
1718653536.4042308,100.0,22945.0
1718653536.585033,100.0,22945.0
1718653536.7452772,100.0,22945.0
1718653536.8960905,100.0,22945.0
1718653537.1125753,100.0,22945.0
1718653537.3134542,20.0,22945.0
1718653537.5345416,96.0,22945.0
1718653537.6980789,99.0,22945.0
1718653537.9149513,100.0,22945.0
1718653538.0644283,100.0,22945.0
1718653538.2376604,100.0,22945.0
1718653538.4149168,100.0,22945.0
1718653538.5663834,100.0,22945.0
1718653538.7128456,66.0,22945.0
1718653538.8645394,66.0,22945.0
1718653539.0098329,99.0,22945.0
1718653539.1524267,99.0,22945.0
1718653539.2983925,100.0,22945.0
1718653539.4433715,100.0,22945.0
1718653539.597071,100.0,22945.0
1718653539.7598505,100.0,22945.0
1718653539.942698,100.0,22945.0
1718653540.1344447,90.0,22945.0
1718653540.309692,31.0,22945.0
1718653540.4983401,100.0,22945.0
1718653540.660006,99.0,22945.0
1718653540.8382158,100.0,22945.0
1718653541.0089204,100.0,22945.0
1718653541.2055628,100.0,22945.0
1718653541.383071,100.0,22945.0
1718653541.5626786,100.0,22945.0
1718653541.725965,36.0,22945.0
1718653541.978039,100.0,22945.0
1718653542.1468368,97.0,22945.0
1718653542.3802023,100.0,22945.0
1718653542.562305,100.0,22945.0
1718653542.762941,100.0,22945.0
1718653542.9314992,100.0,22945.0
1718653543.0997663,58.0,22945.0
1718653543.2910836,70.0,22945.0
1718653543.4404178,99.0,22945.0
1718653543.5874135,99.0,22945.0
1718653543.733699,100.0,22945.0
1718653543.8769493,100.0,22945.0
1718653544.0256023,100.0,22945.0
1718653544.1737874,100.0,22945.0
1718653544.3226728,100.0,22945.0
1718653544.5104318,89.0,22945.0
1718653544.7098076,41.0,22945.0
1718653544.8770888,100.0,22945.0
1718653545.0542767,91.0,22945.0
1718653545.245798,91.0,22945.0
1718653545.3996472,100.0,22945.0
1718653545.5636594,100.0,22945.0
1718653545.7144,100.0,22945.0
1718653545.874487,100.0,22945.0
1718653546.0361805,100.0,22945.0
1718653546.2088814,40.0,22945.0
1718653546.3809652,100.0,22945.0
1718653546.541208,99.0,22945.0
1718653546.7469018,100.0,22945.0
1718653546.940835,100.0,22945.0
1718653547.1437948,100.0,22945.0
1718653547.3032432,100.0,22945.0
1718653547.5094724,50.0,22945.0
1718653547.6843002,50.0,22945.0
1718653547.8581085,94.0,22945.0
1718653548.0299442,99.0,22945.0
1718653548.1784034,100.0,22945.0
1718653548.3271637,100.0,22945.0
1718653548.474522,100.0,22945.0
1718653548.617313,100.0,22945.0
1718653548.764212,100.0,22945.0
1718653548.911676,100.0,22945.0
1718653549.0651278,81.0,22945.0
1718653549.247522,99.0,22945.0
1718653549.4147093,99.0,22945.0
1718653549.58075,100.0,22945.0
1718653549.7445338,100.0,22945.0
1718653549.9101546,100.0,22945.0
1718653550.0620437,100.0,22945.0
1718653550.2409916,100.0,22945.0
1718653550.3984473,80.0,22945.0
1718653550.5604682,58.0,22945.0
1718653550.7401798,99.0,22945.0
1718653550.9082565,100.0,22945.0
1718653551.0667202,100.0,22945.0
1718653551.2417982,100.0,22945.0
1718653551.4514632,100.0,22945.0
1718653551.6430972,100.0,22945.0
1718653551.8838296,28.0,22945.0
1718653552.1038413,28.0,22945.0
1718653552.2783353,100.0,22945.0
1718653552.4468265,100.0,22945.0
1718653552.6327229,100.0,22945.0
1718653552.7882183,100.0,22945.0
1718653552.9366868,100.0,22945.0
1718653553.0845006,100.0,22945.0
1718653553.2396333,100.0,22945.0
1718653553.4046297,46.0,22945.0
1718653553.5531127,100.0,22945.0
1718653553.7002668,99.0,22945.0
1718653553.8517103,99.0,22945.0
1718653554.039274,100.0,22945.0
1718653554.215307,100.0,22945.0
1718653554.4088914,100.0,22945.0
1718653554.5772398,100.0,22945.0
1718653554.7647486,51.0,22945.0
1718653554.927676,90.0,22945.0
1718653555.0878434,90.0,22945.0
1718653555.2530632,99.0,22945.0
1718653555.4245527,100.0,22945.0
1718653555.6418333,100.0,22945.0
1718653555.8606608,100.0,22945.0
1718653556.0238426,100.0,22945.0
1718653556.241468,70.0,22945.0
1718653556.4225833,49.0,22945.0
1718653556.6006265,100.0,22945.0
1718653556.8177328,99.0,22945.0
1718653557.0091093,100.0,22945.0
1718653557.2078426,100.0,22945.0
1718653557.3787298,100.0,22945.0
1718653557.531042,100.0,22945.0
1718653557.6834803,100.0,22945.0
1718653557.8324997,52.0,22945.0
1718653557.9794555,100.0,22945.0
1718653558.1293776,99.0,22945.0
1718653558.2757957,99.0,22945.0
1718653558.425715,100.0,22945.0
1718653558.6006367,100.0,22945.0
1718653558.7710257,100.0,22945.0
1718653558.9518466,100.0,22945.0
1718653559.1249063,41.0,22945.0
1718653559.3168879,100.0,22945.0
1718653559.4869184,100.0,22945.0
1718653559.6683373,99.0,22945.0
1718653559.831101,100.0,22945.0
1718653559.9899971,100.0,22945.0
1718653560.1674194,100.0,22945.0
1718653560.3323152,100.0,22945.0
1718653560.523669,47.0,22945.0
1718653560.776025,66.0,22945.0
1718653561.0150325,99.0,22945.0
1718653561.2554693,100.0,22945.0
1718653561.4466276,100.0,22945.0
1718653561.6621733,100.0,22945.0
1718653561.833673,100.0,22945.0
1718653562.0083888,96.0,22945.0
1718653562.181456,96.0,22945.0
1718653562.3294241,29.0,22945.0
1718653562.4754088,100.0,22945.0
1718653562.6227062,99.0,22945.0
1718653562.7688797,100.0,22945.0
1718653562.916916,100.0,22945.0
1718653563.0655582,100.0,22945.0
1718653563.210928,100.0,22945.0
1718653563.3927872,100.0,22945.0
1718653563.5818393,39.0,22945.0
1718653563.7564461,100.0,22945.0
1718653563.9251258,100.0,22945.0
1718653564.1006923,99.0,22945.0
1718653564.2702157,100.0,22945.0
1718653564.4445357,100.0,22945.0
1718653564.6008146,100.0,22945.0
1718653564.7717965,100.0,22945.0
1718653564.9342012,100.0,22945.0
1718653565.1254067,57.0,22945.0
1718653565.307806,72.0,22945.0
1718653565.5068142,100.0,22945.0
1718653565.7556095,100.0,22945.0
1718653565.937885,100.0,22945.0
1718653566.1573212,100.0,22945.0
1718653566.37678,100.0,22945.0
1718653566.5796645,93.0,22945.0
1718653566.7644644,36.0,22945.0
1718653566.945481,99.0,22945.0
1718653567.0942576,99.0,22945.0
1718653567.2429256,100.0,22945.0
1718653567.391423,100.0,22945.0
1718653567.5374167,100.0,22945.0
1718653567.6931262,100.0,22945.0
1718653567.8484106,100.0,22945.0
1718653568.0089545,32.0,22945.0
1718653568.1569393,100.0,22945.0
1718653568.3277133,100.0,22945.0
1718653568.5149498,99.0,22945.0
1718653568.6806428,100.0,22945.0
1718653568.850451,100.0,22945.0
1718653569.0399706,100.0,22945.0
1718653569.2198396,100.0,22945.0
1718653569.3936374,58.0,22945.0
1718653569.5603013,58.0,22945.0
1718653569.7438383,87.0,22945.0
1718653569.9119139,99.0,22945.0
1718653570.0856814,100.0,22945.0
1718653570.2582088,100.0,22945.0
1718653570.494163,100.0,22945.0
1718653570.6985428,100.0,22945.0
1718653570.9854062,46.0,22945.0
1718653571.2114697,100.0,22945.0
1718653571.4066863,99.0,22945.0
1718653571.5949173,100.0,22945.0
1718653571.7725012,100.0,22945.0
1718653571.921782,100.0,22945.0
1718653572.0739343,100.0,22945.0
1718653572.2217684,100.0,22945.0
1718653572.3695602,100.0,22945.0
1718653572.5183444,51.0,22945.0
1718653572.6658747,100.0,22945.0
1718653572.8154776,99.0,22945.0
1718653572.9653883,99.0,22945.0
1718653573.1414661,100.0,22945.0
1718653573.3212497,100.0,22945.0
1718653573.4860184,100.0,22945.0
1718653573.662,100.0,22945.0
1718653573.8888624,30.0,22945.0
1718653574.0884845,100.0,22945.0
1718653574.247852,94.0,22945.0
1718653574.4173672,100.0,22945.0
1718653574.5900238,100.0,22945.0
1718653574.7616477,100.0,22945.0
1718653574.933295,100.0,22945.0
1718653575.1306725,62.0,22945.0
1718653575.3593774,58.0,22945.0
1718653575.5492299,99.0,22945.0
1718653575.7584674,100.0,22945.0
1718653575.9912934,100.0,22945.0
1718653576.1643863,100.0,22945.0
1718653576.3349483,100.0,22945.0
1718653576.5095036,100.0,22945.0
1718653576.6711454,100.0,22945.0
1718653576.839166,100.0,22945.0
1718653576.9872339,39.0,22945.0
1718653577.1341317,100.0,22945.0
1718653577.2820847,99.0,22945.0
1718653577.4276829,99.0,22945.0
1718653577.5723684,100.0,22945.0
1718653577.754495,100.0,22945.0
1718653577.9466038,100.0,22945.0
1718653578.1307883,100.0,22945.0
1718653578.3214767,26.0,22945.0
1718653578.5058112,100.0,22945.0
1718653578.6688392,99.0,22945.0
1718653578.842299,100.0,22945.0
1718653578.9997382,100.0,22945.0
1718653579.1577518,100.0,22945.0
1718653579.3142705,100.0,22945.0
1718653579.4911468,100.0,22945.0
1718653579.6675034,60.0,22945.0
1718653579.9099467,52.0,22945.0
1718653580.1661541,97.0,22945.0
1718653580.4169657,100.0,22945.0
1718653580.609855,100.0,22945.0
1718653580.8298123,100.0,22945.0
1718653580.9926412,100.0,22945.0
1718653581.1768703,100.0,22945.0
1718653581.3510356,27.0,22945.0
1718653581.5006814,100.0,22945.0
1718653581.6474552,98.0,22945.0
1718653581.7956161,98.0,22945.0
1718653581.9447174,100.0,22945.0
1718653582.0920355,100.0,22945.0
1718653582.2404103,100.0,22945.0
1718653582.4050274,100.0,22945.0
1718653582.5715878,100.0,22945.0
1718653582.7737029,46.0,22945.0
1718653582.9419658,83.0,22945.0
1718653583.129963,99.0,22945.0
1718653583.292228,100.0,22945.0
1718653583.4663072,100.0,22945.0
1718653583.6291716,100.0,22945.0
1718653583.843182,100.0,22945.0
1718653584.008012,100.0,22945.0
1718653584.1771753,79.0,22945.0
1718653584.3412526,69.0,22945.0
1718653584.565353,99.0,22945.0
1718653584.784321,100.0,22945.0
1718653584.9978068,100.0,22945.0
1718653585.1991086,100.0,22945.0
1718653585.4312901,100.0,22945.0
1718653585.585491,94.0,22945.0
1718653585.7722743,49.0,22945.0
1718653585.9416287,100.0,22945.0
1718653586.090902,99.0,22945.0
1718653586.2410736,99.0,22945.0
1718653586.3866372,100.0,22945.0
1718653586.5339608,100.0,22945.0
1718653586.680304,100.0,22945.0
1718653586.828272,100.0,22945.0
1718653586.986649,100.0,22945.0
1718653587.1889627,26.0,22945.0
1718653587.377558,100.0,22945.0
1718653587.5571575,99.0,22945.0
1718653587.7330704,100.0,22945.0
1718653587.9342532,100.0,22945.0
1718653588.1185362,100.0,22945.0
1718653588.2741501,100.0,22945.0
1718653588.4447608,100.0,22945.0
1718653588.623847,50.0,22945.0
1718653588.8034434,86.0,22945.0
1718653588.9824612,100.0,22945.0
1718653589.221681,100.0,22945.0
1718653589.4618223,100.0,22945.0
1718653589.6772182,100.0,22945.0
1718653589.8563328,75.0,22945.0
1718653590.095723,34.0,22945.0
1718653590.2484381,34.0,22945.0
1718653590.4347992,100.0,22945.0
1718653590.6032836,99.0,22945.0
1718653590.7504218,100.0,22945.0
1718653590.897532,100.0,22945.0
1718653591.0465147,100.0,22945.0
1718653591.1937697,100.0,22945.0
1718653591.3384705,100.0,22945.0
1718653591.4848082,100.0,22945.0
1718653591.6304555,54.0,22945.0
1718653591.777409,100.0,22945.0
1718653591.9633608,99.0,22945.0
1718653592.1538398,100.0,22945.0
1718653592.3247736,100.0,22945.0
1718653592.5002608,100.0,22945.0
1718653592.6835926,100.0,22945.0
1718653592.8733673,100.0,22945.0
1718653593.0742183,36.0,22945.0
1718653593.2472427,86.0,22945.0
1718653593.4220967,98.0,22945.0
1718653593.6037984,100.0,22945.0
1718653593.7918131,100.0,22945.0
1718653593.9602978,100.0,22945.0
1718653594.1717813,100.0,22945.0
1718653594.4158783,9.0,22945.0
1718653594.729505,100.0,22945.0
1718653594.9456375,99.0,22945.0
1718653595.126204,100.0,22945.0
1718653595.2901678,100.0,22945.0
1718653595.4584959,100.0,22945.0
1718653595.6173282,100.0,22945.0
1718653595.769218,100.0,22945.0
1718653595.9227028,51.0,22945.0
1718653596.0826087,51.0,22945.0
1718653596.2303302,86.0,22945.0
1718653596.3760684,99.0,22945.0
1718653596.5247824,99.0,22945.0
1718653596.676053,100.0,22945.0
1718653596.85709,100.0,22945.0
1718653597.0208552,100.0,22945.0
1718653597.1866655,100.0,22945.0
1718653597.3691638,74.0,22945.0
1718653597.5738342,50.0,22945.0
1718653597.738108,50.0,22945.0
1718653597.9028585,99.0,22945.0
1718653598.0862186,95.0,22945.0
1718653598.2586846,100.0,22945.0
1718653598.425429,100.0,22945.0
1718653598.6270738,100.0,22945.0
1718653598.8293538,100.0,22945.0
1718653599.0651264,17.0,22945.0
1718653599.2599928,99.0,22945.0
1718653599.4804318,100.0,22945.0
1718653599.7146833,100.0,22945.0
1718653599.910738,100.0,22945.0
1718653600.0971856,100.0,22945.0
1718653600.2635367,100.0,22945.0
1718653600.417757,96.0,22945.0
1718653600.5704994,49.0,22945.0
1718653600.731099,49.0,22945.0
1718653600.8800683,100.0,22945.0
1718653601.0388541,99.0,22945.0
1718653601.1993206,100.0,22945.0
1718653601.3558455,100.0,22945.0
1718653601.5377119,100.0,22945.0
1718653601.7093732,100.0,22945.0
1718653601.8750093,100.0,22945.0
1718653602.0781662,28.0,22945.0
1718653602.2759988,100.0,22945.0
1718653602.434628,99.0,22945.0
1718653602.617318,100.0,22945.0
1718653602.7766886,100.0,22945.0
1718653602.9578595,100.0,22945.0
1718653603.1197143,100.0,22945.0
1718653603.3014727,100.0,22945.0
1718653603.4592884,47.0,22945.0
1718653603.688996,96.0,22945.0
1718653603.9160848,96.0,22945.0
1718653604.1255307,100.0,22945.0
1718653604.3187575,100.0,22945.0
1718653604.5361133,100.0,22945.0
1718653604.688034,100.0,22945.0
1718653604.8620238,79.0,22945.0
1718653605.0242057,65.0,22945.0
1718653605.1848717,99.0,22945.0
1718653605.3318295,99.0,22945.0
1718653605.4794717,100.0,22945.0
1718653605.62501,100.0,22945.0
1718653605.7734318,100.0,22945.0
1718653605.9208636,100.0,22945.0
1718653606.0735838,100.0,22945.0
1718653606.267238,97.0,22945.0
1718653606.465443,21.0,22945.0
1718653606.6502776,100.0,22945.0
1718653606.82632,87.0,22945.0
1718653607.0173326,100.0,22945.0
1718653607.1757932,100.0,22945.0
1718653607.3484426,100.0,22945.0
1718653607.5359716,100.0,22945.0
1718653607.7070994,100.0,22945.0
1718653607.891088,53.0,22945.0
1718653608.0834262,77.0,22945.0
1718653608.2385817,99.0,22945.0
1718653608.4774997,100.0,22945.0
1718653608.6953309,100.0,22945.0
1718653608.9261112,100.0,22945.0
1718653609.118331,85.0,22945.0
1718653609.3240995,85.0,22945.0
1718653609.497129,41.0,22945.0
1718653609.6740756,100.0,22945.0
1718653609.8398423,99.0,22945.0
1718653609.9907136,100.0,22945.0
1718653610.1391194,100.0,22945.0
1718653610.2951243,100.0,22945.0
1718653610.442656,100.0,22945.0
1718653610.5939612,100.0,22945.0
1718653610.7499743,100.0,22945.0
1718653610.9167871,53.0,22945.0
1718653611.0741212,100.0,22945.0
1718653611.2483213,99.0,22945.0
1718653611.4304445,100.0,22945.0
1718653611.613815,100.0,22945.0
1718653611.810429,100.0,22945.0
1718653612.0060277,100.0,22945.0
1718653612.1907873,100.0,22945.0
1718653612.3564854,29.0,22945.0
1718653612.5296233,100.0,22945.0
1718653612.7045178,99.0,22945.0
1718653612.9296625,100.0,22945.0
1718653613.1497755,100.0,22945.0
1718653613.373266,100.0,22945.0
1718653613.5968354,62.0,22945.0
1718653613.7707338,58.0,22945.0
1718653613.9540465,99.0,22945.0
1718653614.1742132,100.0,22945.0
1718653614.3584726,100.0,22945.0
1718653614.5351572,100.0,22945.0
1718653614.707464,100.0,22945.0
1718653614.8644323,100.0,22945.0
1718653615.0132062,100.0,22945.0
1718653615.1597247,100.0,22945.0
1718653615.305022,48.0,22945.0
1718653615.4548395,100.0,22945.0
1718653615.6021888,100.0,22945.0
1718653615.7493148,99.0,22945.0
1718653615.9250686,100.0,22945.0
1718653616.095013,100.0,22945.0
1718653616.278832,100.0,22945.0
1718653616.458319,100.0,22945.0
1718653616.6317508,100.0,22945.0
1718653616.7968447,22.0,22945.0
1718653616.9844048,100.0,22945.0
1718653617.1429758,99.0,22945.0
1718653617.2951257,100.0,22945.0
1718653617.4648757,100.0,22945.0
1718653617.6349425,100.0,22945.0
1718653617.8012135,100.0,22945.0
1718653618.0147054,58.0,22945.0
1718653618.2660813,56.0,22945.0
1718653618.4751363,99.0,22945.0
1718653618.665572,100.0,22945.0
1718653618.867348,100.0,22945.0
1718653619.0630448,100.0,22945.0
1718653619.2504961,100.0,22945.0
1718653619.4476304,100.0,22945.0
1718653619.6061738,100.0,22945.0
1718653619.7545006,51.0,22945.0
1718653619.9016933,100.0,22945.0
1718653620.0491848,100.0,22945.0
1718653620.1974652,99.0,22945.0
1718653620.3442588,100.0,22945.0
1718653620.4924717,100.0,22945.0
1718653620.6395082,100.0,22945.0
1718653620.8111634,100.0,22945.0
1718653621.0017848,100.0,22945.0
1718653621.191737,29.0,22945.0
1718653621.3559575,100.0,22945.0
1718653621.5513015,99.0,22945.0
1718653621.7405849,100.0,22945.0
1718653621.8951893,100.0,22945.0
1718653622.0627484,100.0,22945.0
1718653622.2229016,100.0,22945.0
1718653622.40292,100.0,22945.0
1718653622.5909,84.0,22945.0
1718653622.7797961,91.0,22945.0
1718653623.0253742,100.0,22945.0
1718653623.2299554,100.0,22945.0
1718653623.4528382,100.0,22945.0
1718653623.676777,100.0,22945.0
1718653623.8688886,86.0,22945.0
1718653624.0503218,49.0,22945.0
1718653624.2333775,49.0,22945.0
1718653624.3799613,100.0,22945.0
1718653624.5335505,99.0,22945.0
1718653624.6821797,100.0,22945.0
1718653624.8303192,100.0,22945.0
1718653624.9784427,100.0,22945.0
1718653625.1295307,100.0,22945.0
1718653625.282894,100.0,22945.0
1718653625.457355,100.0,22945.0
1718653625.6285477,43.0,22945.0
1718653625.7992706,100.0,22945.0
1718653625.9838016,99.0,22945.0
1718653626.182814,100.0,22945.0
1718653626.3401313,100.0,22945.0
1718653626.513013,100.0,22945.0
1718653626.6987238,100.0,22945.0
1718653626.893573,35.0,22945.0
1718653627.0684197,35.0,22945.0
1718653627.2537577,99.0,22945.0
1718653627.4217412,100.0,22945.0
1718653627.6466727,100.0,22945.0
1718653627.8562455,100.0,22945.0
1718653628.0826674,100.0,22945.0
1718653628.260727,63.0,22945.0
1718653628.4852889,59.0,22945.0
1718653628.6425385,98.0,22945.0
1718653628.8365557,98.0,22945.0
1718653629.0030332,100.0,22945.0
1718653629.150414,100.0,22945.0
1718653629.2967458,100.0,22945.0
1718653629.448272,100.0,22945.0
1718653629.5989523,100.0,22945.0
1718653629.7515912,100.0,22945.0
1718653629.9040952,100.0,22945.0
1718653630.0527573,47.0,22945.0
1718653630.2448556,100.0,22945.0
1718653630.4187367,99.0,22945.0
1718653630.59505,100.0,22945.0
1718653630.7666986,100.0,22945.0
1718653630.9403663,100.0,22945.0
1718653631.1001177,100.0,22945.0
1718653631.2675867,45.0,22945.0
1718653631.4244792,45.0,22945.0
1718653631.603149,100.0,22945.0
1718653631.7748697,99.0,22945.0
1718653631.9465444,99.0,22945.0
1718653632.106983,100.0,22945.0
1718653632.2974327,100.0,22945.0
1718653632.5500562,100.0,22945.0
1718653632.7495053,38.0,22945.0
1718653632.9892113,87.0,22945.0
1718653633.2106242,99.0,22945.0
1718653633.3776395,100.0,22945.0
1718653633.5715506,100.0,22945.0
1718653633.7442236,100.0,22945.0
1718653633.8945205,100.0,22945.0
1718653634.0514984,100.0,22945.0
1718653634.2010615,75.0,22945.0
1718653634.3479738,76.0,22945.0
1718653634.4944792,76.0,22945.0
1718653634.6440265,99.0,22945.0
1718653634.7902644,100.0,22945.0
1718653634.9591942,100.0,22945.0
1718653635.1282604,100.0,22945.0
1718653635.2944736,100.0,22945.0
1718653635.4630237,100.0,22945.0
1718653635.6307971,85.0,22945.0
1718653635.828165,62.0,22945.0
1718653635.9882936,99.0,22945.0
1718653636.1601593,100.0,22945.0
1718653636.3385582,100.0,22945.0
1718653636.535829,100.0,22945.0
1718653636.753072,100.0,22945.0
1718653636.9702144,99.0,22945.0
1718653637.1776817,17.0,22945.0
1718653637.3590636,100.0,22945.0
1718653637.568906,98.0,22945.0
1718653637.7424564,100.0,22945.0
1718653637.9754055,100.0,22945.0
1718653638.1434517,100.0,22945.0
1718653638.3219457,100.0,22945.0
1718653638.5084956,100.0,22945.0
1718653638.6600604,46.0,22945.0
1718653638.8105555,95.0,22945.0
1718653638.959209,99.0,22945.0
1718653639.1063037,99.0,22945.0
1718653639.2520213,100.0,22945.0
1718653639.3992095,100.0,22945.0
1718653639.5459938,100.0,22945.0
1718653639.6961799,100.0,22945.0
1718653639.8705103,100.0,22945.0
1718653640.1091733,65.0,22945.0
1718653640.3020566,62.0,22945.0
1718653640.4852176,97.0,22945.0
1718653640.674887,100.0,22945.0
1718653640.85415,100.0,22945.0
1718653641.0072553,100.0,22945.0
1718653641.1733127,100.0,22945.0
1718653641.339285,100.0,22945.0
1718653641.5124812,34.0,22945.0
1718653641.6873322,34.0,22945.0
1718653641.8654604,99.0,22945.0
1718653642.0902128,99.0,22945.0
1718653642.2743285,100.0,22945.0
1718653642.5020993,100.0,22945.0
1718653642.7189445,100.0,22945.0
1718653642.89756,100.0,22945.0
1718653643.0714526,29.0,22945.0
1718653643.2391162,98.0,22945.0
1718653643.409513,98.0,22945.0
1718653643.559892,98.0,22945.0
1718653643.7089179,100.0,22945.0
1718653643.8561218,100.0,22945.0
1718653644.0023916,100.0,22945.0
1718653644.1513355,100.0,22945.0
1718653644.3009334,100.0,22945.0
1718653644.4512177,63.0,22945.0
1718653644.6497283,77.0,22945.0
1718653644.825837,99.0,22945.0
1718653645.021656,100.0,22945.0
1718653645.196982,100.0,22945.0
1718653645.4374216,100.0,22945.0
1718653645.6347327,100.0,22945.0
1718653645.78825,85.0,22945.0
1718653645.9580343,51.0,22945.0
1718653646.1316895,99.0,22945.0
1718653646.3090537,99.0,22945.0
1718653646.4930546,100.0,22945.0
1718653646.6934788,100.0,22945.0
1718653646.9174926,100.0,22945.0
1718653647.1215932,100.0,22945.0
1718653647.365764,32.0,22945.0
1718653647.568933,100.0,22945.0
1718653647.7656145,99.0,22945.0
1718653647.945536,99.0,22945.0
1718653648.12317,100.0,22945.0
1718653648.2708797,100.0,22945.0
1718653648.4204729,100.0,22945.0
1718653648.5681787,100.0,22945.0
1718653648.7150807,100.0,22945.0
1718653648.8642313,47.0,22945.0
1718653649.0231493,100.0,22945.0
1718653649.1833093,100.0,22945.0
1718653649.345626,99.0,22945.0
1718653649.5262856,100.0,22945.0
1718653649.7098851,100.0,22945.0
1718653649.8854845,100.0,22945.0
1718653650.051841,100.0,22945.0
1718653650.2493837,54.0,22945.0
1718653650.4259999,54.0,22945.0
1718653650.5895932,99.0,22945.0
1718653650.7514563,100.0,22945.0
1718653650.9158468,100.0,22945.0
1718653651.0904944,100.0,22945.0
1718653651.267168,100.0,22945.0
1718653651.4536595,100.0,22945.0
1718653651.6791725,73.0,22945.0
1718653651.8851948,35.0,22945.0
1718653652.1072886,99.0,22945.0
1718653652.366429,100.0,22945.0
1718653652.568762,100.0,22945.0
1718653652.74871,100.0,22945.0
1718653652.936634,100.0,22945.0
1718653653.0842996,100.0,22945.0
1718653653.2333322,40.0,22945.0
1718653653.3821254,40.0,22945.0
1718653653.5308552,100.0,22945.0
1718653653.6818125,98.0,22945.0
1718653653.8300118,98.0,22945.0
1718653653.9825683,100.0,22945.0
1718653654.1840434,100.0,22945.0
1718653654.3539143,100.0,22945.0
1718653654.523338,100.0,22945.0
1718653654.698446,53.0,22945.0
1718653654.8675478,75.0,22945.0
1718653655.0265474,99.0,22945.0
1718653655.2139764,100.0,22945.0
1718653655.369853,100.0,22945.0
1718653655.5272286,100.0,22945.0
1718653655.7018957,100.0,22945.0
1718653655.8739917,100.0,22945.0
1718653656.0358315,87.0,22945.0
1718653656.2706828,15.0,22945.0
1718653656.5105226,100.0,22945.0
1718653656.7446995,99.0,22945.0
1718653656.9156935,100.0,22945.0
1718653657.1538794,100.0,22945.0
1718653657.305858,100.0,22945.0
1718653657.4800732,100.0,22945.0
1718653657.6594782,47.0,22945.0
1718653657.8094423,47.0,22945.0
1718653657.9574006,94.0,22945.0
1718653658.1043873,99.0,22945.0
1718653658.254004,99.0,22945.0
1718653658.4022844,100.0,22945.0
1718653658.5488756,100.0,22945.0
1718653658.6979623,100.0,22945.0
1718653658.868708,100.0,22945.0
1718653659.0521433,69.0,22945.0
1718653659.2496445,56.0,22945.0
1718653659.416894,56.0,22945.0
1718653659.6139925,93.0,22945.0
1718653659.775431,100.0,22945.0
1718653659.9709523,100.0,22945.0
1718653660.1311295,100.0,22945.0
1718653660.288675,100.0,22945.0
1718653660.4862094,100.0,22945.0
1718653660.7080126,23.0,22945.0
1718653660.86567,100.0,22945.0
1718653661.0849671,99.0,22945.0
1718653661.300711,100.0,22945.0
1718653661.5144627,100.0,22945.0
1718653661.7019691,100.0,22945.0
1718653661.9355443,100.0,22945.0
1718653662.085873,53.0,22945.0
1718653662.2838502,88.0,22945.0
1718653662.458521,88.0,22945.0
1718653662.6087577,99.0,22945.0
1718653662.7570977,100.0,22945.0
1718653662.9049265,100.0,22945.0
1718653663.0518787,100.0,22945.0
1718653663.2038217,100.0,22945.0
1718653663.3498437,100.0,22945.0
1718653663.522728,73.0,22945.0
1718653663.7123175,58.0,22945.0
1718653663.895848,99.0,22945.0
1718653664.0768688,99.0,22945.0
1718653664.2432666,100.0,22945.0
1718653664.4165027,100.0,22945.0
1718653664.5836518,100.0,22945.0
1718653664.7361774,100.0,22945.0
1718653664.8972065,100.0,22945.0
1718653665.0715668,25.0,22945.0
1718653665.2617476,100.0,22945.0
1718653665.4470017,99.0,22945.0
1718653665.688017,100.0,22945.0
1718653665.9359474,100.0,22945.0
1718653666.1494334,100.0,22945.0
1718653666.3285973,100.0,22945.0
1718653666.5710459,41.0,22945.0
1718653666.7281544,89.0,22945.0
1718653666.9052558,98.0,22945.0
1718653667.085386,100.0,22945.0
1718653667.2336924,100.0,22945.0
1718653667.3804188,100.0,22945.0
1718653667.529676,100.0,22945.0
1718653667.680295,100.0,22945.0
1718653667.8292284,100.0,22945.0
1718653667.9773312,74.0,22945.0
1718653668.1274636,75.0,22945.0
1718653668.2930944,99.0,22945.0
1718653668.4730275,99.0,22945.0
1718653668.6382194,100.0,22945.0
1718653668.8072026,100.0,22945.0
1718653668.9776196,100.0,22945.0
1718653669.1665308,100.0,22945.0
1718653669.3272235,88.0,22945.0
1718653669.4899838,45.0,22945.0
1718653669.6552973,100.0,22945.0
1718653669.8401709,99.0,22945.0
1718653670.0161462,99.0,22945.0
1718653670.1789694,100.0,22945.0
1718653670.3582923,100.0,22945.0
1718653670.587396,100.0,22945.0
1718653670.7798772,100.0,22945.0
1718653671.0044656,18.0,22945.0
1718653671.200223,69.0,22945.0
1718653671.397832,99.0,22945.0
1718653671.5541646,100.0,22945.0
1718653671.7467146,100.0,22945.0
1718653671.920439,100.0,22945.0
1718653672.069985,100.0,22945.0
1718653672.2209473,100.0,22945.0
1718653672.3689308,93.0,22945.0
1718653672.5232365,49.0,22945.0
1718653672.6709797,49.0,22945.0
1718653672.8175073,100.0,22945.0
1718653672.9865096,99.0,22945.0
1718653673.1812148,100.0,22945.0
1718653673.3579526,100.0,22945.0
1718653673.5311239,100.0,22945.0
1718653673.6983218,100.0,22945.0
1718653673.8991108,43.0,22945.0
1718653674.0904834,43.0,22945.0
1718653674.2535348,100.0,22945.0
1718653674.4260304,99.0,22945.0
1718653674.579342,100.0,22945.0
1718653674.752439,100.0,22945.0
1718653674.9242048,100.0,22945.0
1718653675.093379,100.0,22945.0
1718653675.3158326,32.0,22945.0
1718653675.5451334,68.0,22945.0
1718653675.7740126,98.0,22945.0
1718653675.957764,100.0,22945.0
1718653676.1850836,100.0,22945.0
1718653676.3529468,100.0,22945.0
1718653676.5358472,100.0,22945.0
1718653676.7045538,100.0,22945.0
1718653676.8536315,95.0,22945.0
1718653677.0041306,55.0,22945.0
1718653677.1512048,99.0,22945.0
1718653677.3001287,99.0,22945.0
1718653677.4517658,100.0,22945.0
1718653677.6018064,100.0,22945.0
1718653677.7513385,100.0,22945.0
1718653677.9424624,100.0,22945.0
1718653678.1145957,100.0,22945.0
1718653678.303636,100.0,22945.0
1718653678.498144,36.0,22945.0
1718653678.6610334,100.0,22945.0
1718653678.8540657,99.0,22945.0
1718653679.0183966,100.0,22945.0
1718653679.1765153,100.0,22945.0
1718653679.3361845,100.0,22945.0
1718653679.5002341,100.0,22945.0
1718653679.693105,31.0,22945.0
1718653679.8684177,31.0,22945.0
1718653680.0501535,99.0,22945.0
1718653680.2703395,99.0,22945.0
1718653680.4467154,100.0,22945.0
1718653680.671801,100.0,22945.0
1718653680.9162939,100.0,22945.0
1718653681.0909011,100.0,22945.0
1718653681.283318,62.0,22945.0
1718653681.4542983,65.0,22945.0
1718653681.6175478,99.0,22945.0
1718653681.7654135,100.0,22945.0
1718653681.9140916,100.0,22945.0
1718653682.0658636,100.0,22945.0
1718653682.2163725,100.0,22945.0
1718653682.3659737,100.0,22945.0
1718653682.518728,100.0,22945.0
1718653682.7034853,100.0,22945.0
1718653682.8716915,37.0,22945.0
1718653683.0476773,100.0,22945.0
1718653683.222573,99.0,22945.0
1718653683.4340398,100.0,22945.0
1718653683.5895514,100.0,22945.0
1718653683.760637,100.0,22945.0
1718653683.9258022,100.0,22945.0
1718653684.0988595,100.0,22945.0
1718653684.2741754,30.0,22945.0
1718653684.447251,100.0,22945.0
1718653684.6087983,92.0,22945.0
1718653684.8254027,100.0,22945.0
1718653685.0923738,100.0,22945.0
1718653685.2974646,100.0,22945.0
1718653685.5030658,64.0,22945.0
1718653685.736661,64.0,22945.0
1718653685.9127798,62.0,22945.0
1718653686.0902402,98.0,22945.0
1718653686.2622352,100.0,22945.0
1718653686.4190068,100.0,22945.0
1718653686.5683436,100.0,22945.0
1718653686.7185295,100.0,22945.0
1718653686.8678172,100.0,22945.0
1718653687.0161228,100.0,22945.0
1718653687.1658752,100.0,22945.0
1718653687.314333,46.0,22945.0
1718653687.462697,100.0,22945.0
1718653687.6362164,92.0,22945.0
1718653687.8361526,100.0,22945.0
1718653688.0087874,100.0,22945.0
1718653688.179415,100.0,22945.0
1718653688.3860178,100.0,22945.0
1718653688.5752292,25.0,22945.0
1718653688.747669,25.0,22945.0
1718653688.9095516,91.0,22945.0
1718653689.0960076,99.0,22945.0
1718653689.293334,100.0,22945.0
1718653689.460567,100.0,22945.0
1718653689.6470199,100.0,22945.0
1718653689.8902678,100.0,22945.0
1718653690.0854433,70.0,22945.0
1718653690.3173082,98.0,22945.0
1718653690.5427086,100.0,22945.0
1718653690.736663,100.0,22945.0
1718653690.9018676,100.0,22945.0
1718653691.0839336,100.0,22945.0
1718653691.234344,100.0,22945.0
1718653691.3878958,100.0,22945.0
1718653691.5374284,95.0,22945.0
1718653691.6854036,54.0,22945.0
1718653691.8349028,99.0,22945.0
1718653691.9871228,99.0,22945.0
1718653692.1343775,100.0,22945.0
1718653692.2825346,100.0,22945.0
1718653692.453818,100.0,22945.0
1718653692.6437263,100.0,22945.0
1718653692.818857,100.0,22945.0
1718653692.9889605,100.0,22945.0
1718653693.16367,26.0,22945.0
1718653693.3217,100.0,22945.0
1718653693.5055902,99.0,22945.0
1718653693.6751137,100.0,22945.0
1718653693.832841,100.0,22945.0
1718653694.003851,100.0,22945.0
1718653694.196023,100.0,22945.0
1718653694.3742619,44.0,22945.0
1718653694.615145,66.0,22945.0
1718653694.8303297,99.0,22945.0
1718653695.0698223,100.0,22945.0
1718653695.3019571,100.0,22945.0
1718653695.4866698,100.0,22945.0
1718653695.659616,100.0,22945.0
1718653695.8439438,96.0,22945.0
1718653696.0359614,37.0,22945.0
1718653696.1865735,37.0,22945.0
1718653696.3366437,100.0,22945.0
1718653696.484848,99.0,22945.0
1718653696.6355426,99.0,22945.0
1718653696.7884655,100.0,22945.0
1718653696.9389014,100.0,22945.0
1718653697.0931246,100.0,22945.0
1718653697.2661815,100.0,22945.0
1718653697.4357717,100.0,22945.0
1718653697.6093497,32.0,22945.0
1718653697.788858,99.0,22945.0
1718653697.9545896,99.0,22945.0
1718653698.1171713,100.0,22945.0
1718653698.303057,100.0,22945.0
1718653698.4640968,100.0,22945.0
1718653698.6240194,100.0,22945.0
1718653698.7861748,58.0,22945.0
1718653698.9805572,67.0,22945.0
1718653699.1541944,98.0,22945.0
1718653699.405909,100.0,22945.0
1718653699.622979,100.0,22945.0
1718653699.8586373,100.0,22945.0
1718653700.0258455,100.0,22945.0
1718653700.251009,97.0,22945.0
1718653700.4468794,37.0,22945.0
1718653700.621778,37.0,22945.0
1718653700.7964103,100.0,22945.0
1718653700.946164,99.0,22945.0
1718653701.0942438,100.0,22945.0
1718653701.2412255,100.0,22945.0
1718653701.3910546,100.0,22945.0
1718653701.539292,100.0,22945.0
1718653701.688628,100.0,22945.0
1718653701.839097,35.0,22945.0
1718653702.0312033,35.0,22945.0
1718653702.2007275,100.0,22945.0
1718653702.3665907,99.0,22945.0
1718653702.5354383,100.0,22945.0
1718653702.728978,100.0,22945.0
1718653702.8859591,100.0,22945.0
1718653703.061878,100.0,22945.0
1718653703.2289774,52.0,22945.0
1718653703.4340007,65.0,22945.0
1718653703.625856,99.0,22945.0
1718653703.8194861,100.0,22945.0
1718653704.014705,100.0,22945.0
1718653704.253931,100.0,22945.0
1718653704.429378,100.0,22945.0
1718653704.6499329,98.0,22945.0
1718653704.8948178,9.0,22945.0
1718653705.0706868,100.0,22945.0
1718653705.2377195,100.0,22945.0
1718653705.4093292,99.0,22945.0
1718653705.5691888,100.0,22945.0
1718653705.7189462,100.0,22945.0
1718653705.8722,100.0,22945.0
1718653706.0204947,100.0,22945.0
1718653706.1688888,100.0,22945.0
1718653706.3163896,55.0,22945.0
1718653706.4638925,55.0,22945.0
1718653706.611471,95.0,22945.0
1718653706.7802804,99.0,22945.0
1718653706.9517992,100.0,22945.0
1718653707.1202269,100.0,22945.0
1718653707.3057103,100.0,22945.0
1718653707.4850292,100.0,22945.0
1718653707.664967,68.0,22945.0
1718653707.8491879,66.0,22945.0
1718653708.00912,66.0,22945.0
1718653708.175638,95.0,22945.0
1718653708.3511202,100.0,22945.0
1718653708.5398228,100.0,22945.0
1718653708.7276642,100.0,22945.0
1718653708.9465563,100.0,22945.0
1718653709.1966624,1.0,22945.0
1718653709.4375265,1.0,22945.0
1718653709.6342902,99.0,22945.0
1718653709.8548,99.0,22945.0
1718653710.0071535,100.0,22945.0
1718653710.1881115,100.0,22945.0
1718653710.3545132,100.0,22945.0
1718653710.5038705,100.0,22945.0
1718653710.6578777,100.0,22945.0
1718653710.819661,59.0,22945.0
1718653710.9708247,82.0,22945.0
1718653711.1231265,82.0,22945.0
1718653711.2756658,99.0,22945.0
1718653711.4278646,100.0,22945.0
1718653711.6119869,100.0,22945.0
1718653711.7983875,100.0,22945.0
1718653711.9592552,100.0,22945.0
1718653712.1403794,81.0,22945.0
1718653712.3415406,81.0,22945.0
1718653712.5181885,100.0,22945.0
1718653712.6831799,99.0,22945.0
1718653712.8604336,100.0,22945.0
1718653713.0462608,100.0,22945.0
1718653713.2163134,100.0,22945.0
1718653713.3777046,100.0,22945.0
1718653713.6085606,40.0,22945.0
1718653713.8603742,52.0,22945.0
1718653714.0897262,99.0,22945.0
1718653714.271023,91.0,22945.0
1718653714.5069702,100.0,22945.0
1718653714.6905773,100.0,22945.0
1718653714.8631334,100.0,22945.0
1718653715.0423534,100.0,22945.0
1718653715.191191,100.0,22945.0
1718653715.3466778,44.0,22945.0
1718653715.4944165,44.0,22945.0
1718653715.6410923,100.0,22945.0
1718653715.7903736,99.0,22945.0
1718653715.9386725,99.0,22945.0
1718653716.0868573,100.0,22945.0
1718653716.2395837,100.0,22945.0
1718653716.4109883,100.0,22945.0
1718653716.578841,100.0,22945.0
1718653716.7451587,100.0,22945.0
1718653716.9168737,38.0,22945.0
1718653717.0948334,99.0,22945.0
1718653717.256075,99.0,22945.0
1718653717.4219477,100.0,22945.0
1718653717.5748272,100.0,22945.0
1718653717.7383049,100.0,22945.0
1718653717.9151952,100.0,22945.0
1718653718.0988169,68.0,22945.0
1718653718.2677367,58.0,22945.0
1718653718.5318515,99.0,22945.0
1718653718.7684078,100.0,22945.0
1718653719.0118344,100.0,22945.0
1718653719.2064612,100.0,22945.0
1718653719.4376962,100.0,22945.0
1718653719.608315,100.0,22945.0
1718653719.8042035,20.0,22945.0
1718653719.970511,100.0,22945.0
1718653720.1261053,100.0,22945.0
1718653720.2774277,99.0,22945.0
1718653720.4241474,100.0,22945.0
1718653720.573725,100.0,22945.0
1718653720.7223563,100.0,22945.0
1718653720.872139,100.0,22945.0
1718653721.063718,100.0,22945.0
1718653721.2358446,48.0,22945.0
1718653721.404754,76.0,22945.0
1718653721.584851,99.0,22945.0
1718653721.7871838,100.0,22945.0
1718653721.9466465,100.0,22945.0
1718653722.1320646,100.0,22945.0
1718653722.2875483,100.0,22945.0
1718653722.4578292,100.0,22945.0
1718653722.6269171,86.0,22945.0
1718653722.8189993,34.0,22945.0
1718653722.999018,100.0,22945.0
1718653723.2146583,99.0,22945.0
1718653723.4312198,100.0,22945.0
1718653723.6727128,100.0,22945.0
1718653723.8772633,100.0,22945.0
1718653724.1049774,100.0,22945.0
1718653724.2931426,26.0,22945.0
1718653724.461437,90.0,22945.0
1718653724.6323385,97.0,22945.0
1718653724.7864478,100.0,22945.0
1718653724.9392784,100.0,22945.0
1718653725.0899124,100.0,22945.0
1718653725.239164,100.0,22945.0
1718653725.3880682,100.0,22945.0
1718653725.5386758,100.0,22945.0
1718653725.7019122,75.0,22945.0
1718653725.8636892,67.0,22945.0
1718653726.0463073,99.0,22945.0
1718653726.2278466,100.0,22945.0
1718653726.3942907,100.0,22945.0
1718653726.559336,100.0,22945.0
1718653726.7338552,100.0,22945.0
1718653726.9042194,100.0,22945.0
1718653727.0733528,96.0,22945.0
1718653727.2618895,40.0,22945.0
1718653727.4476116,100.0,22945.0
1718653727.6207607,98.0,22945.0
1718653727.787543,100.0,22945.0
1718653727.954494,100.0,22945.0
1718653728.2136266,100.0,22945.0
1718653728.3890386,100.0,22945.0
1718653728.6366563,22.0,22945.0
1718653728.8564153,81.0,22945.0
1718653729.031074,99.0,22945.0
1718653729.2048485,100.0,22945.0
1718653729.3766708,100.0,22945.0
1718653729.5460057,100.0,22945.0
1718653729.6984768,100.0,22945.0
1718653729.8463485,100.0,22945.0
1718653729.9937506,79.0,22945.0
1718653730.15354,79.0,22945.0
1718653730.3019013,66.0,22945.0
1718653730.4480906,99.0,22945.0
1718653730.5966372,100.0,22945.0
1718653730.7699444,100.0,22945.0
1718653730.9434814,100.0,22945.0
1718653731.1115866,100.0,22945.0
1718653731.2819548,100.0,22945.0
1718653731.4741347,97.0,22945.0
1718653731.645498,41.0,22945.0
1718653731.817764,41.0,22945.0
1718653731.9780192,100.0,22945.0
1718653732.1376193,99.0,22945.0
1718653732.3077872,100.0,22945.0
1718653732.4739642,100.0,22945.0
1718653732.6418865,100.0,22945.0
1718653732.872459,100.0,22945.0
1718653733.102509,20.0,22945.0
1718653733.3270738,99.0,22945.0
1718653733.550932,100.0,22945.0
1718653733.7779536,100.0,22945.0
1718653733.947764,100.0,22945.0
1718653734.1194942,100.0,22945.0
1718653734.2892277,100.0,22945.0
1718653734.4381347,64.0,22945.0
1718653734.5865533,64.0,22945.0
1718653734.738661,88.0,22945.0
1718653734.8865263,99.0,22945.0
1718653735.0352042,100.0,22945.0
1718653735.1825018,100.0,22945.0
1718653735.3298101,100.0,22945.0
1718653735.4792986,100.0,22945.0
1718653735.6689267,100.0,22945.0
1718653735.8625815,73.0,22945.0
1718653736.0360577,47.0,22945.0
1718653736.2103388,47.0,22945.0
1718653736.4064548,93.0,22945.0
1718653736.5748274,100.0,22945.0
1718653736.73096,100.0,22945.0
1718653736.8962624,100.0,22945.0
1718653737.0591867,100.0,22945.0
1718653737.23812,100.0,22945.0
1718653737.420146,38.0,22945.0
1718653737.6384494,100.0,22945.0
1718653737.8773737,98.0,22945.0
1718653738.102097,100.0,22945.0
1718653738.295444,100.0,22945.0
1718653738.5237253,100.0,22945.0
1718653738.686139,100.0,22945.0
1718653738.8898551,45.0,22945.0
1718653739.0714366,86.0,22945.0
1718653739.2222457,86.0,22945.0
1718653739.3720045,99.0,22945.0
1718653739.5202403,100.0,22945.0
1718653739.6678293,100.0,22945.0
1718653739.8154976,100.0,22945.0
1718653739.96278,100.0,22945.0
1718653740.1326737,100.0,22945.0
1718653740.3213577,77.0,22945.0
1718653740.500894,47.0,22945.0
1718653740.6857047,100.0,22945.0
1718653740.8540804,99.0,22945.0
1718653741.0291574,100.0,22945.0
1718653741.195963,100.0,22945.0
1718653741.3632145,100.0,22945.0
1718653741.5349116,100.0,22945.0
1718653741.7040498,100.0,22945.0
1718653741.8931985,32.0,22945.0
1718653742.0793655,100.0,22945.0
1718653742.2790792,98.0,22945.0
1718653742.522796,100.0,22945.0
1718653742.7586021,100.0,22945.0
1718653742.9912896,100.0,22945.0
1718653743.2254293,45.0,22945.0
1718653743.394453,45.0,22945.0
1718653743.592577,89.0,22945.0
1718653743.7591398,99.0,22945.0
1718653743.9106965,100.0,22945.0
1718653744.0630116,100.0,22945.0
1718653744.212361,100.0,22945.0
1718653744.3644476,100.0,22945.0
1718653744.5160446,100.0,22945.0
1718653744.6720722,73.0,22945.0
1718653744.848098,73.0,22945.0
1718653745.0209951,67.0,22945.0
1718653745.2038465,91.0,22945.0
1718653745.3958342,100.0,22945.0
1718653745.5673172,100.0,22945.0
1718653745.7540748,100.0,22945.0
1718653745.932775,100.0,22945.0
1718653746.086182,100.0,22945.0
1718653746.2512596,100.0,22945.0
1718653746.4261992,30.0,22945.0
1718653746.6090243,100.0,22945.0
1718653746.774783,99.0,22945.0
1718653746.9465587,100.0,22945.0
1718653747.1971078,100.0,22945.0
1718653747.3688586,100.0,22945.0
1718653747.6002893,37.0,22945.0
1718653747.8089352,37.0,22945.0
1718653747.983582,73.0,22945.0
1718653748.1341968,99.0,22945.0
1718653748.304673,100.0,22945.0
1718653748.4805658,100.0,22945.0
1718653748.6281407,100.0,22945.0
1718653748.7756767,100.0,22945.0
1718653748.9241843,100.0,22945.0
1718653749.068053,100.0,22945.0
1718653749.217995,90.0,22945.0
1718653749.3652034,57.0,22945.0
1718653749.5144033,99.0,22945.0
1718653749.6981168,100.0,22945.0
1718653749.8927088,100.0,22945.0
1718653750.0618422,100.0,22945.0
1718653750.2577093,100.0,22945.0
1718653750.4631689,100.0,22945.0
1718653750.6462858,100.0,22945.0
1718653750.8046572,17.0,22945.0
1718653750.9823937,100.0,22945.0
1718653751.1510494,99.0,22945.0
1718653751.3385015,100.0,22945.0
1718653751.5224402,100.0,22945.0
1718653751.759579,100.0,22945.0
1718653752.0311935,50.0,22945.0
1718653752.3220084,36.0,22945.0
1718653752.5799468,100.0,22945.0
1718653752.7751899,97.0,22945.0
1718653752.9731195,100.0,22945.0
1718653753.1448414,100.0,22945.0
1718653753.293616,100.0,22945.0
1718653753.4414604,100.0,22945.0
1718653753.5889978,100.0,22945.0
1718653753.7476761,51.0,22945.0
1718653753.8982322,51.0,22945.0
1718653754.0493555,100.0,22945.0
1718653754.2004843,99.0,22945.0
1718653754.350879,100.0,22945.0
1718653754.5323727,100.0,22945.0
1718653754.7076113,100.0,22945.0
1718653754.9040165,100.0,22945.0
1718653755.0835438,100.0,22945.0
1718653755.2761161,38.0,22945.0
1718653755.4347672,86.0,22945.0
1718653755.6073143,89.0,22945.0
1718653755.7683003,100.0,22945.0
1718653755.9266768,100.0,22945.0
1718653756.125004,100.0,22945.0
1718653756.3393764,100.0,22945.0
1718653756.5701509,86.0,22945.0
1718653756.7757704,21.0,22945.0
1718653756.9875343,100.0,22945.0
1718653757.1582727,99.0,22945.0
1718653757.4286876,100.0,22945.0
1718653757.6105433,100.0,22945.0
1718653757.7992213,100.0,22945.0
1718653757.976968,100.0,22945.0
1718653758.1256323,53.0,22945.0
1718653758.2735517,53.0,22945.0
1718653758.4208453,100.0,22945.0
1718653758.5698643,99.0,22945.0
1718653758.7196522,99.0,22945.0
1718653758.8676329,100.0,22945.0
1718653759.070364,100.0,22945.0
1718653759.2560766,100.0,22945.0
1718653759.4438295,100.0,22945.0
1718653759.6434038,50.0,22945.0
1718653759.850789,72.0,22945.0
1718653760.0073793,99.0,22945.0
1718653760.1878507,100.0,22945.0
1718653760.356459,100.0,22945.0
1718653760.5363739,100.0,22945.0
1718653760.7029767,100.0,22945.0
1718653760.8719134,100.0,22945.0
1718653761.048305,10.0,22945.0
1718653761.270734,100.0,22945.0
1718653761.4865553,99.0,22945.0
1718653761.7407143,100.0,22945.0
1718653761.9584599,100.0,22945.0
1718653762.1427495,100.0,22945.0
1718653762.3118446,100.0,22945.0
1718653762.5013003,100.0,22945.0
1718653762.6584768,53.0,22945.0
1718653762.8125408,88.0,22945.0
1718653762.9633253,99.0,22945.0
1718653763.1148372,99.0,22945.0
1718653763.26514,100.0,22945.0
1718653763.4156404,100.0,22945.0
1718653763.5665288,100.0,22945.0
1718653763.7194643,100.0,22945.0
1718653763.919603,100.0,22945.0
1718653764.1286852,75.0,22945.0
1718653764.2904584,35.0,22945.0
1718653764.4702623,100.0,22945.0
1718653764.6442916,99.0,22945.0
1718653764.7975278,100.0,22945.0
1718653764.9713259,100.0,22945.0
1718653765.130798,100.0,22945.0
1718653765.309315,100.0,22945.0
1718653765.4964614,32.0,22945.0
1718653765.6884618,32.0,22945.0
1718653765.8696218,100.0,22945.0
1718653766.058192,100.0,22945.0
1718653766.3217926,100.0,22945.0
1718653766.5459561,100.0,22945.0
1718653766.7564392,100.0,22945.0
1718653766.9862545,56.0,22945.0
1718653767.154478,66.0,22945.0
1718653767.3452642,66.0,22945.0
1718653767.5251153,99.0,22945.0
1718653767.6733658,100.0,22945.0
1718653767.8219857,100.0,22945.0
1718653767.9720433,100.0,22945.0
1718653768.120753,100.0,22945.0
1718653768.2685657,100.0,22945.0
1718653768.414692,98.0,22945.0
1718653768.580117,98.0,22945.0
1718653768.751613,26.0,22945.0
1718653768.9263804,100.0,22945.0
1718653769.1170154,98.0,22945.0
1718653769.2975805,100.0,22945.0
1718653769.5002637,100.0,22945.0
1718653769.6890347,100.0,22945.0
1718653769.8696182,100.0,22945.0
1718653770.0248458,36.0,22945.0
1718653770.1971312,93.0,22945.0
1718653770.3651195,99.0,22945.0
1718653770.5398848,100.0,22945.0
1718653770.7226171,100.0,22945.0
1718653770.9617388,100.0,22945.0
1718653771.190848,100.0,22945.0
1718653771.4320064,68.0,22945.0
1718653771.6255016,50.0,22945.0
1718653771.855104,100.0,22945.0
1718653772.021015,99.0,22945.0
1718653772.2051656,100.0,22945.0
1718653772.3695328,100.0,22945.0
1718653772.5206146,100.0,22945.0
1718653772.6671956,100.0,22945.0
1718653772.8159778,100.0,22945.0
1718653772.9623504,100.0,22945.0
1718653773.1102014,46.0,22945.0
1718653773.2586424,100.0,22945.0
1718653773.406007,99.0,22945.0
1718653773.6073756,99.0,22945.0
1718653773.7769485,100.0,22945.0
1718653773.9585068,100.0,22945.0
1718653774.1384082,100.0,22945.0
1718653774.346337,100.0,22945.0
1718653774.51013,29.0,22945.0
1718653774.7002869,100.0,22945.0
1718653774.8827462,98.0,22945.0
1718653775.0647264,100.0,22945.0
1718653775.23714,100.0,22945.0
1718653775.4094684,100.0,22945.0
1718653775.5645776,100.0,22945.0
1718653775.7907705,58.0,22945.0
1718653776.029497,49.0,22945.0
1718653776.2485607,99.0,22945.0
1718653776.4375362,100.0,22945.0
1718653776.6389503,100.0,22945.0
1718653776.8159719,100.0,22945.0
1718653776.9991806,100.0,22945.0
1718653777.1726701,100.0,22945.0
1718653777.3203042,100.0,22945.0
1718653777.476625,42.0,22945.0
1718653777.6279886,42.0,22945.0
1718653777.7785456,100.0,22945.0
1718653777.9309962,99.0,22945.0
1718653778.083492,100.0,22945.0
1718653778.2806222,100.0,22945.0
1718653778.451851,100.0,22945.0
1718653778.6378517,100.0,22945.0
1718653778.8116782,33.0,22945.0
1718653779.0007577,33.0,22945.0
1718653779.1627412,94.0,22945.0
1718653779.349977,99.0,22945.0
1718653779.5115838,100.0,22945.0
1718653779.679254,100.0,22945.0
1718653779.8375175,100.0,22945.0
1718653780.0019462,100.0,22945.0
1718653780.188184,66.0,22945.0
1718653780.3736913,35.0,22945.0
1718653780.5984275,100.0,22945.0
1718653780.7989428,97.0,22945.0
1718653781.021353,100.0,22945.0
1718653781.2609584,100.0,22945.0
1718653781.4390006,100.0,22945.0
1718653781.6081734,100.0,22945.0
1718653781.7947981,100.0,22945.0
1718653781.959819,28.0,22945.0
1718653782.116612,96.0,22945.0
1718653782.2718985,99.0,22945.0
1718653782.419517,99.0,22945.0
1718653782.5730581,100.0,22945.0
1718653782.7284563,100.0,22945.0
1718653782.8869748,100.0,22945.0
1718653783.045554,100.0,22945.0
1718653783.2314436,100.0,22945.0
1718653783.431001,66.0,22945.0
1718653783.617689,67.0,22945.0
1718653783.788732,99.0,22945.0
1718653784.0089552,100.0,22945.0
1718653784.1722755,100.0,22945.0
1718653784.3434587,100.0,22945.0
1718653784.514364,100.0,22945.0
1718653784.6804965,93.0,22945.0
1718653784.8657007,39.0,22945.0
1718653785.046598,100.0,22945.0
1718653785.214432,99.0,22945.0
1718653785.4714797,100.0,22945.0
1718653785.6317043,100.0,22945.0
1718653785.8726728,100.0,22945.0
1718653786.0933046,100.0,22945.0
1718653786.2619529,24.0,22945.0
1718653786.4230676,24.0,22945.0
1718653786.5918493,100.0,22945.0
1718653786.783273,99.0,22945.0
1718653786.939553,100.0,22945.0
1718653787.0879302,100.0,22945.0
1718653787.2357843,100.0,22945.0
1718653787.3830457,100.0,22945.0
1718653787.5295951,100.0,22945.0
1718653787.6796415,58.0,22945.0
1718653787.8711233,58.0,22945.0
1718653788.0455465,79.0,22945.0
1718653788.2179146,99.0,22945.0
1718653788.404514,100.0,22945.0
1718653788.5729644,100.0,22945.0
1718653788.741324,100.0,22945.0
1718653788.926487,100.0,22945.0
1718653789.082602,81.0,22945.0
1718653789.2798371,81.0,22945.0
1718653789.4594426,100.0,22945.0
1718653789.6345556,98.0,22945.0
1718653789.812195,100.0,22945.0
1718653790.035132,100.0,22945.0
1718653790.2921653,100.0,22945.0
1718653790.5145547,100.0,22945.0
1718653790.7424867,19.0,22945.0
1718653790.9631295,85.0,22945.0
1718653791.1282291,99.0,22945.0
1718653791.2946868,100.0,22945.0
1718653791.4796777,100.0,22945.0
1718653791.629481,100.0,22945.0
1718653791.778559,100.0,22945.0
1718653791.9271567,100.0,22945.0
1718653792.0753822,100.0,22945.0
1718653792.2350814,75.0,22945.0
1718653792.383065,72.0,22945.0
1718653792.5318007,99.0,22945.0
1718653792.7260544,100.0,22945.0
1718653792.9029307,100.0,22945.0
1718653793.1044369,100.0,22945.0
1718653793.2816794,100.0,22945.0
1718653793.4873362,100.0,22945.0
1718653793.648341,45.0,22945.0
1718653793.8229117,45.0,22945.0
1718653793.9949248,100.0,22945.0
1718653794.149749,99.0,22945.0
1718653794.3176312,100.0,22945.0
1718653794.5033674,100.0,22945.0
1718653794.666794,100.0,22945.0
1718653794.892166,100.0,22945.0
1718653795.143271,32.0,22945.0
1718653795.370145,100.0,22945.0
1718653795.5371885,99.0,22945.0
1718653795.7623007,100.0,22945.0
1718653795.926569,100.0,22945.0
1718653796.1049051,100.0,22945.0
1718653796.2982323,100.0,22945.0
1718653796.447216,100.0,22945.0
1718653796.5997744,44.0,22945.0
1718653796.7489936,100.0,22945.0
1718653796.8958285,100.0,22945.0
1718653797.0445416,99.0,22945.0
1718653797.190595,100.0,22945.0
1718653797.3392346,100.0,22945.0
1718653797.515309,100.0,22945.0
1718653797.7034645,100.0,22945.0
1718653797.8918386,100.0,22945.0
1718653798.1050642,51.0,22945.0
1718653798.3192651,51.0,22945.0
1718653798.4722466,99.0,22945.0
1718653798.6433318,100.0,22945.0
1718653798.7977293,100.0,22945.0
1718653798.9608746,100.0,22945.0
1718653799.1375992,100.0,22945.0
1718653799.3157043,100.0,22945.0
1718653799.4813225,35.0,22945.0
1718653799.715278,100.0,22945.0
1718653799.9692602,97.0,22945.0
1718653800.1844943,100.0,22945.0
1718653800.3710723,100.0,22945.0
1718653800.608713,100.0,22945.0
1718653800.802302,100.0,22945.0
1718653800.9998426,34.0,22945.0
1718653801.1742163,89.0,22945.0
1718653801.3218625,89.0,22945.0
1718653801.4690523,99.0,22945.0
1718653801.6164064,100.0,22945.0
1718653801.7632346,100.0,22945.0
1718653801.9118216,100.0,22945.0
1718653802.0616546,100.0,22945.0
1718653802.2110023,100.0,22945.0
1718653802.3607912,71.0,22945.0
1718653802.563155,71.0,22945.0
1718653802.7233377,60.0,22945.0
1718653802.8887064,99.0,22945.0
1718653803.0592878,100.0,22945.0
1718653803.2660217,100.0,22945.0
1718653803.4258406,100.0,22945.0
1718653803.6038742,100.0,22945.0
1718653803.7763393,99.0,22945.0
1718653803.9507291,24.0,22945.0
1718653804.1162663,100.0,22945.0
1718653804.2975318,100.0,22945.0
1718653804.4623573,100.0,22945.0
1718653804.694898,100.0,22945.0
1718653804.921009,100.0,22945.0
1718653805.1244338,100.0,22945.0
1718653805.3142872,36.0,22945.0
1718653805.552722,36.0,22945.0
1718653805.7001383,72.0,22945.0
1718653805.878809,94.0,22945.0
1718653806.0591762,100.0,22945.0
1718653806.2058527,100.0,22945.0
1718653806.3512187,100.0,22945.0
1718653806.4971592,100.0,22945.0
1718653806.6449568,100.0,22945.0
1718653806.7975235,93.0,22945.0
1718653806.95151,93.0,22945.0
1718653807.1012766,51.0,22945.0
1718653807.292961,99.0,22945.0
1718653807.4781997,100.0,22945.0
1718653807.6544957,100.0,22945.0
1718653807.8324668,100.0,22945.0
1718653808.0185275,100.0,22945.0
1718653808.1838512,100.0,22945.0
1718653808.3458831,36.0,22945.0
1718653808.511842,100.0,22945.0
1718653808.6982417,100.0,22945.0
1718653808.8608096,99.0,22945.0
1718653809.0292294,100.0,22945.0
1718653809.1875665,100.0,22945.0
1718653809.457342,100.0,22945.0
1718653809.6558206,100.0,22945.0
1718653809.8990617,34.0,22945.0
1718653810.0956142,78.0,22945.0
1718653810.2968016,98.0,22945.0
1718653810.4601705,100.0,22945.0
1718653810.6347501,100.0,22945.0
1718653810.8033297,100.0,22945.0
1718653810.9531775,100.0,22945.0
1718653811.1003633,100.0,22945.0
1718653811.249956,83.0,22945.0
1718653811.4002483,83.0,22945.0
1718653811.5509772,62.0,22945.0
1718653811.6979196,96.0,22945.0
1718653811.8473105,100.0,22945.0
1718653812.015848,100.0,22945.0
1718653812.190788,100.0,22945.0
1718653812.3626475,100.0,22945.0
1718653812.541523,100.0,22945.0
1718653812.716401,100.0,22945.0
1718653812.8967397,33.0,22945.0
1718653813.0826375,100.0,22945.0
1718653813.237874,99.0,22945.0
1718653813.4032784,100.0,22945.0
1718653813.5875459,100.0,22945.0
1718653813.7608337,100.0,22945.0
1718653813.9282641,100.0,22945.0
1718653814.1145277,30.0,22945.0
1718653814.3502727,76.0,22945.0
1718653814.590488,99.0,22945.0
1718653814.8160563,100.0,22945.0
1718653815.0113924,100.0,22945.0
1718653815.2254052,100.0,22945.0
1718653815.3763254,100.0,22945.0
1718653815.5541525,100.0,22945.0
1718653815.7254105,86.0,22945.0
1718653815.873056,55.0,22945.0
1718653816.0252476,55.0,22945.0
1718653816.1776166,99.0,22945.0
1718653816.3277817,100.0,22945.0
1718653816.4776974,100.0,22945.0
1718653816.625844,100.0,22945.0
1718653816.7760046,100.0,22945.0
1718653816.9555438,100.0,22945.0
1718653817.1495552,100.0,22945.0
1718653817.327853,45.0,22945.0
1718653817.5097911,100.0,22945.0
1718653817.697412,99.0,22945.0
1718653817.8661895,100.0,22945.0
1718653818.0329735,100.0,22945.0
1718653818.2023604,100.0,22945.0
1718653818.3857744,100.0,22945.0
1718653818.5786371,32.0,22945.0
1718653818.7675881,100.0,22945.0
1718653818.9634788,99.0,22945.0
1718653819.207471,100.0,22945.0
1718653819.4447258,100.0,22945.0
1718653819.6548412,100.0,22945.0
1718653819.8920043,100.0,22945.0
1718653820.064252,50.0,22945.0
1718653820.2353141,89.0,22945.0
1718653820.412956,89.0,22945.0
1718653820.5589633,99.0,22945.0
1718653820.707327,100.0,22945.0
1718653820.8577197,100.0,22945.0
1718653821.0088894,100.0,22945.0
1718653821.160355,100.0,22945.0
1718653821.3106706,100.0,22945.0
1718653821.4697008,72.0,22945.0
1718653821.705858,44.0,22945.0
1718653821.8746877,100.0,22945.0
1718653822.039848,99.0,22945.0
1718653822.218366,100.0,22945.0
1718653822.4065316,100.0,22945.0
1718653822.5640526,100.0,22945.0
1718653822.7509449,100.0,22945.0
1718653822.918087,100.0,22945.0
1718653823.0750718,18.0,22945.0
1718653823.2494988,100.0,22945.0
1718653823.4227772,99.0,22945.0
1718653823.6064723,100.0,22945.0
1718653823.8484943,100.0,22945.0
1718653824.065076,100.0,22945.0
1718653824.2877629,100.0,22945.0
1718653824.477212,59.0,22945.0
1718653824.7136252,47.0,22945.0
1718653824.8774908,100.0,22945.0
1718653825.0595446,99.0,22945.0
1718653825.2358894,99.0,22945.0
1718653825.3889313,100.0,22945.0
1718653825.5365007,100.0,22945.0
1718653825.6854324,100.0,22945.0
1718653825.835076,100.0,22945.0
1718653825.9853096,100.0,22945.0
1718653826.1348183,56.0,22945.0
1718653826.284359,100.0,22945.0
1718653826.4624615,99.0,22945.0
1718653826.6475124,99.0,22945.0
1718653826.8227334,100.0,22945.0
1718653827.015837,100.0,22945.0
1718653827.210976,100.0,22945.0
1718653827.3701906,100.0,22945.0
1718653827.553459,26.0,22945.0
1718653827.710436,100.0,22945.0
1718653827.8748302,99.0,22945.0
1718653828.039324,100.0,22945.0
1718653828.2205095,100.0,22945.0
1718653828.392775,100.0,22945.0
1718653828.6162784,100.0,22945.0
1718653828.8337924,58.0,22945.0
1718653829.099035,52.0,22945.0
1718653829.2878323,99.0,22945.0
1718653829.5215354,100.0,22945.0
1718653829.6733587,100.0,22945.0
1718653829.8498924,100.0,22945.0
1718653830.0264778,100.0,22945.0
1718653830.1814387,100.0,22945.0
1718653830.3308938,100.0,22945.0
1718653830.4828596,100.0,22945.0
1718653830.629652,47.0,22945.0
1718653830.77859,100.0,22945.0
1718653830.927676,99.0,22945.0
1718653831.0768864,100.0,22945.0
1718653831.2258933,100.0,22945.0
1718653831.4105847,100.0,22945.0
1718653831.5798528,100.0,22945.0
1718653831.7612505,100.0,22945.0
1718653831.9525664,31.0,22945.0
1718653832.1371274,100.0,22945.0
1718653832.2933097,99.0,22945.0
1718653832.470337,100.0,22945.0
1718653832.6243927,100.0,22945.0
1718653832.790778,100.0,22945.0
1718653832.9601367,100.0,22945.0
1718653833.1411104,100.0,22945.0
1718653833.3082974,54.0,22945.0
1718653833.4959884,96.0,22945.0
1718653833.723094,99.0,22945.0
1718653833.898701,100.0,22945.0
1718653834.1446776,100.0,22945.0
1718653834.3583446,100.0,22945.0
1718653834.5386953,100.0,22945.0
1718653834.7111888,63.0,22945.0
1718653834.90078,63.0,22945.0
1718653835.052785,65.0,22945.0
1718653835.200989,98.0,22945.0
1718653835.351528,100.0,22945.0
1718653835.4994614,100.0,22945.0
1718653835.6476882,100.0,22945.0
1718653835.7993197,100.0,22945.0
1718653835.947479,100.0,22945.0
1718653836.1273232,98.0,22945.0
1718653836.3229663,98.0,22945.0
1718653836.4957817,97.0,22945.0
1718653836.6922927,99.0,22945.0
1718653836.8890128,100.0,22945.0
1718653837.0507274,100.0,22945.0
1718653837.253024,100.0,22945.0
1718653837.4095962,100.0,22945.0
1718653837.5765913,100.0,22945.0
1718653837.7429044,66.0,22945.0
1718653837.946103,54.0,22945.0
1718653838.1114666,99.0,22945.0
1718653838.3488538,100.0,22945.0
1718653838.5610228,100.0,22945.0
1718653838.7650661,100.0,22945.0
1718653838.9553216,100.0,22945.0
1718653839.1949859,100.0,22945.0
1718653839.3692071,30.0,22945.0
1718653839.5471714,100.0,22945.0
1718653839.72694,100.0,22945.0
1718653839.8756728,98.0,22945.0
1718653840.0242903,100.0,22945.0
1718653840.173434,100.0,22945.0
1718653840.3219821,100.0,22945.0
1718653840.468606,100.0,22945.0
1718653840.6169567,100.0,22945.0
1718653840.7678428,45.0,22945.0
1718653840.942257,100.0,22945.0
1718653841.112848,99.0,22945.0
1718653841.2848787,100.0,22945.0
1718653841.459257,100.0,22945.0
1718653841.6326952,100.0,22945.0
1718653841.8311365,100.0,22945.0
1718653842.0104516,100.0,22945.0
1718653842.1648152,54.0,22945.0
1718653842.3398995,96.0,22945.0
1718653842.5210052,99.0,22945.0
1718653842.6955662,99.0,22945.0
1718653842.882021,100.0,22945.0
1718653843.111673,100.0,22945.0
1718653843.3774269,100.0,22945.0
1718653843.5898192,65.0,22945.0
1718653843.7829118,51.0,22945.0
1718653843.9999528,99.0,22945.0
1718653844.175777,100.0,22945.0
1718653844.3531978,100.0,22945.0
1718653844.5286832,100.0,22945.0
1718653844.6772697,100.0,22945.0
1718653844.8284805,100.0,22945.0
1718653844.977765,100.0,22945.0
1718653845.1249847,100.0,22945.0
1718653845.273759,48.0,22945.0
1718653845.4248261,100.0,22945.0
1718653845.5733604,100.0,22945.0
1718653845.7428591,99.0,22945.0
1718653845.9100385,100.0,22945.0
1718653846.0798476,100.0,22945.0
1718653846.255233,100.0,22945.0
1718653846.481568,100.0,22945.0
1718653846.6542902,38.0,22945.0
1718653846.8263118,100.0,22945.0
1718653846.9893048,89.0,22945.0
1718653847.1790268,100.0,22945.0
1718653847.3411741,100.0,22945.0
1718653847.5142393,100.0,22945.0
1718653847.6768675,100.0,22945.0
1718653847.8994136,59.0,22945.0
1718653848.1343002,66.0,22945.0
1718653848.3741083,97.0,22945.0
1718653848.5617874,100.0,22945.0
1718653848.765439,100.0,22945.0
1718653848.933824,100.0,22945.0
1718653849.1237538,100.0,22945.0
1718653849.2855778,100.0,22945.0
1718653849.4398973,97.0,22945.0
1718653849.5989337,97.0,22945.0
1718653849.7486112,46.0,22945.0
1718653849.8975906,100.0,22945.0
1718653850.0472078,99.0,22945.0
1718653850.1960459,99.0,22945.0
1718653850.351093,100.0,22945.0
1718653850.543047,100.0,22945.0
1718653850.7286282,100.0,22945.0
1718653850.9087427,100.0,22945.0
1718653851.0924728,18.0,22945.0
1718653851.283852,100.0,22945.0
1718653851.455763,99.0,22945.0
1718653851.6276956,100.0,22945.0
1718653851.776982,100.0,22945.0
1718653851.9378932,100.0,22945.0
1718653852.1249595,100.0,22945.0
1718653852.3048456,100.0,22945.0
1718653852.4638479,62.0,22945.0
1718653852.6588116,76.0,22945.0
1718653852.8994427,99.0,22945.0
1718653853.1347826,100.0,22945.0
1718653853.3417754,100.0,22945.0
1718653853.5377872,100.0,22945.0
1718653853.7409518,100.0,22945.0
1718653853.925212,85.0,22945.0
1718653854.0969164,52.0,22945.0
1718653854.245462,99.0,22945.0
1718653854.3954,99.0,22945.0
1718653854.5465329,100.0,22945.0
1718653854.6933033,100.0,22945.0
1718653854.8415248,100.0,22945.0
1718653854.9903758,100.0,22945.0
1718653855.1391652,100.0,22945.0
1718653855.3122323,100.0,22945.0
1718653855.5088217,20.0,22945.0
1718653855.6963048,100.0,22945.0
1718653855.8671956,99.0,22945.0
1718653856.0541553,100.0,22945.0
1718653856.2223568,100.0,22945.0
1718653856.4034035,100.0,22945.0
1718653856.5611875,100.0,22945.0
1718653856.7204306,100.0,22945.0
1718653856.915839,54.0,22945.0
1718653857.0922198,87.0,22945.0
1718653857.262012,99.0,22945.0
1718653857.5013216,100.0,22945.0
1718653857.7400532,100.0,22945.0
1718653857.961304,100.0,22945.0
1718653858.1455135,100.0,22945.0
1718653858.3837695,76.0,22945.0
1718653858.5476997,48.0,22945.0
1718653858.723539,100.0,22945.0
1718653858.8982022,99.0,22945.0
1718653859.0473306,99.0,22945.0
1718653859.195937,100.0,22945.0
1718653859.3464546,100.0,22945.0
1718653859.4924552,100.0,22945.0
1718653859.6400537,100.0,22945.0
1718653859.7884452,100.0,22945.0
1718653859.9381168,51.0,22945.0
1718653860.0875192,100.0,22945.0
1718653860.2654636,99.0,22945.0
1718653860.4779124,100.0,22945.0
1718653860.6404052,100.0,22945.0
1718653860.8148632,100.0,22945.0
1718653860.9999557,100.0,22945.0
1718653861.1681645,100.0,22945.0
1718653861.3571627,25.0,22945.0
1718653861.5287576,94.0,22945.0
1718653861.7141016,97.0,22945.0
1718653861.8913655,100.0,22945.0
1718653862.0813272,100.0,22945.0
1718653862.2387018,100.0,22945.0
1718653862.4603622,100.0,22945.0
1718653862.679821,69.0,22945.0
1718653862.938857,31.0,22945.0
1718653863.165343,100.0,22945.0
1718653863.3354259,99.0,22945.0
1718653863.4930015,100.0,22945.0
1718653863.692669,100.0,22945.0
1718653863.8489134,100.0,22945.0
1718653863.9958348,100.0,22945.0
1718653864.1435673,100.0,22945.0
1718653864.3116977,35.0,22945.0
1718653864.463316,100.0,22945.0
1718653864.6100314,100.0,22945.0
1718653864.7570415,99.0,22945.0
1718653864.970276,100.0,22945.0
1718653865.1497266,100.0,22945.0
1718653865.314766,100.0,22945.0
1718653865.4950955,100.0,22945.0
1718653865.6787539,57.0,22945.0
1718653865.8551836,61.0,22945.0
1718653866.026659,61.0,22945.0
1718653866.18246,92.0,22945.0
1718653866.354152,100.0,22945.0
1718653866.5412939,100.0,22945.0
1718653866.7084503,100.0,22945.0
1718653866.8825395,100.0,22945.0
1718653867.09702,100.0,22945.0
1718653867.3267283,10.0,22945.0
1718653867.5347877,95.0,22945.0
1718653867.7737677,98.0,22945.0
1718653867.989084,100.0,22945.0
1718653868.1658094,100.0,22945.0
1718653868.370688,100.0,22945.0
1718653868.5400105,100.0,22945.0
1718653868.692006,100.0,22945.0
1718653868.8502254,69.0,22945.0
1718653868.9999318,69.0,22945.0
1718653869.1492712,99.0,22945.0
1718653869.2983282,99.0,22945.0
1718653869.4466221,100.0,22945.0
1718653869.5990593,100.0,22945.0
1718653869.7501695,100.0,22945.0
1718653869.9595087,100.0,22945.0
1718653870.1269166,95.0,22945.0
1718653870.3242505,30.0,22945.0
1718653870.5056806,100.0,22945.0
1718653870.698155,95.0,22945.0
1718653870.8568718,100.0,22945.0
1718653871.025297,100.0,22945.0
1718653871.1809046,100.0,22945.0
1718653871.354776,100.0,22945.0
1718653871.5284822,100.0,22945.0
1718653871.727399,37.0,22945.0
1718653871.907564,97.0,22945.0
1718653872.1050386,99.0,22945.0
1718653872.3402917,100.0,22945.0
1718653872.5621538,100.0,22945.0
1718653872.785872,100.0,22945.0
1718653873.006515,100.0,22945.0
1718653873.1769671,64.0,22945.0
1718653873.3586264,79.0,22945.0
1718653873.5322847,99.0,22945.0
1718653873.684529,100.0,22945.0
1718653873.832838,100.0,22945.0
1718653873.9817069,100.0,22945.0
1718653874.1304593,100.0,22945.0
1718653874.279234,100.0,22945.0
1718653874.4275072,100.0,22945.0
1718653874.576122,83.0,22945.0
1718653874.7267628,70.0,22945.0
1718653874.918163,99.0,22945.0
1718653875.1037998,100.0,22945.0
1718653875.264831,100.0,22945.0
1718653875.445836,100.0,22945.0
1718653875.6241574,100.0,22945.0
1718653875.782019,100.0,22945.0
1718653875.9761581,94.0,22945.0
1718653876.138124,52.0,22945.0
1718653876.292581,97.0,22945.0
1718653876.471703,97.0,22945.0
1718653876.663344,95.0,22945.0
1718653876.8274431,100.0,22945.0
1718653877.0562155,100.0,22945.0
1718653877.3055933,100.0,22945.0
1718653877.5689785,17.0,22945.0
1718653877.775396,90.0,22945.0
1718653877.9734218,98.0,22945.0
1718653878.1420693,100.0,22945.0
1718653878.312481,100.0,22945.0
1718653878.4773517,100.0,22945.0
1718653878.6308339,100.0,22945.0
1718653878.7796578,100.0,22945.0
1718653878.9315305,100.0,22945.0
1718653879.0837498,71.0,22945.0
1718653879.2312572,73.0,22945.0
1718653879.3798237,99.0,22945.0
1718653879.5268934,100.0,22945.0
1718653879.6914358,100.0,22945.0
1718653879.8781736,100.0,22945.0
1718653880.0598726,100.0,22945.0
1718653880.2348807,100.0,22945.0
1718653880.4050171,88.0,22945.0
1718653880.6177762,33.0,22945.0
1718653880.783021,100.0,22945.0
1718653880.945643,99.0,22945.0
1718653881.1055477,99.0,22945.0
1718653881.2990606,100.0,22945.0
1718653881.480107,100.0,22945.0
1718653881.6651978,100.0,22945.0
1718653881.8378074,100.0,22945.0
1718653882.098922,29.0,22945.0
1718653882.2991014,99.0,22945.0
1718653882.5518513,100.0,22945.0
1718653882.778854,100.0,22945.0
1718653882.9813285,100.0,22945.0
1718653883.1504443,100.0,22945.0
1718653883.3151388,100.0,22945.0
1718653883.4906178,72.0,22945.0
1718653883.6392677,67.0,22945.0
1718653883.7870355,99.0,22945.0
1718653883.933595,100.0,22945.0
1718653884.0805569,100.0,22945.0
1718653884.2290988,100.0,22945.0
1718653884.376319,100.0,22945.0
1718653884.5776763,100.0,22945.0
1718653884.7543292,97.0,22945.0
1718653884.9340644,28.0,22945.0
1718653885.1062202,28.0,22945.0
1718653885.279981,100.0,22945.0
1718653885.436116,99.0,22945.0
1718653885.6179807,100.0,22945.0
1718653885.7816849,100.0,22945.0
1718653885.9527805,100.0,22945.0
1718653886.1170888,100.0,22945.0
1718653886.3238318,100.0,22945.0
1718653886.495098,40.0,22945.0
1718653886.7249267,99.0,22945.0
1718653886.96745,100.0,22945.0
1718653887.216089,100.0,22945.0
1718653887.402029,100.0,22945.0
1718653887.620174,100.0,22945.0
1718653887.793856,58.0,22945.0
1718653887.9808168,58.0,22945.0
1718653888.1589017,58.0,22945.0
1718653888.3070908,99.0,22945.0
1718653888.4553773,100.0,22945.0
1718653888.6034756,100.0,22945.0
1718653888.7518861,100.0,22945.0
1718653888.8993037,100.0,22945.0
1718653889.0474687,100.0,22945.0
1718653889.1977243,100.0,22945.0
1718653889.3667638,45.0,22945.0
1718653889.5369558,45.0,22945.0
1718653889.70672,100.0,22945.0
1718653889.8705971,99.0,22945.0
1718653890.0590987,100.0,22945.0
1718653890.238574,100.0,22945.0
1718653890.4065092,100.0,22945.0
1718653890.5920265,100.0,22945.0
1718653890.766313,42.0,22945.0
1718653890.956901,42.0,22945.0
1718653891.1332402,100.0,22945.0
1718653891.2949588,99.0,22945.0
1718653891.4500647,100.0,22945.0
1718653891.6875532,100.0,22945.0
1718653891.90079,100.0,22945.0
1718653892.1409345,100.0,22945.0
1718653892.324337,98.0,22945.0
1718653892.5363894,99.0,22945.0
1718653892.7083778,99.0,22945.0
1718653892.898935,100.0,22945.0
1718653893.070745,100.0,22945.0
1718653893.219109,100.0,22945.0
1718653893.3673484,100.0,22945.0
1718653893.5158005,100.0,22945.0
1718653893.6634152,62.0,22945.0
1718653893.8128407,88.0,22945.0
1718653893.9601762,88.0,22945.0
1718653894.110598,99.0,22945.0
1718653894.289043,100.0,22945.0
1718653894.4580224,100.0,22945.0
1718653894.619043,100.0,22945.0
1718653894.7903173,100.0,22945.0
1718653894.9922304,100.0,22945.0
1718653895.1480703,73.0,22945.0
1718653895.3277123,61.0,22945.0
1718653895.503055,94.0,22945.0
1718653895.6965048,100.0,22945.0
1718653895.8660228,100.0,22945.0
1718653896.043587,100.0,22945.0
1718653896.20189,100.0,22945.0
1718653896.4328341,100.0,22945.0
1718653896.6589515,24.0,22945.0
1718653896.8802748,100.0,22945.0
1718653897.0756092,99.0,22945.0
1718653897.2970142,100.0,22945.0
1718653897.449843,100.0,22945.0
1718653897.6484365,100.0,22945.0
1718653897.8370783,100.0,22945.0
1718653897.9897199,45.0,22945.0
1718653898.1487384,45.0,22945.0
1718653898.2988756,93.0,22945.0
1718653898.4468248,99.0,22945.0
1718653898.595671,99.0,22945.0
1718653898.744427,100.0,22945.0
1718653898.9029493,100.0,22945.0
1718653899.0829005,100.0,22945.0
1718653899.2620635,100.0,22945.0
1718653899.4484763,70.0,22945.0
1718653899.6357038,57.0,22945.0
1718653899.8372028,99.0,22945.0
1718653900.006248,99.0,22945.0
1718653900.180394,100.0,22945.0
1718653900.3381386,100.0,22945.0
1718653900.4935315,100.0,22945.0
1718653900.641857,100.0,22945.0
1718653900.8125768,100.0,22945.0
1718653900.9941835,100.0,22945.0
1718653901.153712,41.0,22945.0
1718653901.3728862,99.0,22945.0
1718653901.5928395,100.0,22945.0
1718653901.8412957,100.0,22945.0
1718653902.0037358,100.0,22945.0
1718653902.2261,100.0,22945.0
1718653902.3994694,31.0,22945.0
1718653902.5811684,31.0,22945.0
1718653902.7591405,100.0,22945.0
1718653902.9088888,99.0,22945.0
1718653903.0618463,100.0,22945.0
1718653903.2095826,100.0,22945.0
1718653903.3569336,100.0,22945.0
1718653903.5054107,100.0,22945.0
1718653903.6610165,100.0,22945.0
1718653903.8157666,100.0,22945.0
1718653903.9946542,55.0,22945.0
1718653904.177164,60.0,22945.0
1718653904.3598504,99.0,22945.0
1718653904.530073,100.0,22945.0
1718653904.767828,100.0,22945.0
1718653904.937122,100.0,22945.0
1718653905.097924,100.0,22945.0
1718653905.2597451,100.0,22945.0
1718653905.4831161,24.0,22945.0
1718653905.6784124,100.0,22945.0
1718653905.8668532,99.0,22945.0
1718653906.0665188,100.0,22945.0
1718653906.2904136,100.0,22945.0
1718653906.4688234,100.0,22945.0
1718653906.6808276,100.0,22945.0
1718653906.9039145,39.0,22945.0
1718653907.0982256,68.0,22945.0
1718653907.279849,99.0,22945.0
1718653907.4426754,100.0,22945.0
1718653907.604272,100.0,22945.0
1718653907.7528815,100.0,22945.0
1718653907.9005163,100.0,22945.0
1718653908.0475585,100.0,22945.0
1718653908.1951575,100.0,22945.0
1718653908.3435297,93.0,22945.0
1718653908.4942095,54.0,22945.0
1718653908.6455226,95.0,22945.0
1718653908.8206408,95.0,22945.0
1718653908.9819517,99.0,22945.0
1718653909.1631918,100.0,22945.0
1718653909.3420825,100.0,22945.0
1718653909.5184991,100.0,22945.0
1718653909.7027261,100.0,22945.0
1718653909.8956997,27.0,22945.0
1718653910.0530999,27.0,22945.0
1718653910.229598,100.0,22945.0
1718653910.3873894,99.0,22945.0
1718653910.6453753,100.0,22945.0
1718653910.8751059,100.0,22945.0
1718653911.0733917,100.0,22945.0
1718653911.380199,45.0,22945.0
1718653911.554421,85.0,22945.0
1718653911.7961907,98.0,22945.0
1718653911.9704773,100.0,22945.0
1718653912.1412797,100.0,22945.0
1718653912.3202395,100.0,22945.0
1718653912.4695706,100.0,22945.0
1718653912.6177657,100.0,22945.0
1718653912.7670934,77.0,22945.0
1718653912.9167533,77.0,22945.0
1718653913.0645351,77.0,22945.0
1718653913.2133522,99.0,22945.0
1718653913.3624394,100.0,22945.0
1718653913.533574,100.0,22945.0
1718653913.7207258,100.0,22945.0
1718653913.9002607,100.0,22945.0
1718653914.0702732,81.0,22945.0
1718653914.2783937,81.0,22945.0
1718653914.4446661,39.0,22945.0
1718653914.6185174,100.0,22945.0
1718653914.7866445,99.0,22945.0
1718653914.9668396,100.0,22945.0
1718653915.1643963,100.0,22945.0
1718653915.3444862,100.0,22945.0
1718653915.5195854,100.0,22945.0
1718653915.7308323,23.0,22945.0
1718653915.9086657,93.0,22945.0
1718653916.1311283,99.0,22945.0
1718653916.3182855,100.0,22945.0
1718653916.5325952,100.0,22945.0
1718653916.6977232,100.0,22945.0
1718653916.8775141,100.0,22945.0
1718653917.0482626,100.0,22945.0
1718653917.196025,67.0,22945.0
1718653917.3443995,79.0,22945.0
1718653917.494745,99.0,22945.0
1718653917.6424804,99.0,22945.0
1718653917.7899144,100.0,22945.0
1718653917.939407,100.0,22945.0
1718653918.087293,100.0,22945.0
1718653918.2365117,100.0,22945.0
1718653918.4065378,100.0,22945.0
1718653918.5821319,83.0,22945.0
1718653918.7660568,41.0,22945.0
1718653918.945334,100.0,22945.0
1718653919.122245,99.0,22945.0
1718653919.3195896,100.0,22945.0
1718653919.513544,100.0,22945.0
1718653919.6703753,100.0,22945.0
1718653919.8351505,100.0,22945.0
1718653920.0200126,100.0,22945.0
1718653920.2221744,23.0,22945.0
1718653920.3923562,100.0,22945.0
1718653920.609909,98.0,22945.0
1718653920.8298495,100.0,22945.0
1718653921.0241446,100.0,22945.0
1718653921.2617073,100.0,22945.0
1718653921.4713206,61.0,22945.0
1718653921.6635425,58.0,22945.0
1718653921.8494687,58.0,22945.0
1718653922.0306695,99.0,22945.0
1718653922.180939,100.0,22945.0
1718653922.3299456,100.0,22945.0
1718653922.4830806,100.0,22945.0
1718653922.632856,100.0,22945.0
1718653922.7848537,100.0,22945.0
1718653922.9379869,100.0,22945.0
1718653923.0883522,100.0,22945.0
1718653923.2681186,46.0,22945.0
1718653923.4374635,100.0,22945.0
1718653923.6240082,99.0,22945.0
1718653923.7922487,100.0,22945.0
1718653923.9603887,100.0,22945.0
1718653924.1630716,100.0,22945.0
1718653924.3277762,100.0,22945.0
1718653924.4994273,100.0,22945.0
1718653924.6839554,45.0,22945.0
1718653924.8613343,100.0,22945.0
1718653925.031832,99.0,22945.0
1718653925.2059124,100.0,22945.0
1718653925.363308,100.0,22945.0
1718653925.6192956,100.0,22945.0
1718653925.8096368,100.0,22945.0
1718653926.0495548,32.0,22945.0
1718653926.2790108,86.0,22945.0
1718653926.4573061,90.0,22945.0
1718653926.6204145,100.0,22945.0
1718653926.7916706,100.0,22945.0
1718653926.958424,100.0,22945.0
1718653927.105458,100.0,22945.0
1718653927.2534952,100.0,22945.0
1718653927.4029846,82.0,22945.0
1718653927.5547254,70.0,22945.0
1718653927.7064223,70.0,22945.0
1718653927.854642,99.0,22945.0
1718653928.0234258,100.0,22945.0
1718653928.2243075,100.0,22945.0
1718653928.395484,100.0,22945.0
1718653928.5794687,100.0,22945.0
1718653928.757164,90.0,22945.0
1718653928.9747832,90.0,22945.0
1718653929.1291544,30.0,22945.0
1718653929.302207,100.0,22945.0
1718653929.4711723,99.0,22945.0
1718653929.6443748,100.0,22945.0
1718653929.802765,100.0,22945.0
1718653929.9736426,100.0,22945.0
1718653930.1446323,100.0,22945.0
1718653930.3508348,31.0,22945.0
1718653930.616795,65.0,22945.0
1718653930.8262925,99.0,22945.0
1718653931.002403,100.0,22945.0
1718653931.2351058,100.0,22945.0
1718653931.4118533,100.0,22945.0
1718653931.5986052,100.0,22945.0
1718653931.7762809,96.0,22945.0
1718653931.927306,96.0,22945.0
1718653932.074378,50.0,22945.0
1718653932.2228913,100.0,22945.0
1718653932.3699946,100.0,22945.0
1718653932.5175915,99.0,22945.0
1718653932.6678467,100.0,22945.0
1718653932.823325,100.0,22945.0
1718653933.0057662,100.0,22945.0
1718653933.1928945,100.0,22945.0
1718653933.3992903,46.0,22945.0
1718653933.575887,100.0,22945.0
1718653933.7673724,100.0,22945.0
1718653933.9303987,99.0,22945.0
1718653934.110006,100.0,22945.0
1718653934.2745223,100.0,22945.0
1718653934.432335,100.0,22945.0
1718653934.6109905,100.0,22945.0
1718653934.789626,100.0,22945.0
1718653934.9637067,47.0,22945.0
1718653935.1796157,100.0,22945.0
1718653935.3945436,100.0,22945.0
1718653935.5915947,100.0,22945.0
1718653935.806412,100.0,22945.0
1718653936.0513535,100.0,22945.0
1718653936.2432618,43.0,22945.0
1718653936.425371,100.0,22945.0
1718653936.602876,99.0,22945.0
1718653936.7602797,99.0,22945.0
1718653936.9120884,100.0,22945.0
1718653937.0615087,100.0,22945.0
1718653937.2095525,100.0,22945.0
1718653937.357417,100.0,22945.0
1718653937.504975,100.0,22945.0
1718653937.6556838,55.0,22945.0
1718653937.8047416,97.0,22945.0
1718653937.9944904,97.0,22945.0
1718653938.1753616,99.0,22945.0
1718653938.3601732,100.0,22945.0
1718653938.5408297,100.0,22945.0
1718653938.7259438,100.0,22945.0
1718653938.8874762,100.0,22945.0
1718653939.0754845,63.0,22945.0
1718653939.2430816,63.0,22945.0
1718653939.3986788,89.0,22945.0
1718653939.5746875,100.0,22945.0
1718653939.7547605,100.0,22945.0
1718653939.9194558,100.0,22945.0
1718653940.0758238,100.0,22945.0
1718653940.3120337,100.0,22945.0
1718653940.5235558,34.0,22945.0
1718653940.775038,100.0,22945.0
1718653940.9517465,100.0,22945.0
1718653941.1552618,99.0,22945.0
1718653941.3154123,100.0,22945.0
1718653941.4945297,100.0,22945.0
1718653941.66057,100.0,22945.0
1718653941.8098123,100.0,22945.0
1718653941.9625595,100.0,22945.0
1718653942.1196628,40.0,22945.0
1718653942.2677977,100.0,22945.0
1718653942.4155648,100.0,22945.0
1718653942.5656722,99.0,22945.0
1718653942.7155685,100.0,22945.0
1718653942.8974364,100.0,22945.0
1718653943.0826724,100.0,22945.0
1718653943.269891,100.0,22945.0
1718653943.4420266,45.0,22945.0
1718653943.6495929,73.0,22945.0
1718653943.8528578,73.0,22945.0
1718653944.0112321,99.0,22945.0
1718653944.180314,100.0,22945.0
1718653944.3512435,100.0,22945.0
1718653944.5341852,100.0,22945.0
1718653944.6984255,100.0,22945.0
1718653944.9636192,1.0,22945.0
1718653945.1994812,97.0,22945.0
1718653945.439798,99.0,22945.0
1718653945.6071944,100.0,22945.0
1718653945.8380234,100.0,22945.0
1718653946.003941,100.0,22945.0
1718653946.1950939,100.0,22945.0
1718653946.3655517,100.0,22945.0
1718653946.5143716,61.0,22945.0
1718653946.6705272,91.0,22945.0
1718653946.8204136,91.0,22945.0
1718653946.9705458,99.0,22945.0
1718653947.1181583,100.0,22945.0
1718653947.2648947,100.0,22945.0
1718653947.4133105,100.0,22945.0
1718653947.5610018,100.0,22945.0
1718653947.7438474,100.0,22945.0
1718653947.912681,71.0,22945.0
1718653948.089561,64.0,22945.0
1718653948.2564104,99.0,22945.0
1718653948.4621956,99.0,22945.0
1718653948.6407337,100.0,22945.0
1718653948.8026843,100.0,22945.0
1718653948.9701786,100.0,22945.0
1718653949.1728046,100.0,22945.0
1718653949.3479316,97.0,22945.0
1718653949.531777,31.0,22945.0
1718653949.6925175,100.0,22945.0
1718653949.930229,98.0,22945.0
1718653950.1192157,100.0,22945.0
1718653950.340023,100.0,22945.0
1718653950.530199,100.0,22945.0
1718653950.7430215,100.0,22945.0
1718653950.8955204,32.0,22945.0
1718653951.0688045,99.0,22945.0
1718653951.2484958,99.0,22945.0
1718653951.3984556,99.0,22945.0
1718653951.5470893,100.0,22945.0
1718653951.6962504,100.0,22945.0
1718653951.8439474,100.0,22945.0
1718653951.9921796,100.0,22945.0
1718653952.1404507,100.0,22945.0
1718653952.3346863,61.0,22945.0
1718653952.5093143,69.0,22945.0
1718653952.6867187,99.0,22945.0
1718653952.8710039,99.0,22945.0
1718653953.0414426,100.0,22945.0
1718653953.2254052,100.0,22945.0
1718653953.4071295,100.0,22945.0
1718653953.5616925,100.0,22945.0
1718653953.730054,93.0,22945.0
1718653953.8928862,93.0,22945.0
1718653954.058093,42.0,22945.0
1718653954.2323542,100.0,22945.0
1718653954.3909512,99.0,22945.0
1718653954.6226442,100.0,22945.0
1718653954.8298302,100.0,22945.0
1718653955.0500686,100.0,22945.0
1718653955.274091,19.0,22945.0
1718653955.4736621,97.0,22945.0
1718653955.6430864,97.0,22945.0
1718653955.8150072,96.0,22945.0
1718653955.9759104,100.0,22945.0
1718653956.1252294,100.0,22945.0
1718653956.2752256,100.0,22945.0
1718653956.423768,100.0,22945.0
1718653956.5708797,100.0,22945.0
1718653956.7216642,66.0,22945.0
1718653956.8755279,66.0,22945.0
1718653957.0238338,75.0,22945.0
1718653957.1870496,99.0,22945.0
1718653957.373098,100.0,22945.0
1718653957.5545776,100.0,22945.0
1718653957.7324948,100.0,22945.0
1718653957.9015179,100.0,22945.0
1718653958.0865643,100.0,22945.0
1718653958.3017526,86.0,22945.0
1718653958.4524553,44.0,22945.0
1718653958.613066,100.0,22945.0
1718653958.794316,99.0,22945.0
1718653958.9668872,100.0,22945.0
1718653959.136666,100.0,22945.0
1718653959.3678467,100.0,22945.0
1718653959.5901868,100.0,22945.0
1718653959.837525,18.0,22945.0
1718653960.0217526,87.0,22945.0
1718653960.2391708,98.0,22945.0
1718653960.4082181,100.0,22945.0
1718653960.597851,100.0,22945.0
1718653960.7633502,100.0,22945.0
1718653960.9141295,100.0,22945.0
1718653961.063941,100.0,22945.0
1718653961.2137067,74.0,22945.0
1718653961.3632858,80.0,22945.0
1718653961.5136306,80.0,22945.0
1718653961.6624987,99.0,22945.0
1718653961.8162954,100.0,22945.0
1718653961.9990854,100.0,22945.0
1718653962.1971009,100.0,22945.0
1718653962.3739853,100.0,22945.0
1718653962.5474286,83.0,22945.0
1718653962.7692864,20.0,22945.0
1718653962.9324293,20.0,22945.0
1718653963.1019833,100.0,22945.0
1718653963.2760007,99.0,22945.0
1718653963.4419768,100.0,22945.0
1718653963.6031969,100.0,22945.0
1718653963.7734346,100.0,22945.0
1718653963.9322674,100.0,22945.0
1718653964.1702533,42.0,22945.0
1718653964.3947196,72.0,22945.0
1718653964.6341245,99.0,22945.0
1718653964.808974,100.0,22945.0
1718653965.0198379,100.0,22945.0
1718653965.175431,100.0,22945.0
1718653965.3495536,100.0,22945.0
1718653965.516588,100.0,22945.0
1718653965.668548,90.0,22945.0
1718653965.8187227,57.0,22945.0
1718653965.9680555,99.0,22945.0
1718653966.115085,99.0,22945.0
1718653966.319805,100.0,22945.0
1718653966.4678254,100.0,22945.0
1718653966.6144323,100.0,22945.0
1718653966.820602,100.0,22945.0
1718653966.9923222,100.0,22945.0
1718653967.1751194,100.0,22945.0
1718653967.3515687,100.0,22945.0
1718653967.5374024,99.0,22945.0
1718653967.7198505,100.0,22945.0
1718653967.9007215,100.0,22945.0
1718653968.0486832,100.0,22945.0
1718653968.210655,100.0,22945.0
1718653968.3744845,100.0,22945.0
1718653968.5610871,55.0,22945.0
1718653968.7529843,69.0,22945.0
1718653968.972923,99.0,22945.0
1718653969.2050793,100.0,22945.0
1718653969.4307094,100.0,22945.0
1718653969.621327,100.0,22945.0
1718653969.8597524,100.0,22945.0
1718653970.0231586,90.0,22945.0
1718653970.2079961,38.0,22945.0
1718653970.3708649,38.0,22945.0
1718653970.522006,100.0,22945.0
1718653970.672977,99.0,22945.0
1718653970.820271,100.0,22945.0
1718653970.9673018,100.0,22945.0
1718653971.1165338,100.0,22945.0
1718653971.2673287,100.0,22945.0
1718653971.4152718,100.0,22945.0
1718653971.5669901,100.0,22945.0
1718653971.770944,48.0,22945.0
1718653971.9478557,100.0,22945.0
1718653972.1089203,97.0,22945.0
1718653972.289146,100.0,22945.0
1718653972.4937916,100.0,22945.0
1718653972.6707704,100.0,22945.0
1718653972.835498,100.0,22945.0
1718653972.997961,37.0,22945.0
1718653973.1960857,89.0,22945.0
1718653973.393872,99.0,22945.0
1718653973.5580685,100.0,22945.0
1718653973.7950084,100.0,22945.0
1718653974.043642,100.0,22945.0
1718653974.2619123,100.0,22945.0
1718653974.4647334,73.0,22945.0
1718653974.7035737,25.0,22945.0
1718653974.8719177,100.0,22945.0
1718653975.0366867,99.0,22945.0
1718653975.2105584,99.0,22945.0
1718653975.3611276,100.0,22945.0
1718653975.5090346,100.0,22945.0
1718653975.6554184,100.0,22945.0
1718653975.8035662,100.0,22945.0
