timestamp,gpu_util,gpu_mem
1718321673.104098,5.0,1936.0
1718321673.2396538,3.0,1936.0
1718321673.37299,3.0,1948.0
1718321673.5187027,8.0,2387.0
1718321673.6730065,17.0,2445.0
1718321673.8088799,17.0,2445.0
1718321673.9422543,0.0,2445.0
1718321674.0703034,0.0,2445.0
1718321674.2003002,0.0,2445.0
1718321674.3294063,0.0,2445.0
1718321674.4602494,0.0,2445.0
1718321674.617833,0.0,2445.0
1718321674.7459893,1.0,2445.0
1718321674.8758717,0.0,2445.0
1718321675.0031664,0.0,2445.0
1718321675.133079,0.0,2445.0
1718321675.2630723,0.0,2445.0
1718321675.3929079,0.0,2445.0
1718321675.5247552,1.0,2445.0
1718321675.6554174,0.0,2445.0
1718321675.7840116,0.0,2445.0
1718321675.9165165,0.0,2445.0
1718321676.054352,0.0,2445.0
1718321676.1849868,0.0,2445.0
1718321676.3155775,0.0,2445.0
1718321676.445095,0.0,2445.0
1718321676.576263,0.0,2445.0
1718321676.7086244,0.0,2445.0
1718321676.8395262,0.0,2445.0
1718321676.9692764,0.0,2445.0
1718321677.0994184,0.0,2445.0
1718321677.2333822,0.0,2445.0
1718321677.3657296,0.0,2445.0
1718321677.5000873,0.0,2445.0
1718321677.634088,0.0,2445.0
1718321677.769164,0.0,2445.0
1718321677.9060962,0.0,2445.0
1718321678.0458584,0.0,2445.0
1718321678.1846387,0.0,2445.0
1718321678.3225205,0.0,2445.0
1718321678.4641054,0.0,2445.0
1718321678.598814,0.0,2445.0
1718321678.7285519,0.0,2445.0
1718321678.8587756,0.0,2445.0
1718321678.990581,0.0,2445.0
1718321679.1261272,0.0,2445.0
1718321679.260212,0.0,2445.0
1718321679.3900108,0.0,2445.0
1718321679.5210536,0.0,2445.0
1718321679.6528964,0.0,2445.0
1718321679.783651,0.0,2445.0
1718321679.914356,0.0,2445.0
1718321680.0455031,0.0,2445.0
1718321680.177556,0.0,2445.0
1718321680.308113,0.0,2445.0
1718321680.437634,0.0,2445.0
1718321680.5705626,0.0,2445.0
1718321680.7020855,0.0,2445.0
1718321680.830798,0.0,2445.0
1718321680.9616442,0.0,2445.0
1718321681.0938563,0.0,2445.0
1718321681.22308,0.0,2445.0
1718321681.3543477,0.0,2445.0
1718321681.4892616,0.0,2445.0
1718321681.6225214,0.0,2445.0
1718321681.7562273,0.0,2445.0
1718321681.8901882,0.0,2445.0
1718321682.021557,0.0,2445.0
1718321682.153676,0.0,2445.0
1718321682.285793,0.0,2445.0
1718321682.4155982,0.0,2445.0
1718321682.5474107,0.0,2445.0
1718321682.6794124,0.0,2445.0
1718321682.8092628,0.0,2445.0
1718321682.9418411,0.0,2445.0
1718321683.071682,0.0,2445.0
1718321683.201673,0.0,2445.0
1718321683.3313556,0.0,2445.0
1718321683.4610043,0.0,2445.0
1718321683.5978384,0.0,2445.0
1718321683.7302933,0.0,2445.0
1718321683.8629491,0.0,2445.0
1718321683.996512,0.0,2445.0
1718321684.1284883,0.0,2445.0
1718321684.2611718,0.0,2445.0
1718321684.3950822,0.0,2445.0
1718321684.5288432,0.0,2445.0
1718321684.663137,0.0,2445.0
1718321684.7967663,0.0,2445.0
1718321684.932404,0.0,2445.0
1718321685.0651343,0.0,2445.0
1718321685.1997654,0.0,2445.0
1718321685.333837,0.0,2445.0
1718321685.4663584,0.0,2445.0
1718321685.5989473,0.0,2445.0
1718321685.72965,0.0,2445.0
1718321685.8609135,0.0,2445.0
1718321685.9910913,0.0,2445.0
1718321686.1224363,0.0,2445.0
1718321686.256669,0.0,2445.0
1718321686.391349,0.0,2445.0
1718321686.5265088,0.0,2445.0
1718321686.6581552,0.0,2445.0
1718321686.788706,0.0,2445.0
1718321686.9224048,0.0,2445.0
1718321687.055339,0.0,2445.0
1718321687.1871467,0.0,2445.0
1718321687.317432,2.0,2445.0
1718321687.4580731,12.0,2445.0
1718321687.5947924,12.0,2445.0
1718321687.7295303,1.0,2445.0
1718321687.859426,3.0,2445.0
1718321687.9943626,3.0,2445.0
1718321688.1289701,7.0,2445.0
1718321688.2608705,3.0,2445.0
1718321688.39438,3.0,2445.0
1718321688.5341935,1.0,2445.0
1718321688.6713755,12.0,2437.0
1718321688.8063753,12.0,2437.0
1718321688.9405377,10.0,2445.0
1718321689.0775564,10.0,2445.0
1718321689.21351,10.0,2445.0
1718321689.3513086,4.0,2437.0
1718321689.4883347,1.0,2437.0
1718321689.6239982,2.0,2437.0
1718321689.76191,2.0,2445.0
1718321689.8979697,1.0,2445.0
1718321690.0320342,1.0,2445.0
1718321690.171423,1.0,2437.0
1718321690.30813,5.0,2437.0
1718321690.4462938,5.0,2437.0
1718321690.5888207,5.0,2437.0
1718321690.722871,0.0,2437.0
1718321690.8587735,10.0,2437.0
1718321690.9953425,10.0,2453.0
1718321691.1294575,23.0,2453.0
1718321691.2647684,7.0,2453.0
1718321691.4006793,7.0,2453.0
1718321691.533886,8.0,2453.0
1718321691.666957,0.0,2453.0
1718321691.7994218,0.0,2453.0
1718321691.9335606,7.0,2455.0
1718321692.0741317,31.0,2455.0
1718321692.2080407,31.0,2455.0
1718321692.343026,56.0,2455.0
1718321692.4816363,31.0,2455.0
1718321692.6177325,31.0,2455.0
1718321692.7500713,2.0,2455.0
1718321692.8846061,6.0,2455.0
1718321693.0181143,6.0,2455.0
1718321693.1545513,11.0,2455.0
1718321693.2886794,36.0,2455.0
1718321693.4246829,43.0,2455.0
1718321693.5620165,43.0,2455.0
1718321693.7007825,10.0,2455.0
1718321693.8389378,41.0,2455.0
1718321693.9773867,41.0,2455.0
1718321694.114666,41.0,2455.0
1718321694.250091,5.0,2455.0
1718321694.384688,5.0,2455.0
1718321694.5200114,3.0,2447.0
1718321694.6560981,33.0,2447.0
1718321694.7914164,33.0,2447.0
1718321694.9269886,42.0,2447.0
1718321695.0621843,44.0,2447.0
1718321695.1974583,44.0,2447.0
1718321695.3367558,21.0,2447.0
1718321695.4714258,37.0,2439.0
1718321695.608099,37.0,2439.0
1718321695.746129,38.0,2439.0
1718321695.9388564,0.0,2439.0
1718321696.2064152,11.0,2439.0
1718321696.4675105,2.0,2439.0
1718321696.7324417,0.0,2439.0
1718321696.9275138,26.0,2439.0
1718321697.2278678,35.0,2439.0
1718321697.4995043,54.0,2439.0
1718321697.7507458,42.0,2439.0
1718321697.921642,23.0,2439.0
1718321698.111576,20.0,2439.0
1718321698.2730916,37.0,2439.0
1718321698.4335809,13.0,2439.0
1718321698.5954704,13.0,2439.0
1718321698.7544441,7.0,2439.0
1718321698.943168,9.0,2439.0
1718321699.1048732,2.0,2439.0
1718321699.292728,2.0,2439.0
1718321699.482155,11.0,2439.0
1718321699.7834845,44.0,2439.0
1718321699.994715,2.0,2439.0
1718321700.1911,72.0,2439.0
1718321700.3627784,72.0,2439.0
1718321700.5355532,40.0,2439.0
1718321700.6995242,7.0,2439.0
1718321700.930203,16.0,2439.0
1718321701.1635077,21.0,2439.0
1718321701.3683703,21.0,2439.0
1718321701.5135105,16.0,2439.0
1718321701.6514683,0.0,2439.0
1718321701.792364,0.0,6325.0
1718321701.9324028,35.0,18653.0
1718321702.0754893,95.0,18653.0
1718321702.244156,2.0,18659.0
1718321702.567219,1.0,18659.0
1718321702.8334305,2.0,18669.0
1718321703.0836258,46.0,21743.0
1718321703.2515645,100.0,21743.0
1718321703.554734,100.0,21743.0
1718321703.7710915,72.0,21743.0
1718321704.0049567,75.0,21751.0
1718321704.2253156,42.0,21753.0
1718321704.4396174,0.0,21753.0
1718321704.6348648,0.0,21753.0
1718321704.785923,0.0,21753.0
1718321704.9988823,0.0,21753.0
1718321705.1834843,0.0,21753.0
1718321705.4112844,0.0,21753.0
1718321705.7155266,0.0,21753.0
1718321705.9637063,0.0,21753.0
1718321706.1424093,0.0,21753.0
1718321706.3167963,1.0,21753.0
1718321706.50475,0.0,21753.0
1718321706.7034209,2.0,21753.0
1718321706.8895175,0.0,21753.0
1718321707.0796394,0.0,21753.0
1718321707.2986655,0.0,21753.0
1718321707.5909941,2.0,21753.0
1718321707.851431,0.0,21753.0
1718321708.0061789,0.0,21753.0
1718321708.1573198,0.0,21753.0
1718321708.3119907,35.0,21753.0
1718321708.4594183,100.0,21755.0
1718321708.704423,100.0,21755.0
1718321709.0432901,100.0,21755.0
1718321709.3637762,100.0,21755.0
1718321709.602526,100.0,21755.0
1718321709.8553283,0.0,21755.0
1718321710.2555022,0.0,21755.0
1718321710.5356917,0.0,21755.0
1718321710.7053967,0.0,21755.0
1718321710.9297566,0.0,21755.0
1718321711.1200447,0.0,21755.0
1718321711.3075042,0.0,21755.0
1718321711.515497,0.0,21755.0
1718321711.715559,0.0,21755.0
1718321711.9288313,2.0,21755.0
1718321712.254734,0.0,21755.0
1718321712.4705255,0.0,21755.0
1718321712.6474264,0.0,21755.0
1718321712.8655827,1.0,21755.0
1718321713.0869331,3.0,21755.0
1718321713.314503,0.0,21755.0
1718321713.4736507,0.0,21755.0
1718321713.683421,2.0,21755.0
1718321713.958441,0.0,21755.0
1718321714.1927788,0.0,21755.0
1718321714.3894753,0.0,21755.0
1718321714.5424156,0.0,21755.0
1718321714.6898232,29.0,21755.0
1718321714.8386755,100.0,21755.0
1718321714.991473,98.0,21755.0
1718321715.2594779,100.0,21755.0
1718321715.595771,100.0,21755.0
1718321715.8994973,100.0,21755.0
1718321716.0913088,82.0,21755.0
1718321716.3428688,5.0,21755.0
1718321716.6795135,0.0,21755.0
1718321716.9285853,0.0,21755.0
1718321717.0903964,0.0,21755.0
1718321717.3154974,0.0,21755.0
1718321717.4980206,0.0,21755.0
1718321717.6875112,0.0,21755.0
1718321717.89926,0.0,21755.0
1718321718.1235669,0.0,21755.0
1718321718.339543,0.0,21755.0
1718321718.655423,0.0,21755.0
1718321718.8794234,0.0,21755.0
1718321719.0554209,0.0,21755.0
1718321719.275417,0.0,21755.0
1718321719.4994316,0.0,21755.0
1718321719.7186427,0.0,21755.0
1718321719.9071524,1.0,21755.0
1718321720.1395915,2.0,21755.0
1718321720.4514854,10.0,21755.0
1718321720.6676877,3.0,21755.0
1718321720.8451595,0.0,21755.0
1718321720.9981036,13.0,21755.0
1718321721.151421,13.0,21755.0
1718321721.29944,100.0,21755.0
1718321721.54366,100.0,21755.0
1718321721.8795264,100.0,21755.0
1718321722.271088,100.0,21755.0
1718321722.511654,100.0,21755.0
1718321722.7515185,0.0,21755.0
1718321723.0664477,0.0,21755.0
1718321723.309532,0.0,21755.0
1718321723.52944,0.0,21755.0
1718321723.762582,0.0,21755.0
1718321723.9479675,0.0,21755.0
1718321724.1305647,0.0,21755.0
1718321724.3474908,0.0,21755.0
1718321724.5954847,0.0,21755.0
1718321724.8310878,0.0,21755.0
1718321725.1394668,0.0,21755.0
1718321725.3921447,0.0,21755.0
1718321725.5857852,0.0,21755.0
1718321725.7994187,0.0,21755.0
1718321726.0023706,0.0,21755.0
1718321726.1954563,0.0,21755.0
1718321726.3554318,0.0,21755.0
1718321726.5536609,0.0,21755.0
1718321726.819534,0.0,21755.0
1718321727.0602453,0.0,21755.0
1718321727.2444897,0.0,21755.0
1718321727.388177,0.0,21755.0
1718321727.53299,0.0,21755.0
1718321727.6853583,98.0,21755.0
1718321727.8515143,94.0,21755.0
1718321728.0642886,100.0,21755.0
1718321728.3892424,100.0,21755.0
1718321728.715497,100.0,21755.0
1718321728.9395332,16.0,21755.0
1718321729.2595,0.0,21755.0
1718321729.5948646,0.0,21755.0
1718321729.8157263,0.0,21755.0
1718321730.0015025,0.0,21755.0
1718321730.2305267,0.0,21755.0
1718321730.4203389,0.0,21755.0
1718321730.6062846,0.0,21755.0
1718321730.8234115,0.0,21755.0
1718321731.0316021,0.0,21755.0
1718321731.215531,0.0,21755.0
1718321731.505531,0.0,21755.0
1718321731.7266362,0.0,21755.0
1718321731.9051025,0.0,21755.0
1718321732.0753984,0.0,21755.0
1718321732.2674024,0.0,21755.0
1718321732.4674153,7.0,21755.0
1718321732.666518,11.0,21755.0
1718321732.8515162,9.0,21755.0
1718321733.0677054,0.0,21755.0
1718321733.3834999,0.0,21755.0
1718321733.6211877,9.0,21755.0
1718321733.7924943,3.0,21755.0
1718321733.947736,3.0,21755.0
1718321734.1008928,42.0,21755.0
1718321734.2450328,100.0,21755.0
1718321734.4508164,100.0,21755.0
1718321734.755647,100.0,21755.0
1718321735.063564,100.0,21755.0
1718321735.3394787,100.0,21755.0
1718321735.5354936,0.0,21755.0
1718321735.8035314,0.0,21755.0
1718321736.0955303,0.0,21755.0
1718321736.3316123,0.0,21755.0
1718321736.516022,0.0,21755.0
1718321736.7425215,0.0,21755.0
1718321736.9323833,0.0,21755.0
1718321737.1195078,0.0,21755.0
1718321737.3354828,0.0,21755.0
1718321737.5355008,3.0,21755.0
1718321737.7338245,9.0,21755.0
1718321738.03948,3.0,21755.0
1718321738.3027074,0.0,21755.0
1718321738.4674256,0.0,21755.0
1718321738.6993122,0.0,21755.0
1718321738.9144547,0.0,21755.0
1718321739.1395738,0.0,21755.0
1718321739.3395326,0.0,21755.0
1718321739.6106386,0.0,21755.0
1718321739.9154267,0.0,21755.0
1718321740.1076877,0.0,21755.0
1718321740.2709873,0.0,21755.0
1718321740.421591,0.0,21755.0
1718321740.571455,0.0,21755.0
1718321740.7189906,94.0,21755.0
1718321740.95158,100.0,21755.0
1718321741.307577,100.0,21755.0
1718321741.6435266,100.0,21755.0
1718321741.873442,100.0,21755.0
1718321742.131146,6.0,21755.0
1718321742.5027883,5.0,21755.0
1718321742.7669866,0.0,21755.0
1718321742.955423,7.0,21753.0
1718321743.1748743,6.0,21753.0
1718321743.3629787,6.0,21753.0
1718321743.5208774,0.0,21753.0
1718321743.7047722,0.0,21753.0
1718321743.8795266,0.0,21753.0
1718321744.093258,0.0,21753.0
1718321744.3634992,0.0,21753.0
1718321744.699642,3.0,21753.0
1718321744.8914454,0.0,21753.0
1718321745.059239,2.0,21753.0
1718321745.2508774,3.0,21753.0
1718321745.4532304,0.0,21753.0
1718321745.6493862,1.0,21753.0
1718321745.821648,1.0,21753.0
1718321746.0514884,0.0,21753.0
1718321746.375491,2.0,21753.0
1718321746.6156528,0.0,21753.0
1718321746.7814121,0.0,21753.0
1718321746.928542,0.0,21753.0
1718321747.0773015,45.0,21753.0
1718321747.2221942,100.0,21753.0
1718321747.396116,96.0,21753.0
1718321747.6354306,100.0,21753.0
1718321747.9435573,100.0,21753.0
1718321748.2714918,100.0,21753.0
1718321748.4726539,0.0,21753.0
1718321748.7755194,0.0,21753.0
1718321749.1019225,0.0,21753.0
1718321749.3209927,0.0,21753.0
1718321749.5154905,0.0,21753.0
1718321749.7315207,0.0,21753.0
1718321749.92265,0.0,21753.0
1718321750.1169071,0.0,21753.0
1718321750.2973018,0.0,21753.0
1718321750.4955213,0.0,21753.0
1718321750.6835272,0.0,21753.0
1718321750.9795847,0.0,21753.0
1718321751.2542477,1.0,21753.0
1718321751.4314158,0.0,21753.0
1718321751.6647944,2.0,21753.0
1718321751.8643048,3.0,21753.0
1718321752.0753472,9.0,21753.0
1718321752.2739437,5.0,21765.0
1718321752.4946802,1.0,21765.0
1718321752.8635244,3.0,21765.0
1718321753.1224086,4.0,21757.0
1718321753.2925217,4.0,21765.0
1718321753.450177,10.0,21757.0
1718321753.603434,81.0,21757.0
1718321753.7554243,81.0,21757.0
1718321753.9075363,97.0,21757.0
1718321754.1188083,100.0,21757.0
1718321754.4134402,100.0,21757.0
1718321754.7348628,100.0,21757.0
1718321754.9779282,53.0,21757.0
1718321755.29962,0.0,21757.0
1718321755.6665957,0.0,21757.0
1718321755.9497626,0.0,21757.0
1718321756.1363368,0.0,21757.0
1718321756.340838,0.0,21757.0
1718321756.5396042,1.0,21757.0
1718321756.711642,1.0,21757.0
1718321756.903478,1.0,21765.0
1718321757.1232653,5.0,21765.0
1718321757.312843,0.0,21765.0
1718321757.5314884,0.0,21765.0
1718321757.7555394,0.0,21765.0
1718321758.0328884,1.0,21765.0
1718321758.239297,0.0,21765.0
1718321758.411361,0.0,21765.0
1718321758.5983794,0.0,21765.0
1718321758.767526,0.0,21765.0
1718321758.9995015,0.0,21765.0
1718321759.3555374,0.0,21765.0
1718321759.555685,0.0,21765.0
1718321759.7101398,0.0,21765.0
1718321759.85868,0.0,21765.0
1718321760.0060859,79.0,21765.0
1718321760.1550725,94.0,21765.0
1718321760.3979917,100.0,21765.0
1718321760.7410276,100.0,21765.0
1718321761.091479,100.0,21765.0
1718321761.2954597,38.0,21765.0
1718321761.578021,0.0,21765.0
1718321761.9074283,0.0,21765.0
1718321762.1442113,0.0,21765.0
1718321762.360224,0.0,21765.0
1718321762.5882237,0.0,21765.0
1718321762.7853165,0.0,21765.0
1718321762.967519,0.0,21765.0
1718321763.1834805,0.0,21765.0
1718321763.3754897,0.0,21765.0
1718321763.5794537,0.0,21765.0
1718321763.8732097,0.0,21765.0
1718321764.1316717,0.0,21765.0
1718321764.30343,0.0,21765.0
1718321764.4794164,0.0,21765.0
1718321764.672863,0.0,21765.0
1718321764.8714168,0.0,21765.0
1718321765.0652814,0.0,21765.0
1718321765.2513776,0.0,21765.0
1718321765.479511,0.0,21765.0
1718321765.7950864,0.0,21765.0
1718321765.978189,0.0,21765.0
1718321766.1491897,0.0,21765.0
1718321766.2991912,0.0,21765.0
1718321766.448586,45.0,21765.0
1718321766.5975156,100.0,21765.0
1718321766.7435212,97.0,21765.0
1718321767.0010304,100.0,21765.0
1718321767.3519952,100.0,21765.0
1718321767.6835012,100.0,21765.0
1718321767.8773727,0.0,21765.0
1718321768.1841447,0.0,21765.0
1718321768.4235637,0.0,21765.0
1718321768.6596773,0.0,21765.0
1718321768.8715096,0.0,21765.0
1718321769.1040928,0.0,21765.0
1718321769.2993302,0.0,21765.0
1718321769.4928026,0.0,21765.0
1718321769.6963336,0.0,21765.0
1718321769.8915422,0.0,21765.0
1718321770.0875278,0.0,21765.0
1718321770.3555372,0.0,21765.0
1718321770.667295,0.0,21765.0
1718321770.8551257,0.0,21765.0
1718321771.031425,0.0,21765.0
1718321771.2007751,0.0,21765.0
1718321771.39541,0.0,21765.0
1718321771.5880678,0.0,21765.0
1718321771.7672865,0.0,21765.0
1718321771.999537,0.0,21765.0
1718321772.279528,0.0,21765.0
1718321772.4916139,0.0,21765.0
1718321772.6689346,0.0,21765.0
1718321772.8133118,0.0,21765.0
1718321772.958059,0.0,21765.0
1718321773.111349,70.0,21765.0
1718321773.2635179,100.0,21765.0
1718321773.4964921,100.0,21765.0
1718321773.8807929,100.0,21765.0
1718321774.2189717,100.0,21765.0
1718321774.4275386,47.0,21765.0
1718321774.73308,0.0,21765.0
1718321775.0026252,0.0,21765.0
1718321775.237131,0.0,21765.0
1718321775.434268,0.0,21765.0
1718321775.6674285,0.0,21765.0
1718321775.85392,0.0,21765.0
1718321776.0409324,0.0,21765.0
1718321776.2543762,0.0,21765.0
1718321776.4589655,0.0,21765.0
1718321776.6555858,0.0,21765.0
1718321776.9549034,0.0,21765.0
1718321777.1634197,0.0,21765.0
1718321777.3626626,0.0,21765.0
1718321777.5353003,1.0,21765.0
1718321777.7347305,0.0,21765.0
1718321777.943411,0.0,21765.0
1718321778.1367598,0.0,21765.0
1718321778.3018804,0.0,21765.0
1718321778.5135257,0.0,21765.0
1718321778.7835288,0.0,21765.0
1718321778.972021,0.0,21765.0
1718321779.1356504,0.0,21765.0
1718321779.2951975,0.0,21765.0
1718321779.4418967,0.0,21765.0
1718321779.5905516,94.0,21765.0
1718321779.7403522,90.0,21765.0
1718321779.9997642,100.0,21765.0
1718321780.3533154,100.0,21765.0
1718321780.7147665,100.0,21765.0
1718321780.9356163,29.0,21765.0
1718321781.2035532,0.0,21765.0
1718321781.4795268,0.0,21765.0
1718321781.7396553,0.0,21765.0
1718321781.9469206,0.0,21765.0
1718321782.1724143,0.0,21765.0
1718321782.3700798,0.0,21765.0
1718321782.566625,0.0,21765.0
1718321782.7753797,0.0,21765.0
1718321783.0075686,0.0,21765.0
1718321783.2206526,0.0,21765.0
1718321783.5968645,0.0,21765.0
1718321783.7923126,0.0,21765.0
1718321783.976815,0.0,21765.0
1718321784.1867516,0.0,21765.0
1718321784.395416,0.0,21765.0
1718321784.5914874,0.0,21765.0
1718321784.795426,0.0,21765.0
1718321785.020073,0.0,21765.0
1718321785.3186243,0.0,21765.0
1718321785.570111,0.0,21765.0
1718321785.7431316,0.0,21765.0
1718321785.8925614,0.0,21765.0
1718321786.0338275,73.0,21765.0
1718321786.1847541,95.0,21765.0
1718321786.402646,100.0,21765.0
1718321786.786078,100.0,21765.0
1718321787.183476,100.0,21765.0
1718321787.3995688,44.0,21765.0
1718321787.6835666,0.0,21765.0
1718321788.021239,0.0,21765.0
1718321788.2466836,0.0,21765.0
1718321788.4152694,0.0,21765.0
1718321788.659477,0.0,21765.0
1718321788.8659284,0.0,21765.0
1718321789.0583684,0.0,21765.0
1718321789.2354891,0.0,21765.0
1718321789.4353359,0.0,21765.0
1718321789.6550617,0.0,21765.0
1718321789.9471452,0.0,21765.0
1718321790.1869717,0.0,21765.0
1718321790.3587599,0.0,21765.0
1718321790.587404,0.0,21765.0
1718321790.8069382,0.0,21765.0
1718321791.0128093,0.0,21765.0
1718321791.1996758,0.0,21765.0
1718321791.4264176,0.0,21765.0
1718321791.6932497,0.0,21765.0
1718321791.939081,0.0,21765.0
1718321792.1389322,0.0,21765.0
1718321792.2893207,0.0,21765.0
1718321792.441841,42.0,21765.0
1718321792.596064,100.0,21765.0
1718321792.755505,94.0,21765.0
1718321793.0035627,100.0,21765.0
1718321793.3235428,100.0,21765.0
1718321793.676401,100.0,21765.0
1718321793.8787808,0.0,21765.0
1718321794.1755295,0.0,21765.0
1718321794.5104086,0.0,21765.0
1718321794.7882156,0.0,21765.0
1718321794.9834733,0.0,21765.0
1718321795.1830006,0.0,21765.0
1718321795.3795981,0.0,21765.0
1718321795.5716333,0.0,21765.0
1718321795.7388775,0.0,21765.0
1718321795.96208,0.0,21765.0
1718321796.1822693,0.0,21765.0
1718321796.4795468,0.0,21765.0
1718321796.6786978,0.0,21765.0
1718321796.8474205,0.0,21765.0
1718321797.0754213,0.0,21765.0
1718321797.2874203,0.0,21765.0
1718321797.506434,0.0,21765.0
1718321797.7000377,0.0,21765.0
1718321797.9036932,0.0,21765.0
1718321798.1835344,0.0,21765.0
1718321798.445577,0.0,21765.0
1718321798.6286094,0.0,21765.0
1718321798.7810702,3.0,21765.0
1718321798.9313252,3.0,21765.0
1718321799.0790036,100.0,21765.0
1718321799.231534,96.0,21765.0
1718321799.5395095,100.0,21765.0
1718321799.9245098,100.0,21765.0
1718321800.1747327,100.0,21765.0
1718321800.367364,13.0,21765.0
1718321800.6674294,0.0,21765.0
1718321800.9376252,0.0,21765.0
1718321801.1863525,0.0,21765.0
1718321801.377382,0.0,21765.0
1718321801.5870361,0.0,21765.0
1718321801.7673411,0.0,21765.0
1718321801.9556863,0.0,21765.0
1718321802.138862,0.0,21765.0
1718321802.3685045,0.0,21765.0
1718321802.5915182,0.0,21765.0
1718321802.9156315,0.0,21765.0
1718321803.1037722,0.0,21765.0
1718321803.291412,0.0,21765.0
1718321803.495223,0.0,21765.0
1718321803.7102993,0.0,21765.0
1718321803.9206178,0.0,21765.0
1718321804.100649,0.0,21765.0
1718321804.3115091,0.0,21765.0
1718321804.60353,0.0,21765.0
1718321804.8675919,0.0,21765.0
1718321805.028781,0.0,21765.0
1718321805.175874,9.0,21765.0
1718321805.3295062,9.0,21765.0
1718321805.4714768,100.0,21765.0
1718321805.6385875,100.0,21765.0
1718321805.967621,100.0,21765.0
1718321806.3195786,100.0,21765.0
1718321806.5993178,100.0,21765.0
1718321806.855516,0.0,21765.0
1718321807.1731527,0.0,21765.0
1718321807.4223225,0.0,21765.0
1718321807.6530707,0.0,21765.0
1718321807.8554144,0.0,21765.0
1718321808.0419202,0.0,21765.0
1718321808.2086027,0.0,21765.0
1718321808.430943,0.0,21765.0
1718321808.606681,0.0,21765.0
1718321808.8234787,0.0,21765.0
1718321809.063538,0.0,21765.0
1718321809.307518,0.0,21765.0
1718321809.524778,0.0,21765.0
1718321809.695429,0.0,21765.0
1718321809.9189944,0.0,21765.0
1718321810.134758,0.0,21765.0
1718321810.347243,0.0,21765.0
1718321810.539216,0.0,21765.0
1718321810.7342281,0.0,21765.0
1718321810.9955492,0.0,21765.0
1718321811.2701209,1.0,21765.0
1718321811.449712,0.0,21765.0
1718321811.6007917,0.0,21765.0
1718321811.7479951,0.0,21765.0
1718321811.8991704,90.0,21765.0
1718321812.0514898,96.0,21765.0
1718321812.2795248,100.0,21765.0
1718321812.6404395,100.0,21765.0
1718321812.9834929,100.0,21765.0
1718321813.187459,24.0,21765.0
1718321813.47319,0.0,21765.0
1718321813.8115318,0.0,21765.0
1718321814.0926921,0.0,21765.0
1718321814.2835097,0.0,21765.0
1718321814.4779687,0.0,21765.0
1718321814.660289,0.0,21765.0
1718321814.8514454,0.0,21765.0
1718321815.0277092,0.0,21765.0
1718321815.24656,0.0,21765.0
1718321815.4917216,0.0,21765.0
1718321815.7994854,0.0,21765.0
1718321815.9864254,0.0,21765.0
1718321816.163422,0.0,21765.0
1718321816.3874192,0.0,21765.0
1718321816.5914173,0.0,21765.0
1718321816.7994869,0.0,21765.0
1718321817.0055072,0.0,21765.0
1718321817.2271004,0.0,21765.0
1718321817.553341,0.0,21765.0
1718321817.7756343,0.0,21765.0
1718321817.9286485,0.0,21765.0
1718321818.0810535,0.0,21765.0
1718321818.223358,70.0,21765.0
1718321818.3650072,99.0,21765.0
1718321818.6075041,100.0,21765.0
1718321818.965695,100.0,21765.0
1718321819.284671,100.0,21765.0
1718321819.5555506,45.0,21765.0
1718321819.8007605,0.0,21765.0
1718321820.1315174,0.0,21765.0
1718321820.381907,0.0,21765.0
1718321820.6035237,0.0,21765.0
1718321820.8434644,0.0,21765.0
1718321821.0443745,0.0,21765.0
1718321821.2395082,0.0,21765.0
1718321821.4448762,0.0,21765.0
1718321821.6475027,0.0,21765.0
1718321821.835499,0.0,21765.0
1718321822.131505,0.0,21765.0
1718321822.394993,0.0,21765.0
1718321822.579421,0.0,21765.0
1718321822.8074124,0.0,21765.0
1718321823.026949,0.0,21765.0
1718321823.2514899,0.0,21765.0
1718321823.4557142,0.0,21765.0
1718321823.655457,0.0,21765.0
1718321823.9195197,0.0,21765.0
1718321824.21968,0.0,21765.0
1718321824.4006124,0.0,21765.0
1718321824.5510573,0.0,21765.0
1718321824.696724,14.0,21765.0
1718321824.8417194,100.0,21765.0
1718321824.9914675,96.0,21765.0
1718321825.2478778,100.0,21765.0
1718321825.647568,100.0,21765.0
1718321825.948667,100.0,21765.0
1718321826.1395314,3.0,21765.0
1718321826.4193847,0.0,21765.0
1718321826.6835685,0.0,21765.0
1718321826.9116592,0.0,21765.0
1718321827.099424,0.0,21765.0
1718321827.3274772,0.0,21765.0
1718321827.5148346,0.0,21765.0
1718321827.707512,0.0,21765.0
1718321827.919477,0.0,21765.0
1718321828.1235127,0.0,21765.0
1718321828.307516,0.0,21765.0
1718321828.5875256,0.0,21765.0
1718321828.850747,0.0,21765.0
1718321829.0394225,0.0,21765.0
1718321829.2673175,0.0,21765.0
1718321829.4822366,0.0,21765.0
1718321829.694222,0.0,21765.0
1718321829.9053986,0.0,21765.0
1718321830.1286695,0.0,21765.0
1718321830.4474971,0.0,21765.0
1718321830.638389,0.0,21765.0
1718321830.8127131,0.0,21765.0
1718321830.9724433,10.0,21765.0
1718321831.1188042,10.0,21765.0
1718321831.2625391,100.0,21765.0
1718321831.4218526,97.0,21765.0
1718321831.6782732,100.0,21765.0
1718321832.006456,100.0,21765.0
1718321832.3449721,100.0,21765.0
1718321832.5435143,6.0,21765.0
1718321832.8354983,0.0,21765.0
1718321833.0692775,0.0,21765.0
1718321833.3184881,0.0,21765.0
1718321833.5275311,0.0,21765.0
1718321833.7674823,0.0,21765.0
1718321833.9710755,0.0,21765.0
1718321834.1635015,0.0,21765.0
1718321834.3834867,0.0,21765.0
1718321834.5875332,0.0,21765.0
1718321834.7837827,0.0,21765.0
1718321835.055567,0.0,21765.0
1718321835.323483,0.0,21765.0
1718321835.5154219,0.0,21765.0
1718321835.7154226,0.0,21765.0
1718321835.9108672,0.0,21765.0
1718321836.07493,0.0,21765.0
1718321836.2660682,0.0,21765.0
1718321836.4674892,0.0,21765.0
1718321836.7435162,0.0,21765.0
1718321837.0525358,0.0,21765.0
1718321837.2190218,2.0,21765.0
1718321837.366556,4.0,21765.0
1718321837.5157568,4.0,21765.0
1718321837.672316,71.0,21765.0
1718321837.8234637,98.0,21765.0
1718321838.1465695,100.0,21765.0
1718321838.5235214,100.0,21765.0
1718321838.8235178,100.0,21765.0
1718321839.015944,54.0,21765.0
1718321839.295519,1.0,21765.0
1718321839.6069334,2.0,21765.0
1718321839.8197215,0.0,21765.0
1718321839.9924195,1.0,21765.0
1718321840.2335496,4.0,21765.0
1718321840.436228,0.0,21765.0
1718321840.6275113,0.0,21765.0
1718321840.8394961,0.0,21765.0
1718321841.0390341,0.0,21765.0
1718321841.2275293,0.0,21765.0
1718321841.5309384,0.0,21765.0
1718321841.7997806,0.0,21765.0
1718321841.97436,1.0,21765.0
1718321842.203414,2.0,21765.0
1718321842.4187899,0.0,21765.0
1718321842.6282697,1.0,21765.0
1718321842.8192792,1.0,21765.0
1718321843.0346127,0.0,21765.0
1718321843.3195074,0.0,21765.0
1718321843.515699,0.0,21765.0
1718321843.6942058,0.0,21765.0
1718321843.8481529,0.0,21765.0
1718321843.9939573,17.0,21765.0
1718321844.1430743,17.0,21765.0
1718321844.2921922,56.0,21765.0
1718321844.6155298,100.0,21765.0
1718321844.983494,100.0,21765.0
1718321845.2995217,100.0,21765.0
1718321845.4994767,42.0,21765.0
1718321845.795511,0.0,21765.0
1718321846.0530171,0.0,21765.0
1718321846.305327,0.0,21765.0
1718321846.5022156,0.0,21765.0
1718321846.7315023,0.0,21765.0
1718321846.9253151,0.0,21765.0
1718321847.118718,0.0,21765.0
1718321847.3354871,0.0,21765.0
1718321847.5391433,0.0,21765.0
1718321847.7275152,0.0,21765.0
1718321848.0474918,0.0,21765.0
1718321848.2955868,0.0,21765.0
1718321848.4754248,0.0,21765.0
1718321848.6991332,0.0,21765.0
1718321848.91542,0.0,21765.0
1718321849.1355045,0.0,21765.0
1718321849.327639,0.0,21765.0
1718321849.5435374,0.0,21765.0
1718321849.8075075,0.0,21765.0
1718321850.0741677,0.0,21765.0
1718321850.2621796,0.0,21765.0
1718321850.409266,0.0,21765.0
1718321850.5570807,0.0,21765.0
1718321850.7025476,79.0,21765.0
1718321850.8425958,97.0,21765.0
1718321851.0414867,100.0,21765.0
1718321851.3757277,100.0,21765.0
1718321851.7147434,100.0,21765.0
1718321851.9355538,39.0,21765.0
1718321852.1955266,0.0,21765.0
1718321852.555553,0.0,21765.0
1718321852.8035223,0.0,21765.0
1718321853.0106077,0.0,21765.0
1718321853.2394624,0.0,21765.0
1718321853.4351678,0.0,21765.0
1718321853.6314857,0.0,21765.0
1718321853.8434808,0.0,21765.0
1718321854.0515,0.0,21765.0
1718321854.2347047,0.0,21765.0
1718321854.5394602,0.0,21765.0
1718321854.7914248,0.0,21765.0
1718321854.9834232,0.0,21765.0
1718321855.2151644,0.0,21765.0
1718321855.4297385,0.0,21765.0
1718321855.6354809,0.0,21765.0
1718321855.8354938,0.0,21765.0
1718321856.0385518,0.0,21765.0
1718321856.299531,0.0,21765.0
1718321856.611284,0.0,21765.0
1718321856.7874284,0.0,21765.0
1718321856.9384167,0.0,21765.0
1718321857.0872724,14.0,21765.0
1718321857.239895,100.0,21765.0
1718321857.3967404,97.0,21765.0
1718321857.6435692,100.0,21765.0
1718321858.0595372,100.0,21765.0
1718321858.3756175,100.0,21765.0
1718321858.611529,0.0,21765.0
1718321858.9275324,0.0,21765.0
1718321859.2363193,0.0,21765.0
1718321859.4714234,0.0,21765.0
1718321859.6499057,0.0,21765.0
1718321859.85142,0.0,21765.0
1718321860.0323143,0.0,21765.0
1718321860.2263532,0.0,21765.0
1718321860.3976002,0.0,21765.0
1718321860.6228242,0.0,21765.0
1718321860.8640726,0.0,21765.0
1718321861.1554925,0.0,21765.0
1718321861.3596466,0.0,21765.0
1718321861.5327728,0.0,21765.0
1718321861.7593112,0.0,21765.0
1718321861.9674206,0.0,21765.0
1718321862.1876063,0.0,21765.0
1718321862.3754268,0.0,21765.0
1718321862.5915246,0.0,21765.0
1718321862.9475265,0.0,21765.0
1718321863.1747034,0.0,21765.0
1718321863.3305676,0.0,21765.0
1718321863.4788554,0.0,21765.0
1718321863.6250641,72.0,21765.0
1718321863.777023,98.0,21765.0
1718321863.974836,100.0,21765.0
1718321864.2991962,100.0,21765.0
1718321864.6315463,100.0,21765.0
1718321864.914743,42.0,21765.0
1718321865.1676674,0.0,21765.0
1718321865.447505,0.0,21765.0
1718321865.6810007,0.0,21765.0
1718321865.9921136,0.0,21765.0
1718321866.1554744,0.0,21765.0
1718321866.3475142,0.0,21765.0
1718321866.5363789,0.0,21765.0
1718321866.730884,0.0,21765.0
1718321866.903514,0.0,21765.0
1718321867.1176121,0.0,21765.0
1718321867.3478444,0.0,21765.0
1718321867.6635463,0.0,21765.0
1718321867.858584,0.0,21765.0
1718321868.0426626,0.0,21765.0
1718321868.2594075,0.0,21765.0
1718321868.4829316,0.0,21765.0
1718321868.6714635,0.0,21765.0
1718321868.8777544,0.0,21765.0
1718321869.107556,0.0,21765.0
1718321869.411499,0.0,21765.0
1718321869.6405573,0.0,21765.0
1718321869.8178148,0.0,21765.0
1718321869.965162,10.0,21765.0
1718321870.107206,10.0,21765.0
1718321870.2537892,100.0,21765.0
1718321870.413682,98.0,21765.0
1718321870.7155974,100.0,21765.0
1718321871.0888243,100.0,21765.0
1718321871.374262,100.0,21765.0
1718321871.581369,8.0,21765.0
1718321871.855526,0.0,21765.0
1718321872.1594837,0.0,21765.0
1718321872.3653674,0.0,21765.0
1718321872.5635295,0.0,21765.0
1718321872.771527,0.0,21765.0
1718321872.9702177,0.0,21765.0
1718321873.1664007,0.0,21765.0
1718321873.347474,0.0,21765.0
1718321873.571421,0.0,21765.0
1718321873.8213487,0.0,21765.0
1718321874.0354562,0.0,21765.0
1718321874.3275537,0.0,21765.0
1718321874.5594761,0.0,21765.0
1718321874.747192,0.0,21765.0
1718321874.924378,0.0,21765.0
1718321875.1098003,0.0,21765.0
1718321875.307292,0.0,21765.0
1718321875.6235,0.0,21765.0
1718321875.8163853,0.0,21765.0
1718321876.0092294,0.0,21765.0
1718321876.1559858,0.0,21765.0
1718321876.299762,0.0,21765.0
1718321876.4547153,84.0,21765.0
1718321876.615513,97.0,21765.0
1718321876.8258386,100.0,21765.0
1718321877.1995256,100.0,21765.0
1718321877.57147,100.0,21765.0
1718321877.7636786,33.0,21765.0
1718321878.0515301,0.0,21765.0
1718321878.3634934,0.0,21765.0
1718321878.6156788,0.0,21765.0
1718321878.8114252,0.0,21765.0
1718321879.0354724,0.0,21765.0
1718321879.234118,0.0,21765.0
1718321879.4315386,0.0,21765.0
1718321879.6394775,0.0,21765.0
1718321879.8395524,0.0,21765.0
1718321880.0475252,0.0,21765.0
1718321880.375504,0.0,21765.0
1718321880.6036687,0.0,21765.0
1718321880.7874267,0.0,21765.0
1718321881.015174,1.0,21765.0
1718321881.2345912,3.0,21765.0
1718321881.4693902,6.0,21765.0
1718321881.645515,0.0,21765.0
1718321881.852895,3.0,21757.0
1718321882.1787488,3.0,21767.0
1718321882.4334834,2.0,21775.0
1718321882.6110425,5.0,21775.0
1718321882.7659278,8.0,21775.0
1718321882.9234343,8.0,21755.0
1718321883.080019,100.0,21757.0
1718321883.25852,100.0,21757.0
1718321883.4900217,100.0,21757.0
1718321883.8556163,100.0,21757.0
1718321884.1963751,100.0,21757.0
1718321884.383479,84.0,21757.0
1718321884.6675415,1.0,21761.0
1718321884.9835124,2.0,21761.0
1718321885.2783785,1.0,21759.0
1718321885.459779,5.0,21759.0
1718321885.6715114,6.0,21759.0
1718321885.8714793,5.0,21759.0
1718321886.075345,4.0,21759.0
1718321886.2594748,5.0,21751.0
1718321886.4795654,6.0,21751.0
1718321886.6715002,4.0,21751.0
1718321886.9635174,5.0,21751.0
1718321887.2320983,5.0,21751.0
1718321887.4114714,5.0,21754.0
1718321887.5914266,10.0,21754.0
1718321887.8074203,14.0,21754.0
1718321888.0209138,6.0,21754.0
1718321888.1873689,1.0,21754.0
1718321888.398654,7.0,21754.0
1718321888.6117072,1.0,21754.0
1718321888.9155078,2.0,21754.0
1718321889.2029667,0.0,21754.0
1718321889.3782485,6.0,21754.0
1718321889.5394115,6.0,21754.0
1718321889.6859128,20.0,21754.0
1718321889.8340042,100.0,21754.0
1718321890.0459917,100.0,21754.0
1718321890.3692453,100.0,21754.0
1718321890.7275028,100.0,21754.0
1718321890.9831388,100.0,21754.0
1718321891.2028918,0.0,21754.0
1718321891.5315318,0.0,21754.0
1718321891.8275135,0.0,21754.0
1718321892.0969746,0.0,21754.0
1718321892.2884817,3.0,21754.0
1718321892.4852262,1.0,21754.0
1718321892.6716287,1.0,21754.0
1718321892.8657513,1.0,21754.0
1718321893.0425217,4.0,21754.0
1718321893.275467,6.0,21754.0
1718321893.5269084,3.0,21754.0
1718321893.8235037,4.0,21754.0
1718321894.020598,5.0,21754.0
1718321894.2025363,5.0,21754.0
1718321894.431409,3.0,21754.0
1718321894.6271663,7.0,21754.0
1718321894.838748,11.0,21754.0
1718321895.0355844,10.0,21754.0
1718321895.2452009,3.0,21754.0
1718321895.5290372,2.0,21754.0
1718321895.8079426,2.0,21754.0
1718321895.9789455,2.0,21754.0
1718321896.1369748,2.0,21754.0
1718321896.2897532,10.0,21754.0
1718321896.4450986,100.0,21754.0
1718321896.6034768,98.0,21754.0
1718321896.8286126,100.0,21754.0
1718321897.1503973,100.0,21754.0
1718321897.5236585,100.0,21756.0
1718321897.7342505,81.0,21752.0
1718321898.0016618,6.0,21752.0
1718321898.2850442,7.0,21735.0
1718321898.5582294,5.0,21735.0
1718321898.7974844,6.0,21733.0
1718321898.9875326,6.0,21737.0
1718321899.1859632,4.0,21737.0
1718321899.3676004,2.0,21737.0
1718321899.5486882,1.0,21737.0
1718321899.72697,3.0,21737.0
1718321899.9256952,6.0,21737.0
1718321900.1303716,6.0,21737.0
1718321900.3932002,1.0,21741.0
1718321900.6681995,5.0,21741.0
1718321900.854635,7.0,21741.0
1718321901.0514286,6.0,21741.0
1718321901.2714114,4.0,21741.0
1718321901.4794185,4.0,21741.0
1718321901.6949832,5.0,21742.0
1718321901.902385,9.0,21742.0
1718321902.1314983,10.0,21742.0
1718321902.4675155,2.0,21742.0
1718321902.7009273,2.0,21742.0
1718321902.8730998,2.0,21742.0
1718321903.0201714,1.0,21742.0
1718321903.1744404,72.0,21742.0
1718321903.3220708,72.0,21742.0
1718321903.4773076,100.0,21742.0
1718321903.6669946,100.0,21742.0
1718321904.047666,100.0,21742.0
1718321904.4074876,100.0,21742.0
1718321904.6115189,73.0,21742.0
1718321904.8914876,0.0,21742.0
1718321905.199616,3.0,21742.0
1718321905.4035077,5.0,21742.0
1718321905.6171875,1.0,21742.0
1718321905.8387887,0.0,21742.0
1718321906.034231,0.0,21742.0
1718321906.2263284,0.0,21742.0
1718321906.4306295,1.0,21742.0
1718321906.6224482,5.0,21742.0
1718321906.8235738,1.0,21742.0
1718321907.0594819,0.0,21742.0
1718321907.3542628,0.0,21742.0
1718321907.5634427,0.0,21742.0
1718321907.7448149,0.0,21742.0
1718321907.932778,0.0,21742.0
1718321908.1314125,0.0,21742.0
1718321908.3263707,1.0,21766.0
1718321908.530089,6.0,21754.0
1718321908.7685983,6.0,21754.0
1718321909.1432052,6.0,21754.0
1718321909.3507833,6.0,21744.0
1718321909.5098176,6.0,21740.0
1718321909.6673088,15.0,21740.0
1718321909.8161,57.0,21740.0
1718321909.9688945,100.0,21740.0
1718321910.13676,93.0,21740.0
1718321910.3112288,100.0,21740.0
1718321910.6590898,100.0,21740.0
1718321910.9694953,100.0,21740.0
1718321911.182032,100.0,21740.0
1718321911.4302688,0.0,21740.0
1718321911.7395623,1.0,21740.0
1718321912.0916007,7.0,21740.0
1718321912.2937138,0.0,21740.0
1718321912.518802,0.0,21740.0
1718321912.7251806,6.0,21740.0
1718321912.91942,6.0,21740.0
1718321913.13145,2.0,21740.0
1718321913.3429952,0.0,21740.0
1718321913.543047,0.0,21740.0
1718321913.8035438,3.0,21740.0
1718321914.1204484,2.0,21740.0
1718321914.298677,0.0,21740.0
1718321914.5314515,5.0,21750.0
1718321914.7430618,13.0,21750.0
1718321914.9069903,12.0,21727.0
1718321915.1098566,11.0,21727.0
1718321915.2887545,7.0,21727.0
1718321915.5235214,0.0,21727.0
1718321915.837363,0.0,21727.0
1718321916.0356476,0.0,21727.0
1718321916.2002995,1.0,21748.0
1718321916.3582532,16.0,21748.0
1718321916.5058293,16.0,21740.0
1718321916.6552715,100.0,21740.0
1718321916.826929,100.0,21740.0
1718321917.0716043,100.0,21740.0
1718321917.4212224,100.0,21740.0
1718321917.7635305,100.0,21740.0
1718321917.9544263,73.0,21740.0
1718321918.255481,0.0,21740.0
1718321918.5267978,3.0,21740.0
1718321918.775396,5.0,21740.0
1718321918.9511096,5.0,21740.0
1718321919.1753645,1.0,21740.0
1718321919.373988,3.0,21759.0
1718321919.5754976,8.0,21753.0
1718321919.791496,6.0,21753.0
1718321920.0034666,6.0,21761.0
1718321920.2071037,4.0,21761.0
1718321920.5186727,6.0,21765.0
1718321920.8295743,5.0,21765.0
1718321921.0114226,4.0,21765.0
1718321921.2514257,5.0,21758.0
1718321921.479156,15.0,21768.0
1718321921.660859,4.0,21768.0
1718321921.8875797,4.0,21768.0
1718321922.087269,0.0,21768.0
1718321922.3763824,0.0,21758.0
1718321922.5926669,6.0,21758.0
1718321922.7653368,8.0,21758.0
1718321922.9186668,8.0,21763.0
1718321923.0688784,5.0,21771.0
1718321923.2203496,70.0,21771.0
1718321923.3699675,100.0,21763.0
1718321923.6305785,100.0,21763.0
1718321924.009062,100.0,21761.0
1718321924.3358107,100.0,21761.0
1718321924.5694091,100.0,21761.0
1718321924.8016834,3.0,21756.0
1718321925.1074917,4.0,21756.0
1718321925.4605923,4.0,21756.0
1718321925.6835651,5.0,21756.0
1718321925.94561,3.0,21756.0
1718321926.128569,5.0,21756.0
1718321926.2861187,3.0,21756.0
1718321926.5055327,3.0,21756.0
1718321926.6916506,5.0,21756.0
1718321926.9395232,5.0,21763.0
1718321927.220202,6.0,21761.0
1718321927.5258868,10.0,21761.0
1718321927.7445378,11.0,21757.0
1718321927.915425,7.0,21757.0
1718321928.123414,0.0,21757.0
1718321928.3349404,0.0,21757.0
1718321928.547543,0.0,21757.0
1718321928.752345,0.0,21757.0
1718321929.0103822,0.0,21757.0
1718321929.347402,0.0,21757.0
1718321929.5543048,0.0,21757.0
1718321929.7209718,0.0,21757.0
1718321929.8719194,0.0,21758.0
1718321930.0222623,69.0,21758.0
1718321930.1727326,100.0,21758.0
1718321930.4315162,100.0,21758.0
1718321930.7596047,100.0,21758.0
1718321931.1068742,100.0,21792.0
1718321931.3508685,100.0,21783.0
1718321931.575519,6.0,21780.0
1718321932.083508,3.0,21781.0
1718321932.3512745,1.0,21781.0
1718321932.51516,1.0,21781.0
1718321932.7508101,1.0,21781.0
1718321932.9412162,1.0,21781.0
1718321933.1395028,1.0,21781.0
1718321933.3468032,0.0,21781.0
1718321933.5554676,0.0,21781.0
1718321933.7435057,0.0,21781.0
1718321934.0275202,1.0,21781.0
1718321934.3315935,0.0,21781.0
1718321934.5154176,0.0,21781.0
1718321934.7392414,0.0,21781.0
1718321934.9549737,0.0,21781.0
1718321935.1748254,1.0,21781.0
1718321935.384552,1.0,21780.0
1718321935.6076033,0.0,21780.0
1718321935.8784587,1.0,21781.0
1718321936.136953,0.0,21781.0
1718321936.3081074,0.0,21780.0
1718321936.4632823,1.0,21779.0
1718321936.6234097,41.0,21779.0
1718321936.772206,100.0,21779.0
1718321936.978328,97.0,21784.0
1718321937.2687442,100.0,21774.0
1718321937.6055267,100.0,21774.0
1718321937.890757,100.0,21774.0
1718321938.0914905,40.0,21774.0
1718321938.375507,2.0,21774.0
1718321938.628696,1.0,21774.0
1718321938.895707,0.0,21774.0
1718321939.1211715,0.0,21774.0
1718321939.3525054,5.0,21766.0
1718321939.5514169,10.0,21772.0
1718321939.7074428,8.0,21772.0
1718321939.9274275,8.0,21772.0
1718321940.1074765,7.0,21772.0
1718321940.3490155,10.0,21772.0
1718321940.5972142,7.0,21770.0
1718321940.8484528,4.0,21770.0
1718321941.199564,5.0,21770.0
1718321941.395418,4.0,21770.0
1718321941.59863,2.0,21770.0
1718321941.827649,2.0,21770.0
1718321942.0211859,2.0,21770.0
1718321942.2835014,7.0,21772.0
1718321942.5995066,3.0,21780.0
1718321942.7890487,4.0,21770.0
1718321942.9485254,7.0,21771.0
1718321943.0999777,7.0,21768.0
1718321943.2614396,69.0,21768.0
1718321943.4111235,100.0,21768.0
1718321943.6719851,100.0,21769.0
1718321944.0793014,100.0,21769.0
1718321944.347537,100.0,21769.0
1718321944.571087,100.0,21769.0
1718321944.8736453,4.0,21769.0
1718321945.230414,4.0,21769.0
1718321945.4773433,9.0,21769.0
1718321945.6941376,8.0,21769.0
1718321945.9314773,6.0,21758.0
1718321946.130925,3.0,21758.0
1718321946.3268933,0.0,21758.0
1718321946.5394876,0.0,21758.0
1718321946.7430735,0.0,21758.0
1718321946.9435325,0.0,21758.0
1718321947.2555177,0.0,21758.0
1718321947.5168686,1.0,21758.0
1718321947.6931286,1.0,21758.0
1718321947.8711698,0.0,21758.0
1718321948.0430787,0.0,21758.0
1718321948.2287884,0.0,21758.0
1718321948.4167879,0.0,21758.0
1718321948.573525,0.0,21758.0
1718321948.7872958,0.0,21758.0
1718321949.0744355,4.0,21758.0
1718321949.371537,3.0,21758.0
1718321949.546026,5.0,21758.0
1718321949.7026355,5.0,21758.0
1718321949.8553488,17.0,21758.0
1718321950.0025136,100.0,21758.0
1718321950.1662216,97.0,21758.0
1718321950.4062703,100.0,21758.0
1718321950.7466009,100.0,21758.0
1718321951.0636814,100.0,21758.0
1718321951.2755353,44.0,21754.0
1718321951.5115209,0.0,21754.0
1718321951.8681998,0.0,21754.0
1718321952.135724,4.0,21754.0
1718321952.3309927,7.0,21754.0
1718321952.5626013,8.0,21754.0
1718321952.7629206,9.0,21756.0
1718321952.9274616,9.0,21756.0
1718321953.1377575,2.0,21756.0
1718321953.3109589,9.0,21760.0
1718321953.5364928,2.0,21760.0
1718321953.763424,1.0,21760.0
1718321954.0994914,5.0,21760.0
1718321954.3217309,4.0,21760.0
1718321954.5152993,6.0,21762.0
1718321954.7320657,8.0,21764.0
1718321954.9732254,6.0,21764.0
1718321955.1804311,7.0,21764.0
1718321955.364974,9.0,21764.0
1718321955.5597005,4.0,21762.0
1718321955.8154685,2.0,21761.0
1718321956.0611007,5.0,21760.0
1718321956.2794287,5.0,21760.0
1718321956.4379625,8.0,21776.0
1718321956.5866168,11.0,21772.0
1718321956.7354157,100.0,21772.0
1718321956.8850658,95.0,21768.0
1718321957.1510515,100.0,21768.0
1718321957.4331932,100.0,21768.0
1718321957.7515488,100.0,21768.0
1718321958.0307822,100.0,21768.0
1718321958.229766,6.0,21778.0
1718321958.543483,5.0,21774.0
1718321958.805962,7.0,21774.0
1718321959.091349,5.0,21774.0
1718321959.2914598,5.0,21758.0
1718321959.5355031,7.0,21758.0
1718321959.7459817,9.0,21758.0
1718321959.9475265,7.0,21758.0
1718321960.159535,4.0,21758.0
1718321960.3476453,1.0,21758.0
1718321960.5636294,0.0,21758.0
1718321960.805978,0.0,21758.0
1718321961.0994973,1.0,21758.0
1718321961.3040133,1.0,21758.0
1718321961.4714293,1.0,21758.0
1718321961.6751857,0.0,21758.0
1718321961.8825388,0.0,21758.0
1718321962.0854244,0.0,21758.0
1718321962.2797778,0.0,21758.0
1718321962.5067437,0.0,21758.0
1718321962.8114865,0.0,21758.0
1718321963.0516567,0.0,21758.0
1718321963.2221804,0.0,21758.0
1718321963.3760147,0.0,21758.0
1718321963.525624,80.0,21758.0
1718321963.6746604,80.0,21758.0
1718321963.823486,96.0,21758.0
1718321964.0078542,100.0,21758.0
1718321964.3448164,100.0,21758.0
1718321964.6475704,100.0,21758.0
1718321964.8788958,57.0,21758.0
1718321965.1045034,0.0,21758.0
1718321965.4396996,0.0,21758.0
1718321965.6981275,0.0,21758.0
1718321965.9290655,0.0,21758.0
1718321966.130576,0.0,21758.0
1718321966.318163,0.0,21758.0
1718321966.503441,2.0,21758.0
1718321966.7034202,1.0,21758.0
1718321966.8821008,2.0,21758.0
1718321967.1061938,2.0,21758.0
1718321967.3515139,1.0,21758.0
1718321967.6448214,0.0,21758.0
1718321967.8594282,0.0,21758.0
1718321968.0351152,0.0,21758.0
1718321968.2674198,0.0,21758.0
1718321968.475417,0.0,21758.0
1718321968.6853924,0.0,21758.0
1718321968.8772826,0.0,21758.0
1718321969.091532,0.0,21758.0
1718321969.3663769,0.0,21758.0
1718321969.6069527,0.0,21758.0
1718321969.810557,0.0,21758.0
1718321969.961604,0.0,21758.0
1718321970.1157365,0.0,21758.0
1718321970.2646677,80.0,21758.0
1718321970.418698,100.0,21758.0
1718321970.7115016,100.0,21758.0
1718321971.0836349,100.0,21758.0
1718321971.3595228,100.0,21758.0
1718321971.5473616,48.0,21758.0
1718321971.839967,0.0,21758.0
1718321972.2130086,0.0,21758.0
1718321972.4407105,0.0,21758.0
1718321972.6187027,0.0,21758.0
1718321972.8416538,0.0,21758.0
1718321973.0419285,0.0,21758.0
1718321973.2114687,0.0,21758.0
1718321973.3857853,0.0,21758.0
1718321973.5955222,0.0,21758.0
1718321973.7873785,0.0,21758.0
1718321974.0795894,5.0,21758.0
1718321974.3195186,4.0,21758.0
1718321974.487423,1.0,21758.0
1718321974.6888099,2.0,21758.0
1718321974.8994236,2.0,21758.0
1718321975.107411,0.0,21758.0
1718321975.3050606,0.0,21758.0
1718321975.4987133,0.0,21758.0
1718321975.7254858,0.0,21758.0
1718321976.0633166,0.0,21758.0
1718321976.2824447,0.0,21758.0
1718321976.4395325,0.0,21758.0
1718321976.5872421,0.0,21758.0
1718321976.7378519,78.0,21758.0
1718321976.8862782,92.0,21758.0
1718321977.1288404,100.0,21758.0
1718321977.4806228,100.0,21758.0
1718321977.8634918,100.0,21758.0
1718321978.099698,46.0,21758.0
1718321978.3366866,0.0,21758.0
1718321978.6240056,7.0,21758.0
1718321978.9537914,7.0,21758.0
1718321979.1522763,2.0,21758.0
1718321979.383297,0.0,21758.0
1718321979.582614,0.0,21758.0
1718321979.7720788,0.0,21758.0
1718321979.985591,2.0,21758.0
1718321980.203514,6.0,21758.0
1718321980.4075024,0.0,21758.0
1718321980.6965184,0.0,21758.0
1718321980.963417,0.0,21758.0
1718321981.1474195,0.0,21758.0
1718321981.375346,0.0,21758.0
1718321981.5851147,0.0,21758.0
1718321981.7950053,0.0,21758.0
1718321982.0275643,0.0,21758.0
1718321982.2275088,0.0,21758.0
1718321982.5579753,0.0,21758.0
1718321982.7945712,0.0,21758.0
1718321982.9712958,0.0,21758.0
1718321983.1220527,6.0,21758.0
1718321983.2719703,6.0,21758.0
1718321983.4234307,100.0,21758.0
1718321983.5754886,93.0,21758.0
1718321983.783565,100.0,21758.0
1718321984.1515238,100.0,21758.0
1718321984.4914865,100.0,21758.0
1718321984.6916797,46.0,21758.0
1718321984.972657,0.0,21758.0
1718321985.2435544,0.0,21758.0
1718321985.5156922,0.0,21758.0
1718321985.730734,0.0,21758.0
1718321985.9594927,0.0,21758.0
1718321986.1492145,0.0,21758.0
1718321986.343443,0.0,21758.0
1718321986.5530345,0.0,21758.0
1718321986.7588623,0.0,21758.0
1718321986.9434972,0.0,21758.0
1718321987.259522,0.0,21758.0
1718321987.5333507,0.0,21758.0
1718321987.7154186,0.0,21758.0
1718321987.9392233,0.0,21758.0
1718321988.1590352,0.0,21758.0
1718321988.3810027,0.0,21758.0
1718321988.5914016,0.0,21758.0
1718321988.8235788,0.0,21758.0
1718321989.1556826,0.0,21758.0
1718321989.3980017,0.0,21758.0
1718321989.5457635,0.0,21758.0
1718321989.6980114,0.0,21758.0
1718321989.8470433,46.0,21758.0
1718321989.9955032,100.0,21758.0
1718321990.2435317,100.0,21758.0
1718321990.615627,100.0,21758.0
1718321990.9635656,100.0,21758.0
1718321991.1956544,100.0,21758.0
1718321991.4482098,0.0,21758.0
1718321991.7077045,0.0,21758.0
1718321992.006675,0.0,21758.0
1718321992.2074552,0.0,21758.0
1718321992.4313428,1.0,21758.0
1718321992.6275187,3.0,21758.0
1718321992.7865503,4.0,21758.0
1718321992.9975166,0.0,21758.0
1718321993.1779258,0.0,21758.0
1718321993.4195101,2.0,21758.0
1718321993.6795518,2.0,21758.0
1718321993.9514666,5.0,21758.0
1718321994.1555634,7.0,21758.0
1718321994.340756,5.0,21758.0
1718321994.5427315,1.0,21758.0
1718321994.747408,0.0,21758.0
1718321994.9486248,1.0,21758.0
1718321995.13001,0.0,21758.0
1718321995.411499,0.0,21758.0
1718321995.7645562,1.0,21758.0
1718321995.9599183,0.0,21758.0
1718321996.108436,0.0,21758.0
1718321996.2569692,0.0,21758.0
1718321996.4154658,79.0,21758.0
1718321996.5760982,96.0,21758.0
1718321996.799592,100.0,21758.0
1718321997.129177,100.0,21758.0
1718321997.4275904,100.0,21758.0
1718321997.671488,40.0,21758.0
1718321997.8893278,0.0,21758.0
1718321998.2034974,0.0,21758.0
1718321998.4435387,1.0,21758.0
1718321998.7234323,0.0,21758.0
1718321998.887476,0.0,21758.0
1718321999.0852468,0.0,21758.0
1718321999.2872648,0.0,21758.0
1718321999.4552693,0.0,21758.0
1718321999.6373937,0.0,21758.0
1718321999.8355443,0.0,21758.0
1718322000.0395508,0.0,21758.0
1718322000.3095663,0.0,21758.0
1718322000.6115012,0.0,21758.0
1718322000.7914202,2.0,21758.0
1718322001.0194142,1.0,21758.0
1718322001.2349856,0.0,21758.0
1718322001.436331,2.0,21758.0
1718322001.6595025,1.0,21758.0
1718322001.8592522,2.0,21758.0
1718322002.1194978,1.0,21758.0
1718322002.4282098,0.0,21758.0
1718322002.6029444,0.0,21758.0
1718322002.7498312,0.0,21758.0
1718322002.9015038,0.0,21758.0
1718322003.0545847,55.0,21758.0
1718322003.20615,100.0,21758.0
1718322003.4381158,100.0,21758.0
1718322003.779618,100.0,21758.0
1718322004.0995011,100.0,21758.0
1718322004.3217657,81.0,21758.0
1718322004.5517204,0.0,21758.0
1718322004.8515577,2.0,21758.0
1718322005.0902617,4.0,21758.0
1718322005.326158,3.0,21758.0
1718322005.5194342,0.0,21758.0
1718322005.723524,0.0,21758.0
1718322005.9065301,0.0,21758.0
1718322006.095496,0.0,21758.0
1718322006.3033211,0.0,21758.0
1718322006.5017328,6.0,21758.0
1718322006.6965883,6.0,21758.0
1718322006.9427075,1.0,21758.0
1718322007.2408543,0.0,21758.0
1718322007.4097254,0.0,21758.0
1718322007.5914245,0.0,21758.0
1718322007.7994142,0.0,21758.0
1718322008.003416,0.0,21758.0
1718322008.207996,0.0,21758.0
1718322008.4079971,0.0,21758.0
1718322008.6355464,0.0,21758.0
1718322008.9435642,0.0,21758.0
1718322009.168111,0.0,21758.0
1718322009.3455188,0.0,21758.0
1718322009.495917,0.0,21758.0
1718322009.6473026,17.0,21758.0
1718322009.7931354,100.0,21758.0
1718322009.9395099,97.0,21758.0
1718322010.2096205,100.0,21758.0
1718322010.5503242,100.0,21758.0
1718322010.897815,100.0,21758.0
1718322011.0670252,0.0,21758.0
1718322011.3497446,0.0,21758.0
1718322011.634484,0.0,21758.0
1718322011.9036765,0.0,21758.0
1718322012.074166,0.0,21758.0
1718322012.299492,0.0,21758.0
1718322012.4847705,0.0,21758.0
1718322012.6755257,0.0,21758.0
1718322012.8818083,0.0,21758.0
1718322013.0714455,0.0,21758.0
1718322013.2708743,0.0,21758.0
1718322013.5115106,0.0,21758.0
1718322013.756991,0.0,21758.0
1718322013.947665,0.0,21758.0
1718322014.1234155,0.0,21758.0
1718322014.3393543,0.0,21758.0
1718322014.5590398,0.0,21758.0
1718322014.7787232,0.0,21758.0
1718322014.9699023,0.0,21758.0
1718322015.1435106,0.0,21758.0
1718322015.4235272,0.0,21758.0
1718322015.6749728,0.0,21758.0
1718322015.8613842,0.0,21758.0
1718322016.007215,0.0,21758.0
1718322016.1509433,30.0,21758.0
1718322016.2986279,30.0,21758.0
1718322016.4434526,98.0,21758.0
1718322016.6832678,100.0,21758.0
1718322017.003624,100.0,21758.0
1718322017.335048,100.0,21758.0
1718322017.5435293,89.0,21758.0
1718322017.815685,0.0,21758.0
1718322018.094142,0.0,21758.0
1718322018.3274736,0.0,21758.0
1718322018.5875952,0.0,21758.0
1718322018.7515364,0.0,21758.0
1718322018.9503934,0.0,21758.0
1718322019.1515708,0.0,21758.0
1718322019.319236,0.0,21758.0
1718322019.4954913,0.0,21758.0
1718322019.6995115,0.0,21758.0
1718322019.891521,0.0,21758.0
1718322020.1955135,0.0,21758.0
1718322020.4792638,0.0,21758.0
1718322020.6594217,0.0,21758.0
1718322020.8834145,0.0,21758.0
1718322021.1109962,0.0,21758.0
1718322021.3246806,0.0,21758.0
1718322021.5195909,0.0,21758.0
1718322021.707513,0.0,21758.0
1718322021.9715238,0.0,21758.0
1718322022.2114713,0.0,21758.0
1718322022.3993597,0.0,21758.0
1718322022.5517042,0.0,21758.0
1718322022.7084777,36.0,21758.0
1718322022.8578002,36.0,21758.0
1718322023.0074341,100.0,21758.0
1718322023.2474532,100.0,21758.0
1718322023.6114285,100.0,21758.0
1718322023.9755232,100.0,21758.0
1718322024.1943731,96.0,21758.0
1718322024.4609127,0.0,21758.0
1718322024.7515154,0.0,21758.0
1718322024.98758,0.0,21758.0
1718322025.1474173,0.0,21758.0
1718322025.3425822,0.0,21758.0
1718322025.555503,0.0,21758.0
1718322025.7475026,0.0,21740.0
1718322025.9436064,1.0,21740.0
1718322026.12287,0.0,21740.0
1718322026.3315074,0.0,21740.0
1718322026.5263462,0.0,21740.0
1718322026.7915008,0.0,21740.0
1718322027.0833485,0.0,21740.0
1718322027.2634132,0.0,21740.0
1718322027.495421,0.0,21740.0
1718322027.711302,0.0,21740.0
1718322027.9314928,0.0,21740.0
1718322028.1189785,0.0,21740.0
1718322028.3103411,0.0,21740.0
1718322028.6195955,0.0,21740.0
1718322028.895423,0.0,21740.0
1718322029.078741,0.0,21740.0
1718322029.2322009,0.0,21740.0
1718322029.3871884,38.0,21740.0
1718322029.5390286,100.0,21740.0
1718322029.7074118,93.0,21740.0
1718322029.9407492,100.0,21740.0
1718322030.2602332,100.0,21740.0
1718322030.57548,100.0,21740.0
1718322030.7752364,84.0,21740.0
1718322031.0355406,0.0,21740.0
1718322031.3154893,0.0,21740.0
1718322031.5335362,0.0,21740.0
1718322031.769025,0.0,21740.0
1718322031.960855,0.0,21740.0
1718322032.1516454,0.0,21740.0
1718322032.3409047,0.0,21740.0
1718322032.548905,0.0,21740.0
1718322032.7257428,0.0,21740.0
1718322032.9434724,0.0,21740.0
1718322033.2572079,0.0,21740.0
1718322033.5235696,0.0,21740.0
1718322033.7114298,0.0,21740.0
1718322033.8928275,0.0,21740.0
1718322034.087414,0.0,21740.0
1718322034.2834098,0.0,21740.0
1718322034.4745739,0.0,21740.0
1718322034.6714914,0.0,21740.0
1718322034.903687,0.0,21740.0
1718322035.2411866,0.0,21740.0
1718322035.4276392,0.0,21740.0
1718322035.5834274,0.0,21740.0
1718322035.7362597,2.0,21740.0
1718322035.8860447,2.0,21740.0
1718322036.0302238,94.0,21740.0
1718322036.2580767,100.0,21740.0
1718322036.5955794,100.0,21740.0
1718322036.9675577,100.0,21740.0
1718322037.2211351,23.0,21740.0
1718322037.4875398,0.0,21740.0
1718322037.8715174,0.0,21740.0
1718322038.1093018,0.0,21740.0
1718322038.2835245,0.0,21740.0
1718322038.5112002,0.0,21740.0
1718322038.6989934,0.0,21740.0
1718322038.8867295,0.0,21740.0
1718322039.1034687,0.0,21740.0
1718322039.3075018,0.0,21740.0
1718322039.4916756,0.0,21740.0
1718322039.767527,0.0,21740.0
1718322039.9952207,0.0,21740.0
1718322040.2109957,0.0,21740.0
1718322040.4433532,0.0,21740.0
1718322040.664785,0.0,21740.0
1718322040.8829463,0.0,21740.0
1718322041.0715172,0.0,21740.0
1718322041.3069687,0.0,21740.0
1718322041.5955243,0.0,21740.0
1718322041.8171067,0.0,21740.0
1718322042.0119128,0.0,21740.0
1718322042.1573546,0.0,21740.0
1718322042.3074417,66.0,21740.0
1718322042.4617317,66.0,21740.0
1718322042.6115563,100.0,21740.0
1718322042.8492,100.0,21740.0
1718322043.2434983,100.0,21740.0
1718322043.5658839,100.0,21740.0
1718322043.7635744,50.0,21740.0
1718322044.0275033,0.0,21740.0
1718322044.3603997,0.0,21740.0
1718322044.5895286,0.0,21740.0
1718322044.7535303,0.0,21740.0
1718322044.9865465,0.0,21740.0
1718322045.172029,0.0,21740.0
1718322045.3675077,0.0,21740.0
1718322045.579499,0.0,21740.0
1718322045.7833374,0.0,21740.0
1718322045.9724545,0.0,21740.0
1718322046.299516,0.0,21740.0
1718322046.5210617,0.0,21740.0
1718322046.703421,0.0,21740.0
1718322046.9313347,0.0,21740.0
1718322047.1474142,0.0,21740.0
1718322047.368616,0.0,21740.0
1718322047.5678172,0.0,21740.0
1718322047.771879,0.0,21740.0
1718322048.060929,0.0,21740.0
1718322048.3403952,0.0,21740.0
1718322048.5127585,0.0,21740.0
1718322048.6669152,0.0,21740.0
1718322048.820163,26.0,21740.0
1718322048.9696693,100.0,21740.0
1718322049.1780999,100.0,21740.0
1718322049.4963963,100.0,21740.0
1718322049.8034286,100.0,21740.0
1718322050.107696,94.0,21740.0
1718322050.3515193,0.0,21740.0
1718322050.6755419,0.0,21740.0
1718322050.9878523,0.0,21740.0
1718322051.215417,1.0,21740.0
1718322051.4126403,0.0,21740.0
1718322051.5997221,0.0,21740.0
1718322051.7758698,0.0,21740.0
1718322051.9900205,0.0,21740.0
1718322052.1634762,0.0,21740.0
1718322052.3971145,0.0,21740.0
1718322052.6436145,0.0,21740.0
1718322052.9390402,0.0,21740.0
1718322053.1388996,0.0,21740.0
1718322053.3327038,0.0,21740.0
1718322053.5366547,0.0,21740.0
1718322053.731207,0.0,21740.0
1718322053.9250457,0.0,21740.0
1718322054.1121988,0.0,21740.0
1718322054.343525,0.0,21740.0
1718322054.62769,0.0,21740.0
1718322054.850069,0.0,21740.0
1718322055.0255258,0.0,21740.0
1718322055.1723745,0.0,21740.0
1718322055.318665,64.0,21740.0
1718322055.4678037,64.0,21740.0
1718322055.611324,98.0,21740.0
1718322055.8827846,100.0,21740.0
1718322056.2035754,100.0,21740.0
1718322056.5354366,100.0,21740.0
1718322056.7421455,51.0,21740.0
1718322057.0225017,0.0,21740.0
1718322057.302655,0.0,21740.0
1718322057.5796828,0.0,21740.0
1718322057.7435443,0.0,21740.0
1718322057.9828691,0.0,21740.0
1718322058.1848512,0.0,21740.0
1718322058.3728163,0.0,21740.0
1718322058.5851345,0.0,21740.0
1718322058.7954977,0.0,21740.0
1718322058.9967537,0.0,21740.0
1718322059.3114333,0.0,21740.0
1718322059.5594232,0.0,21740.0
1718322059.7434208,0.0,21740.0
1718322059.9753048,0.0,21740.0
1718322060.1904762,0.0,21740.0
1718322060.4029825,0.0,21740.0
1718322060.5908709,0.0,21740.0
1718322060.8179617,0.0,21740.0
1718322061.0745313,0.0,21740.0
1718322061.335493,0.0,21740.0
1718322061.5176938,0.0,21740.0
1718322061.662964,0.0,21740.0
1718322061.8090982,7.0,21740.0
1718322061.9631574,100.0,21740.0
1718322062.111489,99.0,21740.0
1718322062.337896,100.0,21740.0
1718322062.6691036,100.0,21740.0
1718322063.0155377,100.0,21740.0
1718322063.2594857,11.0,21740.0
1718322063.5188901,0.0,21740.0
1718322063.8025007,0.0,21740.0
1718322064.1037166,0.0,21740.0
1718322064.3354063,0.0,21740.0
1718322064.5674782,0.0,21740.0
1718322064.7606857,0.0,21740.0
1718322064.9555278,0.0,21740.0
1718322065.1674798,0.0,21740.0
1718322065.3668296,0.0,21740.0
1718322065.5634828,0.0,21740.0
1718322065.8435352,0.0,21740.0
1718322066.0624354,0.0,21740.0
1718322066.2644923,0.0,21740.0
1718322066.4473038,0.0,21740.0
1718322066.6468122,0.0,21740.0
1718322066.8594115,0.0,21740.0
1718322067.0602517,0.0,21740.0
1718322067.2348385,0.0,21740.0
1718322067.4515104,0.0,21740.0
1718322067.8593814,0.0,21740.0
1718322068.055024,0.0,21740.0
1718322068.207441,0.0,21740.0
1718322068.3545647,6.0,21740.0
1718322068.5059988,100.0,21740.0
1718322068.6555035,70.0,21740.0
1718322068.8721035,100.0,21740.0
1718322069.2274704,100.0,21740.0
1718322069.5755002,100.0,21740.0
1718322069.8036153,100.0,21740.0
1718322070.0555298,0.0,21740.0
1718322070.355499,0.0,21740.0
1718322070.6557076,0.0,21740.0
1718322070.861765,0.0,21740.0
1718322071.0834916,0.0,21740.0
1718322071.273239,0.0,21740.0
1718322071.4632885,0.0,21740.0
1718322071.6707287,0.0,21740.0
1718322071.867479,0.0,21740.0
1718322072.0596724,0.0,21740.0
1718322072.3075082,0.0,21740.0
1718322072.6273766,0.0,21740.0
1718322072.8163183,0.0,21740.0
1718322073.0420024,0.0,21740.0
1718322073.2029388,0.0,21740.0
1718322073.3868792,0.0,21740.0
1718322073.5724988,0.0,21740.0
1718322073.7676096,0.0,21740.0
1718322073.9795313,0.0,21740.0
1718322074.2874672,0.0,21740.0
1718322074.5110812,0.0,21740.0
1718322074.6831136,0.0,21740.0
1718322074.8344843,0.0,21740.0
1718322074.984408,50.0,21740.0
1718322075.1324584,100.0,21740.0
1718322075.2834957,99.0,21740.0
1718322075.560819,100.0,21740.0
1718322075.880397,100.0,21740.0
1718322076.195213,100.0,21740.0
1718322076.383642,64.0,21740.0
1718322076.60731,0.0,21740.0
1718322076.9545524,0.0,21740.0
1718322077.1957014,0.0,21740.0
1718322077.3835003,0.0,21740.0
1718322077.6234913,0.0,21740.0
1718322077.807948,0.0,21740.0
1718322078.000339,0.0,21740.0
1718322078.2234695,0.0,21740.0
1718322078.4354973,0.0,21740.0
1718322078.6235251,0.0,21740.0
1718322078.9115276,0.0,21740.0
1718322079.1543849,0.0,21740.0
1718322079.3214371,0.0,21740.0
1718322079.4992745,0.0,21740.0
1718322079.6927476,0.0,21740.0
1718322079.8912532,0.0,21740.0
1718322080.0880988,0.0,21740.0
1718322080.2866828,0.0,21740.0
1718322080.535946,0.0,21740.0
1718322080.8112655,0.0,21740.0
1718322081.0117064,0.0,21740.0
1718322081.184869,0.0,21740.0
1718322081.3332515,0.0,21740.0
1718322081.484151,0.0,21740.0
1718322081.6284592,81.0,21740.0
1718322081.832427,100.0,21740.0
1718322082.2035108,100.0,21740.0
1718322082.5315554,100.0,21740.0
1718322082.7722657,100.0,21740.0
1718322083.0139797,0.0,21740.0
1718322083.318157,0.0,21740.0
1718322083.5954323,0.0,21740.0
1718322083.8272195,0.0,21740.0
1718322084.0175338,0.0,21740.0
1718322084.2157447,0.0,21740.0
1718322084.395081,0.0,21740.0
1718322084.5914087,0.0,21740.0
1718322084.7715302,0.0,21740.0
1718322084.9923089,0.0,21740.0
1718322085.2515104,0.0,21740.0
1718322085.617353,0.0,21740.0
1718322085.8114238,0.0,21740.0
1718322085.9960306,0.0,21740.0
1718322086.1669602,0.0,21740.0
1718322086.3554015,0.0,21740.0
1718322086.54745,0.0,21740.0
1718322086.7413602,0.0,21740.0
1718322087.0130432,0.0,21740.0
1718322087.2986033,0.0,21740.0
1718322087.4868755,0.0,21740.0
1718322087.6415038,0.0,21740.0
1718322087.786636,0.0,21740.0
1718322087.9342148,76.0,21740.0
1718322088.085752,99.0,21740.0
1718322088.2355225,100.0,21740.0
1718322088.4555852,100.0,21740.0
1718322088.8545759,100.0,21740.0
1718322089.1579404,100.0,21740.0
1718322089.3631692,37.0,21740.0
1718322089.6315367,0.0,21740.0
1718322089.948617,0.0,21740.0
1718322090.177789,0.0,21740.0
1718322090.3562913,0.0,21740.0
1718322090.5794723,0.0,21740.0
1718322090.769,0.0,21740.0
1718322090.9527807,0.0,21740.0
1718322091.1650634,0.0,21740.0
1718322091.358251,0.0,21740.0
1718322091.5643616,0.0,21740.0
1718322091.8155289,0.0,21740.0
1718322092.1394863,0.0,21740.0
1718322092.3266408,0.0,21740.0
1718322092.5471795,0.0,21740.0
1718322092.7469053,0.0,21740.0
1718322092.9447196,0.0,21740.0
1718322093.146822,0.0,21740.0
1718322093.3568678,2.0,21740.0
1718322093.6315796,5.0,21740.0
1718322093.9325902,5.0,21744.0
1718322094.122249,2.0,21744.0
1718322094.2743373,2.0,21744.0
1718322094.4240484,1.0,21744.0
1718322094.578805,73.0,21744.0
1718322094.7315316,97.0,21744.0
1718322095.0074966,100.0,21744.0
1718322095.371411,100.0,21744.0
1718322095.7034154,100.0,21744.0
1718322095.9034214,63.0,21744.0
1718322096.163977,7.0,21744.0
1718322096.5331664,7.0,21744.0
1718322096.7596357,0.0,21744.0
1718322096.9336593,4.0,21744.0
1718322097.163496,4.0,21744.0
1718322097.3492477,5.0,21744.0
1718322097.5363586,1.0,21744.0
1718322097.745101,2.0,21744.0
1718322097.9357545,6.0,21744.0
1718322098.139507,6.0,21744.0
1718322098.4317448,0.0,21744.0
1718322098.7161233,1.0,21744.0
1718322098.9134274,7.0,21744.0
1718322099.0874245,8.0,21744.0
1718322099.2834144,0.0,21744.0
1718322099.4834092,1.0,21744.0
1718322099.6834435,0.0,21744.0
1718322099.8559654,4.0,21744.0
1718322100.0632355,1.0,21744.0
1718322100.33457,7.0,21742.0
1718322100.652111,8.0,21742.0
1718322100.8299603,8.0,21734.0
1718322100.980843,2.0,21734.0
1718322101.128493,72.0,21734.0
1718322101.2824152,100.0,21744.0
1718322101.4515467,97.0,21744.0
1718322101.7015455,100.0,21744.0
1718322102.0264707,100.0,21744.0
1718322102.3474805,100.0,21744.0
1718322102.559516,74.0,21736.0
1718322102.8515196,1.0,21744.0
1718322103.184321,0.0,21744.0
1718322103.3917062,5.0,21744.0
1718322103.5925367,3.0,21744.0
1718322103.8194852,0.0,21744.0
1718322104.007291,8.0,21744.0
1718322104.2019792,5.0,21744.0
1718322104.4154716,1.0,21744.0
1718322104.6185393,6.0,21744.0
1718322104.8626773,4.0,21744.0
1718322105.1555371,5.0,21744.0
1718322105.4157686,2.0,21744.0
1718322105.591415,7.0,21744.0
1718322105.8192906,7.0,21744.0
1718322106.043415,4.0,21744.0
1718322106.2430348,8.0,21744.0
1718322106.4595203,1.0,21744.0
1718322106.685524,0.0,21744.0
1718322106.9667668,1.0,21744.0
1718322107.2565773,1.0,21744.0
1718322107.4288793,1.0,21745.0
1718322107.5874965,3.0,21745.0
1718322107.7403407,47.0,21745.0
1718322107.8957279,100.0,21745.0
1718322108.1683595,100.0,21745.0
1718322108.4970548,100.0,21745.0
1718322108.8213317,100.0,21745.0
1718322109.0595024,100.0,21745.0
1718322109.29315,11.0,21745.0
1718322109.5824943,0.0,21745.0
1718322109.8194978,1.0,21737.0
1718322110.0465496,0.0,21737.0
1718322110.2425046,0.0,21737.0
1718322110.4555252,0.0,21737.0
1718322110.6514878,1.0,21745.0
1718322110.847591,6.0,21745.0
1718322111.034879,7.0,21745.0
1718322111.247508,2.0,21745.0
1718322111.4469244,0.0,21745.0
1718322111.7595372,4.0,21745.0
1718322112.0399137,4.0,21745.0
1718322112.2234235,10.0,21745.0
1718322112.4688356,3.0,21745.0
1718322112.6874146,1.0,21745.0
1718322112.9053202,3.0,21745.0
1718322113.1227984,7.0,21745.0
1718322113.3075004,2.0,21745.0
1718322113.554963,0.0,21745.0
1718322113.859557,0.0,21745.0
1718322114.020211,6.0,21745.0
1718322114.1688898,5.0,21745.0
1718322114.3161702,40.0,21745.0
1718322114.4713287,100.0,21745.0
1718322114.6282058,95.0,21745.0
1718322114.882085,100.0,21745.0
1718322115.235558,100.0,21745.0
1718322115.5915258,100.0,21745.0
1718322115.81551,13.0,21745.0
1718322116.1155972,3.0,21745.0
1718322116.40756,0.0,21745.0
1718322116.6956081,0.0,21745.0
1718322116.8645494,0.0,21745.0
1718322117.095499,0.0,21745.0
1718322117.2869544,0.0,21745.0
1718322117.481303,0.0,21745.0
1718322117.6954486,0.0,21745.0
1718322117.8995228,0.0,21745.0
1718322118.087307,0.0,21745.0
1718322118.3835127,0.0,21745.0
1718322118.635491,0.0,21745.0
1718322118.835416,0.0,21745.0
1718322119.0559864,0.0,21745.0
1718322119.2548127,6.0,21745.0
1718322119.4328625,6.0,21745.0
1718322119.6323545,11.0,21737.0
1718322119.81549,6.0,21745.0
1718322120.0394838,4.0,21745.0
1718322120.3394852,1.0,21737.0
1718322120.5855854,4.0,21737.0
1718322120.7392154,10.0,21737.0
1718322120.8910651,7.0,21737.0
1718322121.0469785,7.0,21737.0
1718322121.1995027,92.0,21737.0
1718322121.447605,100.0,21737.0
1718322121.771567,100.0,21737.0
1718322122.0872502,100.0,21737.0
1718322122.3274662,100.0,21737.0
1718322122.5555341,0.0,21737.0
1718322122.8714993,0.0,21745.0
1718322123.2075238,1.0,21745.0
1718322123.40976,0.0,21745.0
1718322123.63144,0.0,21745.0
1718322123.8286917,0.0,21745.0
1718322124.011556,0.0,21745.0
1718322124.2289538,1.0,21745.0
1718322124.4229496,1.0,21745.0
1718322124.6315978,1.0,21745.0
1718322124.904306,0.0,21745.0
1718322125.1802654,0.0,21745.0
1718322125.3794327,0.0,21745.0
1718322125.5594218,0.0,21744.0
1718322125.759049,0.0,21744.0
1718322125.963409,0.0,21744.0
1718322126.1634636,0.0,21744.0
1718322126.3552675,0.0,21744.0
1718322126.5875497,0.0,21744.0
1718322126.8994772,0.0,21744.0
1718322127.1456673,0.0,21744.0
1718322127.302781,0.0,21744.0
1718322127.4517155,0.0,21744.0
1718322127.598961,41.0,21744.0
1718322127.7455947,100.0,21744.0
1718322127.9259777,99.0,21744.0
1718322128.2315469,100.0,21744.0
1718322128.5749261,100.0,21744.0
1718322128.8674302,80.0,21744.0
1718322129.0672512,4.0,21744.0
1718322129.4047313,2.0,21744.0
1718322129.6795151,4.0,21744.0
1718322129.876472,3.0,21744.0
1718322130.06473,4.0,21744.0
1718322130.290018,5.0,21744.0
1718322130.480976,5.0,21744.0
1718322130.6773996,4.0,21744.0
1718322130.8954756,2.0,21744.0
1718322131.115498,0.0,21744.0
1718322131.3179169,0.0,21744.0
1718322131.6252415,0.0,21744.0
1718322131.8980472,0.0,21744.0
1718322132.0714242,0.0,21744.0
1718322132.2994227,0.0,21744.0
1718322132.519413,0.0,21744.0
1718322132.7330902,0.0,21744.0
1718322132.9314454,0.0,21744.0
1718322133.131641,0.0,21744.0
1718322133.4035363,0.0,21744.0
1718322133.6944945,0.0,21744.0
1718322133.8720286,1.0,21744.0
1718322134.0225706,1.0,21744.0
1718322134.175437,24.0,21744.0
1718322134.3283503,100.0,21744.0
1718322134.5363445,100.0,21744.0
1718322134.8834996,100.0,21744.0
1718322135.2427418,100.0,21744.0
1718322135.5115302,98.0,21744.0
1718322135.8081634,0.0,21744.0
1718322136.0787039,0.0,21744.0
1718322136.3634999,2.0,21744.0
1718322136.5794196,5.0,21744.0
1718322136.8105881,5.0,21744.0
1718322136.9995222,2.0,21744.0
1718322137.1654236,0.0,21744.0
1718322137.3821044,0.0,21744.0
1718322137.566795,0.0,21744.0
1718322137.7995105,1.0,21744.0
1718322138.0514977,0.0,21744.0
1718322138.40306,1.0,21744.0
1718322138.5794165,1.0,21744.0
1718322138.8074114,1.0,21744.0
1718322139.0310242,3.0,21736.0
1718322139.2473738,1.0,21736.0
1718322139.4393053,0.0,21736.0
1718322139.6395237,1.0,21744.0
1718322139.903512,2.0,21744.0
1718322140.1674619,1.0,21744.0
1718322140.34696,2.0,21744.0
1718322140.505628,12.0,21744.0
1718322140.6572692,12.0,21744.0
1718322140.8045564,60.0,21744.0
1718322140.9518294,100.0,21744.0
1718322141.1955388,100.0,21744.0
1718322141.5385659,100.0,21744.0
1718322141.86752,100.0,21744.0
1718322142.0854177,71.0,21744.0
1718322142.323671,0.0,21744.0
1718322142.6714804,0.0,21744.0
1718322142.951005,0.0,21744.0
1718322143.1686835,0.0,21744.0
1718322143.3815768,0.0,21744.0
1718322143.5994825,3.0,21744.0
1718322143.7595026,3.0,21744.0
1718322143.9766839,1.0,21744.0
1718322144.152768,0.0,21744.0
1718322144.3834777,0.0,21744.0
1718322144.6795638,0.0,21744.0
1718322144.9641132,0.0,21744.0
1718322145.139431,1.0,21744.0
1718322145.3112867,2.0,21744.0
1718322145.5114124,1.0,21744.0
1718322145.7154083,0.0,21744.0
1718322145.9094062,0.0,21744.0
1718322146.099467,0.0,21744.0
1718322146.3555586,0.0,21744.0
1718322146.6635349,0.0,21744.0
1718322146.8801746,6.0,21744.0
1718322147.0337086,6.0,21744.0
1718322147.178428,5.0,21744.0
1718322147.334418,75.0,21744.0
1718322147.4827175,95.0,21744.0
1718322147.7298255,100.0,21744.0
1718322148.082583,100.0,21744.0
1718322148.4249368,100.0,21744.0
1718322148.6553721,96.0,21744.0
1718322148.9549174,0.0,21744.0
1718322149.3235743,0.0,21744.0
1718322149.5284078,0.0,21744.0
1718322149.685741,0.0,21744.0
1718322149.9114783,0.0,21744.0
1718322150.1014485,0.0,21744.0
1718322150.2953792,0.0,21744.0
1718322150.510547,0.0,21744.0
1718322150.7195148,0.0,21744.0
1718322150.907492,0.0,21744.0
1718322151.2395678,0.0,21744.0
1718322151.4793441,0.0,21744.0
1718322151.6514242,0.0,21744.0
1718322151.8753173,0.0,21744.0
1718322152.0967755,0.0,21744.0
1718322152.3155203,0.0,21744.0
1718322152.5046751,0.0,21744.0
1718322152.7196352,0.0,21744.0
1718322152.9955063,0.0,21744.0
1718322153.2350783,4.0,21744.0
1718322153.4142208,4.0,21744.0
1718322153.5640736,10.0,21744.0
1718322153.717641,28.0,21744.0
1718322153.8721027,100.0,21744.0
1718322154.0235162,99.0,21744.0
1718322154.2645416,100.0,21744.0
1718322154.5820773,100.0,21744.0
1718322154.935477,100.0,21744.0
1718322155.1515136,95.0,21744.0
1718322155.4075158,0.0,21744.0
1718322155.7395496,0.0,21744.0
1718322156.0036302,0.0,21744.0
1718322156.2247539,0.0,21744.0
1718322156.4514744,0.0,21744.0
1718322156.6382017,0.0,21744.0
1718322156.823474,0.0,21744.0
1718322157.0346837,0.0,21744.0
1718322157.2314725,0.0,21744.0
1718322157.4396985,0.0,21744.0
1718322157.690564,0.0,21744.0
1718322157.991416,0.0,21744.0
1718322158.1704643,0.0,21744.0
1718322158.3474288,0.0,21744.0
1718322158.5452976,1.0,21740.0
1718322158.760948,5.0,21736.0
1718322158.9776542,7.0,21736.0
1718322159.1974723,8.0,21737.0
1718322159.4355342,4.0,21736.0
1718322159.7759748,2.0,21736.0
1718322160.0114436,1.0,21736.0
1718322160.167373,0.0,21736.0
1718322160.325545,1.0,21736.0
1718322160.4706924,93.0,21736.0
1718322160.6192868,78.0,21736.0
1718322160.8661826,98.0,21736.0
1718322161.1939166,100.0,21736.0
1718322161.5514958,100.0,21736.0
1718322161.7711284,44.0,21736.0
1718322162.0594988,2.0,21736.0
1718322162.352791,4.0,21736.0
1718322162.6043808,1.0,21736.0
1718322162.8323767,1.0,21736.0
1718322163.0474288,2.0,21736.0
1718322163.253538,2.0,21736.0
1718322163.4160018,1.0,21736.0
1718322163.6524339,2.0,21736.0
1718322163.847486,0.0,21736.0
1718322164.0475821,0.0,21766.0
1718322164.3191934,2.0,21766.0
1718322164.5674963,1.0,21766.0
1718322164.7192063,0.0,21762.0
1718322164.8909183,6.0,21762.0
1718322165.1234388,8.0,21762.0
1718322165.3034227,10.0,21756.0
1718322165.4750445,4.0,21756.0
1718322165.6779132,0.0,21756.0
1718322165.875514,0.0,21752.0
1718322166.1275067,5.0,21752.0
1718322166.4115002,2.0,21762.0
1718322166.6285257,2.0,21762.0
1718322166.8007393,0.0,21762.0
1718322166.9505033,0.0,21762.0
1718322167.0982916,79.0,21762.0
1718322167.247745,79.0,21762.0
1718322167.3955882,99.0,21762.0
1718322167.6076665,100.0,21762.0
1718322167.981489,100.0,21762.0
1718322168.2901196,100.0,21785.0
1718322168.5112665,46.0,21785.0
1718322168.795527,10.0,21785.0
1718322169.0874934,9.0,21776.0
1718322169.3397171,7.0,21776.0
1718322169.5515108,6.0,21776.0
1718322169.790706,8.0,21776.0
1718322169.9874113,7.0,21776.0
1718322170.1812782,8.0,21776.0
1718322170.3971376,6.0,21776.0
1718322170.605567,10.0,21776.0
1718322170.8115842,11.0,21782.0
1718322171.1072361,5.0,21782.0
1718322171.4236424,5.0,21776.0
1718322171.607305,10.0,21776.0
1718322171.835968,5.0,21776.0
1718322172.0587926,7.0,21776.0
1718322172.274824,5.0,21776.0
1718322172.4974384,4.0,21776.0
1718322172.7424996,4.0,21776.0
1718322173.0554917,4.0,21776.0
1718322173.2960415,5.0,21776.0
1718322173.4512336,5.0,21776.0
1718322173.5962393,5.0,21776.0
1718322173.7464185,61.0,21776.0
1718322173.8994777,100.0,21776.0
1718322174.135543,100.0,21776.0
1718322174.470854,100.0,21776.0
1718322174.7944598,100.0,21776.0
1718322175.0303314,100.0,21776.0
1718322175.2946784,50.0,21776.0
1718322175.5475194,4.0,21776.0
1718322175.8391483,4.0,21776.0
1718322176.0358129,3.0,21776.0
1718322176.2299037,3.0,21776.0
1718322176.4375432,4.0,21776.0
1718322176.6274772,3.0,21776.0
1718322176.8290944,3.0,21776.0
1718322177.0136864,4.0,21776.0
1718322177.2487662,3.0,21776.0
1718322177.475529,4.0,21776.0
1718322177.7749677,3.0,21776.0
1718322177.964064,4.0,21776.0
1718322178.1430717,4.0,21776.0
1718322178.3768058,5.0,21776.0
1718322178.6108322,4.0,21776.0
1718322178.8248792,4.0,21776.0
1718322179.019186,4.0,21776.0
1718322179.2110462,4.0,21776.0
1718322179.50664,4.0,21776.0
1718322179.761942,4.0,21776.0
1718322179.941829,4.0,21776.0
1718322180.0876045,6.0,21776.0
1718322180.241539,74.0,21776.0
1718322180.4058402,74.0,21776.0
1718322180.5590818,97.0,21776.0
1718322180.8308954,100.0,21776.0
1718322181.2115483,100.0,21776.0
1718322181.5354943,100.0,21782.0
1718322181.7476683,100.0,21782.0
1718322181.9982836,4.0,21776.0
1718322182.291515,4.0,21776.0
1718322182.5833232,4.0,21776.0
1718322182.7747393,4.0,21776.0
1718322183.0025895,4.0,21776.0
1718322183.2001226,3.0,21776.0
1718322183.3929086,4.0,21776.0
1718322183.6102455,4.0,21776.0
1718322183.8155148,3.0,21776.0
1718322184.0151973,4.0,21776.0
1718322184.2688017,3.0,21776.0
1718322184.5382347,5.0,21776.0
1718322184.7070026,4.0,21776.0
1718322184.879426,4.0,21776.0
1718322185.0834076,5.0,21776.0
1718322185.2872632,4.0,21776.0
1718322185.486201,5.0,21776.0
1718322185.6539114,4.0,21776.0
1718322185.8634362,4.0,21776.0
1718322186.1587489,3.0,21776.0
1718322186.4295301,4.0,21775.0
1718322186.602949,4.0,21775.0
1718322186.7577024,5.0,21775.0
1718322186.9164677,56.0,21775.0
1718322187.067462,100.0,21775.0
1718322187.3195314,100.0,21775.0
1718322187.6889126,100.0,21775.0
1718322188.0794675,100.0,21775.0
1718322188.2835016,100.0,21775.0
1718322188.5435097,3.0,21775.0
1718322188.8355496,4.0,21775.0
1718322189.1396663,4.0,21775.0
1718322189.3159995,2.0,21775.0
1718322189.5526803,4.0,21775.0
1718322189.744871,3.0,21775.0
1718322189.9352942,3.0,21775.0
1718322190.151437,3.0,21775.0
1718322190.3359945,3.0,21775.0
1718322190.5265992,3.0,21775.0
1718322190.7875144,3.0,21775.0
1718322191.1074724,5.0,21775.0
1718322191.2874494,3.0,21775.0
1718322191.4540946,4.0,21775.0
1718322191.654926,4.0,21775.0
1718322191.863413,4.0,21775.0
1718322192.0680442,4.0,21775.0
1718322192.2729554,4.0,21775.0
1718322192.4995072,3.0,21775.0
1718322192.8075576,4.0,21775.0
1718322193.0347705,4.0,21775.0
1718322193.2017012,4.0,21775.0
1718322193.3520076,4.0,21775.0
1718322193.505958,60.0,21775.0
1718322193.6560376,100.0,21775.0
1718322193.825013,96.0,21775.0
1718322194.0609393,100.0,21775.0
1718322194.387563,100.0,21775.0
1718322194.7158332,100.0,21775.0
1718322194.9279683,100.0,21775.0
1718322195.1834753,3.0,21775.0
1718322195.5269523,4.0,21775.0
1718322195.8128982,4.0,21775.0
1718322196.0115242,3.0,21775.0
1718322196.2434993,3.0,21775.0
1718322196.437945,4.0,21781.0
1718322196.6435876,3.0,21781.0
1718322196.819478,3.0,21781.0
1718322197.023504,4.0,21775.0
1718322197.2146893,3.0,21775.0
1718322197.5235584,4.0,21775.0
1718322197.7755806,4.0,21775.0
1718322197.9539356,4.0,21775.0
1718322198.1368115,4.0,21775.0
1718322198.314895,4.0,21775.0
1718322198.5044723,4.0,21775.0
1718322198.7019606,4.0,21775.0
1718322198.9048543,3.0,21775.0
1718322199.1567326,3.0,21775.0
1718322199.487506,4.0,21775.0
1718322199.698896,4.0,21775.0
1718322199.8509612,4.0,21775.0
1718322199.9979978,4.0,21775.0
1718322200.1474156,53.0,21775.0
1718322200.2970896,100.0,21775.0
1718322200.5315301,100.0,21775.0
1718322200.8728843,100.0,21775.0
1718322201.1955538,100.0,21775.0
1718322201.4376094,100.0,21775.0
1718322201.6756556,50.0,21775.0
1718322201.9875379,4.0,21775.0
1718322202.3086855,3.0,21775.0
1718322202.5456479,2.0,21775.0
1718322202.7755156,4.0,21775.0
1718322202.9795828,4.0,21775.0
1718322203.1794972,3.0,21775.0
1718322203.3870513,3.0,21775.0
1718322203.5955002,3.0,21775.0
1718322203.7913802,3.0,21775.0
1718322204.06756,3.0,21775.0
1718322204.362851,4.0,21775.0
1718322204.534438,4.0,21775.0
1718322204.7672164,4.0,21775.0
1718322204.9714267,4.0,21775.0
1718322205.194206,4.0,21775.0
1718322205.4099483,4.0,21775.0
1718322205.6309586,4.0,21775.0
1718322205.8853097,3.0,21775.0
1718322206.194833,4.0,21775.0
1718322206.367125,4.0,21775.0
1718322206.5137928,5.0,21775.0
1718322206.665148,68.0,21775.0
1718322206.8254156,68.0,21775.0
1718322206.9834614,100.0,21775.0
1718322207.198215,100.0,21775.0
1718322207.567546,100.0,21775.0
1718322207.9394894,100.0,21775.0
1718322208.1422255,100.0,21775.0
1718322208.383524,3.0,21775.0
1718322208.6752079,4.0,21775.0
1718322208.9427562,4.0,21775.0
1718322209.1671903,3.0,21775.0
1718322209.3803,3.0,21775.0
1718322209.5824401,3.0,21775.0
1718322209.751488,3.0,21775.0
1718322209.962913,3.0,21775.0
1718322210.1408925,4.0,21775.0
1718322210.3617525,3.0,21775.0
1718322210.62206,3.0,21775.0
1718322210.875485,4.0,21775.0
1718322211.0773876,4.0,21775.0
1718322211.2464998,4.0,21775.0
1718322211.471415,4.0,21781.0
1718322211.6951518,4.0,21781.0
1718322211.9119666,4.0,21775.0
1718322212.1165175,4.0,21775.0
1718322212.340388,4.0,21775.0
1718322212.6342905,4.0,21775.0
1718322212.8616192,4.0,21775.0
1718322213.0371404,4.0,21775.0
1718322213.182647,4.0,21775.0
1718322213.3298967,31.0,21775.0
1718322213.4914205,100.0,21775.0
1718322213.6465635,98.0,21775.0
1718322213.9035277,100.0,21775.0
1718322214.2513092,100.0,21775.0
1718322214.590984,100.0,21775.0
1718322214.7797294,62.0,21775.0
1718322215.0275388,4.0,21775.0
1718322215.3354738,4.0,21775.0
1718322215.6117032,3.0,21775.0
1718322215.814285,3.0,21775.0
1718322216.0432878,3.0,21775.0
1718322216.2452972,4.0,21775.0
1718322216.4368675,3.0,21775.0
1718322216.6516702,4.0,21775.0
1718322216.8595102,3.0,21775.0
1718322217.055761,3.0,21775.0
1718322217.3434296,3.0,21775.0
1718322217.5882432,4.0,21775.0
1718322217.776079,4.0,21775.0
1718322217.9484055,4.0,21775.0
1718322218.1394136,4.0,21775.0
1718322218.3434017,4.0,21775.0
1718322218.5394747,4.0,21775.0
1718322218.731476,4.0,21775.0
1718322218.96197,3.0,21775.0
1718322219.2513092,4.0,21775.0
1718322219.458337,4.0,21775.0
1718322219.6529796,4.0,21775.0
1718322219.805621,4.0,21775.0
1718322219.9506528,27.0,21775.0
1718322220.1037722,100.0,21775.0
1718322220.2546387,97.0,21775.0
1718322220.4666317,100.0,21775.0
1718322220.803787,100.0,21775.0
1718322221.1074212,100.0,21775.0
1718322221.3338125,100.0,21775.0
1718322221.5580275,3.0,21775.0
1718322221.842486,4.0,21775.0
1718322222.0842712,4.0,21775.0
1718322222.324981,3.0,21775.0
1718322222.5223825,3.0,21775.0
1718322222.7475286,4.0,21775.0
1718322222.9395094,3.0,21775.0
1718322223.13951,3.0,21775.0
1718322223.323428,3.0,21775.0
1718322223.5311475,3.0,21775.0
1718322223.7234836,3.0,21775.0
1718322224.0301595,3.0,21775.0
1718322224.2634466,4.0,21775.0
1718322224.4284241,4.0,21775.0
1718322224.6074276,4.0,21775.0
1718322224.8110728,4.0,21775.0
1718322225.0254383,4.0,21775.0
1718322225.2197077,4.0,21775.0
1718322225.3773913,4.0,21775.0
1718322225.5830543,3.0,21775.0
1718322225.8635361,2.0,21775.0
1718322226.1182234,4.0,21775.0
1718322226.302184,4.0,21775.0
1718322226.4532955,5.0,21775.0
1718322226.603094,5.0,21781.0
1718322226.7533963,92.0,21781.0
1718322226.9612818,100.0,21775.0
1718322227.3396933,100.0,21775.0
1718322227.6475391,100.0,21775.0
1718322227.9244022,100.0,21775.0
1718322228.1556063,3.0,21775.0
1718322228.5315,3.0,21775.0
1718322228.7875695,3.0,21775.0
1718322229.0310764,3.0,21775.0
1718322229.216447,3.0,21775.0
1718322229.4154162,3.0,21775.0
1718322229.5959945,3.0,21775.0
1718322229.7886136,3.0,21775.0
1718322229.9676764,4.0,21775.0
1718322230.1875322,4.0,21775.0
1718322230.44267,3.0,21775.0
1718322230.7434947,4.0,21775.0
1718322230.9362292,4.0,21775.0
1718322231.1176374,5.0,21775.0
1718322231.346979,5.0,21775.0
1718322231.5714102,4.0,21775.0
1718322231.7813988,4.0,21775.0
1718322231.9500093,4.0,21775.0
1718322232.1548598,3.0,21775.0
1718322232.4030159,4.0,21775.0
1718322232.651802,4.0,21775.0
1718322232.840646,4.0,21775.0
1718322232.992973,4.0,21775.0
1718322233.1460133,5.0,21775.0
1718322233.2954276,85.0,21775.0
1718322233.4461036,100.0,21775.0
1718322233.6868677,100.0,21775.0
1718322234.0228987,100.0,21775.0
1718322234.3549798,100.0,21775.0
1718322234.5995603,100.0,21775.0
1718322234.8348827,5.0,21775.0
1718322235.146187,4.0,21775.0
1718322235.419611,9.0,21775.0
1718322235.6266365,6.0,21775.0
1718322235.8054183,3.0,21775.0
1718322236.0354319,8.0,21775.0
1718322236.2275276,4.0,21775.0
1718322236.4222794,6.0,21767.0
1718322236.6107113,9.0,21763.0
1718322236.8110132,9.0,21763.0
1718322237.0012558,7.0,21763.0
1718322237.3038342,2.0,21771.0
1718322237.6064892,7.0,21771.0
1718322237.7914293,9.0,21771.0
1718322238.003235,11.0,21771.0
1718322238.2407105,9.0,21765.0
1718322238.4513154,6.0,21763.0
1718322238.6645386,5.0,21765.0
1718322238.8770082,4.0,21765.0
1718322239.1674848,7.0,21765.0
1718322239.4776595,7.0,21765.0
1718322239.653287,9.0,21767.0
1718322239.8062282,9.0,21769.0
1718322239.9761338,15.0,21775.0
1718322240.141658,94.0,21775.0
1718322240.2988982,100.0,21774.0
1718322240.4966588,100.0,21773.0
1718322240.8432806,100.0,21776.0
1718322241.1315439,100.0,21774.0
1718322241.3851595,100.0,21774.0
1718322241.643729,84.0,21771.0
1718322241.9389071,11.0,21771.0
1718322242.2288125,9.0,21752.0
1718322242.4927764,5.0,21764.0
1718322242.6661904,8.0,21768.0
1718322242.8580914,9.0,21772.0
1718322243.0455768,7.0,21772.0
1718322243.2419646,1.0,21772.0
1718322243.4234288,3.0,21772.0
1718322243.6314816,0.0,21772.0
1718322243.8266144,1.0,21772.0
1718322244.1115336,0.0,21772.0
1718322244.4134758,0.0,21772.0
1718322244.5886238,0.0,21772.0
1718322244.8207867,0.0,21772.0
1718322245.0428913,1.0,21772.0
1718322245.25804,0.0,21772.0
1718322245.4773483,0.0,21772.0
1718322245.7348046,0.0,21772.0
1718322246.011071,0.0,21772.0
1718322246.2602406,0.0,21772.0
1718322246.412221,0.0,21772.0
1718322246.557816,0.0,21773.0
1718322246.7120914,50.0,21773.0
1718322246.863338,100.0,21773.0
1718322247.0114663,97.0,21769.0
1718322247.2107868,100.0,21766.0
1718322247.5310524,100.0,21766.0
1718322247.8547285,100.0,21766.0
1718322248.103483,100.0,21766.0
1718322248.3527374,2.0,21766.0
1718322248.7048295,0.0,21766.0
1718322249.0110564,0.0,21766.0
1718322249.2052574,0.0,21766.0
1718322249.4332511,0.0,21766.0
1718322249.6308775,0.0,21766.0
1718322249.821531,0.0,21766.0
1718322250.032705,5.0,21770.0
1718322250.2435265,5.0,21770.0
1718322250.4474404,3.0,21770.0
1718322250.7142594,0.0,21770.0
1718322250.9585721,0.0,21770.0
1718322251.138889,0.0,21770.0
1718322251.315423,8.0,21770.0
1718322251.5185628,0.0,21770.0
1718322251.7245579,0.0,21770.0
1718322251.9269438,8.0,21770.0
1718322252.1354818,5.0,21770.0
1718322252.3580196,6.0,21770.0
1718322252.695488,5.0,21770.0
1718322252.9480643,1.0,21770.0
1718322253.103779,1.0,21770.0
1718322253.2542453,20.0,21770.0
1718322253.402175,20.0,21770.0
1718322253.5458136,93.0,21770.0
1718322253.7915258,100.0,21770.0
1718322254.1315713,100.0,21770.0
1718322254.4682953,100.0,21770.0
1718322254.6985462,100.0,21770.0
1718322254.933548,9.0,21770.0
1718322255.291498,6.0,21770.0
1718322255.583608,8.0,21770.0
1718322255.7931006,2.0,21770.0
1718322256.0401092,10.0,21772.0
1718322256.2384827,3.0,21772.0
1718322256.4300249,0.0,21772.0
1718322256.638057,2.0,21772.0
1718322256.8354862,0.0,21772.0
1718322257.0393314,0.0,21772.0
1718322257.314811,0.0,21772.0
1718322257.6513522,0.0,21772.0
1718322257.8194263,1.0,21772.0
1718322258.0513139,1.0,21772.0
1718322258.2807734,18.0,21773.0
1718322258.5035884,4.0,21773.0
1718322258.7115097,4.0,21773.0
1718322258.9036589,3.0,21773.0
1718322259.203021,2.0,21773.0
1718322259.4549687,2.0,21773.0
1718322259.6384077,3.0,21773.0
1718322259.7879949,3.0,21773.0
1718322259.9364119,7.0,21773.0
1718322260.0952148,100.0,21773.0
1718322260.247491,97.0,21771.0
1718322260.4657855,100.0,21771.0
1718322260.791221,100.0,21767.0
1718322261.1262653,100.0,21767.0
1718322261.3545954,58.0,21767.0
1718322261.622343,2.0,21767.0
1718322261.9707875,2.0,21767.0
1718322262.223719,2.0,21767.0
1718322262.4489543,3.0,21771.0
1718322262.6872654,6.0,21771.0
1718322262.8834205,8.0,21773.0
1718322263.0835168,7.0,21773.0
1718322263.2942095,2.0,21776.0
1718322263.4906592,3.0,21776.0
1718322263.6751845,12.0,21776.0
1718322263.9434824,3.0,21776.0
1718322264.2903323,10.0,21776.0
1718322264.4874544,9.0,21776.0
1718322264.7262368,2.0,21776.0
1718322264.9440563,1.0,21776.0
1718322265.1674733,10.0,21776.0
1718322265.363512,2.0,21776.0
1718322265.5976377,5.0,21776.0
1718322265.8912876,8.0,21776.0
1718322266.1114492,12.0,21776.0
1718322266.2964134,6.0,21776.0
1718322266.4513252,3.0,21776.0
1718322266.5994008,3.0,21776.0
1718322266.7480922,51.0,21776.0
1718322266.903163,100.0,21773.0
1718322267.1577666,100.0,21773.0
1718322267.5150654,100.0,21773.0
1718322267.8314853,100.0,21773.0
1718322268.0744097,100.0,21773.0
1718322268.2875056,3.0,21773.0
1718322268.643493,3.0,21773.0
1718322268.9194863,4.0,21773.0
1718322269.1974816,4.0,21773.0
1718322269.3754187,9.0,21773.0
1718322269.578674,3.0,21773.0
1718322269.7550397,4.0,21773.0
1718322269.9315374,2.0,21773.0
1718322270.1067953,2.0,21773.0
1718322270.315516,3.0,21773.0
1718322270.5108562,2.0,21773.0
1718322270.8234916,3.0,21773.0
1718322271.0714843,2.0,21773.0
1718322271.259422,2.0,21773.0
1718322271.4954305,2.0,21773.0
1718322271.7234106,2.0,21773.0
1718322271.9441812,2.0,21773.0
1718322272.1526651,2.0,21769.0
1718322272.3435385,2.0,21767.0
1718322272.6195052,2.0,21769.0
1718322272.8966823,4.0,21771.0
1718322273.092909,2.0,21771.0
1718322273.2469697,3.0,21773.0
1718322273.3994064,3.0,21773.0
1718322273.5481493,91.0,21773.0
1718322273.7023113,97.0,21773.0
1718322273.9262779,100.0,21773.0
1718322274.227424,100.0,21774.0
1718322274.5395355,100.0,21774.0
1718322274.7898202,100.0,21774.0
1718322275.0272048,12.0,21777.0
1718322275.3275042,7.0,21778.0
1718322275.691453,2.0,21777.0
1718322275.910791,1.0,21777.0
1718322276.139482,7.0,21777.0
1718322276.3423824,11.0,21774.0
1718322276.5307934,9.0,21774.0
1718322276.7474463,3.0,21774.0
1718322276.963506,1.0,21774.0
1718322277.1555505,0.0,21774.0
1718322277.4435306,0.0,21774.0
1718322277.692117,0.0,21774.0
1718322277.8648853,0.0,21774.0
1718322278.0314283,2.0,21774.0
1718322278.2313335,0.0,21774.0
1718322278.4430063,0.0,21775.0
1718322278.6485705,3.0,21775.0
1718322278.8466825,4.0,21775.0
1718322279.0715344,0.0,21775.0
1718322279.390897,6.0,21775.0
1718322279.6166434,0.0,21775.0
1718322279.791067,0.0,21775.0
1718322279.9508748,4.0,21775.0
1718322280.0994163,60.0,21775.0
1718322280.2474227,100.0,21772.0
1718322280.4319992,96.0,21772.0
1718322280.6598387,100.0,21772.0
1718322280.9827409,100.0,21772.0
1718322281.2955294,100.0,21772.0
1718322281.5195436,69.0,21772.0
1718322281.7675076,0.0,21772.0
1718322282.1262226,0.0,21772.0
1718322282.4081407,4.0,21772.0
1718322282.6061146,8.0,21771.0
1718322282.8488286,9.0,21766.0
1718322283.0274193,4.0,21766.0
1718322283.2274845,6.0,21766.0
1718322283.4306698,6.0,21766.0
1718322283.6435015,2.0,21766.0
1718322283.8434987,0.0,21766.0
1718322284.1326182,0.0,21766.0
1718322284.4326267,0.0,21766.0
1718322284.6080146,0.0,21766.0
1718322284.855422,0.0,21766.0
1718322285.075968,3.0,21767.0
1718322285.2915466,5.0,21767.0
1718322285.48533,1.0,21767.0
1718322285.6793065,0.0,21767.0
1718322285.9475276,1.0,21767.0
1718322286.2266653,1.0,21767.0
1718322286.4212217,12.0,21772.0
1718322286.5752876,12.0,21771.0
1718322286.7268267,18.0,21771.0
1718322286.8821595,100.0,21771.0
1718322287.0394778,99.0,21770.0
1718322287.2915697,100.0,21771.0
1718322287.587422,100.0,21771.0
1718322287.9051747,100.0,21771.0
1718322288.14,35.0,21771.0
1718322288.3871257,0.0,21771.0
1718322288.7114751,0.0,21771.0
1718322288.9832096,3.0,21771.0
1718322289.2181437,4.0,21771.0
1718322289.4215503,4.0,21771.0
1718322289.608026,4.0,21771.0
1718322289.7969232,0.0,21771.0
1718322289.9897375,0.0,21771.0
1718322290.1586764,0.0,21771.0
1718322290.3729753,0.0,21771.0
1718322290.5987291,2.0,21763.0
1718322290.8995047,3.0,21757.0
1718322291.150074,1.0,21757.0
1718322291.335431,0.0,21757.0
1718322291.5603895,5.0,21757.0
1718322291.7914028,1.0,21757.0
1718322292.0202813,0.0,21757.0
1718322292.2276597,0.0,21757.0
1718322292.4475205,1.0,21757.0
1718322292.76352,0.0,21757.0
1718322292.9806716,0.0,21757.0
1718322293.156084,0.0,21757.0
1718322293.3084228,0.0,21757.0
1718322293.4633956,58.0,21757.0
1718322293.614382,100.0,21757.0
1718322293.7920427,93.0,21757.0
1718322294.0324988,100.0,21757.0
1718322294.373435,100.0,21757.0
1718322294.714306,100.0,21757.0
1718322294.9155018,0.0,21757.0
1718322295.212557,0.0,21757.0
1718322295.5315738,0.0,21757.0
1718322295.8874168,1.0,21757.0
1718322296.0734274,0.0,21757.0
1718322296.2745726,0.0,21757.0
1718322296.4596872,1.0,21757.0
1718322296.6535845,1.0,21757.0
1718322296.831488,0.0,21757.0
1718322297.044221,0.0,21757.0
1718322297.2676847,0.0,21757.0
1718322297.554007,0.0,21757.0
1718322297.8036687,0.0,21757.0
1718322297.9834208,0.0,21757.0
1718322298.2154245,0.0,21757.0
1718322298.4350393,0.0,21757.0
1718322298.6335545,0.0,21757.0
1718322298.8305247,0.0,21757.0
1718322299.0324762,1.0,21757.0
1718322299.327497,0.0,21757.0
1718322299.5474987,0.0,21757.0
1718322299.7184474,0.0,21757.0
1718322299.8702009,1.0,21757.0
1718322300.0225306,54.0,21757.0
1718322300.1757934,54.0,21757.0
1718322300.3275409,100.0,21757.0
1718322300.539704,100.0,21757.0
1718322300.8956003,100.0,21757.0
1718322301.2211561,100.0,21757.0
1718322301.4633083,73.0,21757.0
1718322301.7435262,0.0,21757.0
1718322302.0714965,0.0,21757.0
1718322302.3122256,1.0,21757.0
1718322302.5235293,0.0,21757.0
1718322302.7594867,0.0,21757.0
1718322302.960954,0.0,21757.0
1718322303.1555622,0.0,21757.0
1718322303.3674974,1.0,21757.0
1718322303.611616,1.0,21757.0
1718322303.8066843,0.0,21757.0
1718322304.1170733,0.0,21757.0
1718322304.3505425,0.0,21757.0
1718322304.5265126,0.0,21757.0
1718322304.7513542,0.0,21757.0
1718322304.976373,0.0,21757.0
1718322305.2017603,0.0,21757.0
1718322305.374542,0.0,21757.0
1718322305.575414,0.0,21757.0
1718322305.8675246,1.0,21757.0
1718322306.1634307,1.0,21757.0
1718322306.340831,1.0,21757.0
1718322306.4912646,0.0,21757.0
1718322306.6451745,66.0,21757.0
1718322306.7978055,66.0,21757.0
1718322306.9554796,100.0,21757.0
1718322307.1335902,100.0,21757.0
1718322307.4790914,100.0,21757.0
1718322307.8384643,100.0,21757.0
1718322308.0675285,64.0,21757.0
1718322308.3114994,0.0,21757.0
1718322308.607533,0.0,21757.0
1718322308.8980489,0.0,21757.0
1718322309.117364,0.0,21757.0
1718322309.3394883,1.0,21757.0
1718322309.5348675,0.0,21757.0
1718322309.6994205,1.0,21757.0
1718322309.9354074,0.0,21757.0
1718322310.134827,1.0,21757.0
1718322310.3355458,1.0,21757.0
1718322310.5633276,0.0,21757.0
1718322310.9142056,0.0,21757.0
1718322311.1110387,0.0,21757.0
1718322311.3432443,0.0,21757.0
1718322311.5312877,0.0,21757.0
1718322311.730946,0.0,21757.0
1718322311.9354923,0.0,21757.0
1718322312.1435647,0.0,21757.0
1718322312.4275215,0.0,21757.0
1718322312.7299774,0.0,21757.0
1718322312.8914227,0.0,21757.0
1718322313.0383005,0.0,21757.0
1718322313.1868742,0.0,21757.0
1718322313.3323705,66.0,21757.0
1718322313.4753757,100.0,21757.0
1718322313.7396204,100.0,21757.0
1718322314.1515262,100.0,21757.0
1718322314.4756782,100.0,21757.0
1718322314.695131,54.0,21757.0
1718322314.9235592,0.0,21757.0
1718322315.2315078,0.0,21757.0
1718322315.5350323,0.0,21757.0
1718322315.7109349,0.0,21757.0
1718322315.9591062,0.0,21757.0
1718322316.1496685,0.0,21757.0
1718322316.3315053,0.0,21757.0
1718322316.5428634,1.0,21757.0
1718322316.7513368,0.0,21757.0
1718322316.9495351,0.0,21757.0
1718322317.214405,0.0,21757.0
1718322317.4640772,0.0,21757.0
1718322317.647449,0.0,21757.0
1718322317.8234243,0.0,21757.0
1718322318.0167885,0.0,21757.0
1718322318.211405,0.0,21757.0
1718322318.4058614,0.0,21757.0
1718322318.6093907,0.0,21757.0
1718322318.8635757,0.0,21757.0
1718322319.1510863,0.0,21757.0
1718322319.3749366,0.0,21757.0
1718322319.5444365,0.0,21757.0
1718322319.6943326,0.0,21757.0
1718322319.8480349,60.0,21757.0
1718322319.9994092,60.0,21757.0
1718322320.162839,93.0,21757.0
1718322320.5079596,100.0,21757.0
1718322320.8847692,100.0,21757.0
1718322321.1274989,100.0,21757.0
1718322321.3555572,0.0,21757.0
1718322321.678865,0.0,21757.0
1718322321.9603486,0.0,21757.0
1718322322.1476228,0.0,21757.0
1718322322.3370297,1.0,21757.0
1718322322.5411243,0.0,21757.0
1718322322.7348201,0.0,21757.0
1718322322.9389937,0.0,21757.0
1718322323.1163392,0.0,21757.0
1718322323.323495,0.0,21757.0
1718322323.5190074,0.0,21757.0
1718322323.811506,0.0,21757.0
1718322324.0624917,0.0,21757.0
1718322324.23726,0.0,21757.0
1718322324.4552264,0.0,21757.0
1718322324.620777,0.0,21757.0
1718322324.8154092,0.0,21757.0
1718322325.0067708,0.0,21757.0
1718322325.1993613,0.0,21757.0
1718322325.4594686,0.0,21757.0
1718322325.7428842,0.0,21757.0
1718322325.9431531,1.0,21755.0
1718322326.120229,0.0,21755.0
1718322326.2730265,0.0,21755.0
1718322326.4173036,77.0,21755.0
1718322326.5701706,77.0,21755.0
1718322326.7211347,99.0,21755.0
1718322326.9476242,100.0,21755.0
1718322327.32342,100.0,21755.0
1718322327.6515036,100.0,21755.0
1718322327.8414838,42.0,21755.0
1718322328.0660875,0.0,21755.0
1718322328.399527,0.0,21755.0
1718322328.623561,0.0,21755.0
1718322328.8514905,0.0,21755.0
1718322329.0874429,0.0,21755.0
1718322329.2815368,0.0,21755.0
1718322329.4365718,0.0,21755.0
1718322329.6475048,0.0,21755.0
1718322329.8276677,0.0,21755.0
1718322330.0368896,0.0,21755.0
1718322330.319519,0.0,21755.0
1718322330.607487,0.0,21755.0
1718322330.8032808,0.0,21755.0
1718322330.9790251,0.0,21755.0
1718322331.1568093,0.0,21755.0
1718322331.3720677,0.0,21755.0
1718322331.5880733,0.0,21755.0
1718322331.7888002,0.0,21755.0
1718322332.0059338,0.0,21755.0
1718322332.3028064,0.0,21755.0
1718322332.5242383,0.0,21755.0
1718322332.7132769,1.0,21755.0
1718322332.8621197,0.0,21755.0
1718322333.0121796,31.0,21755.0
1718322333.1577704,31.0,21755.0
1718322333.3021684,80.0,21755.0
1718322333.5554962,100.0,21755.0
1718322333.9236014,100.0,21755.0
1718322334.2635193,100.0,21755.0
1718322334.4794195,100.0,21755.0
1718322334.7634952,0.0,21755.0
1718322335.1355171,0.0,21755.0
1718322335.3995516,0.0,21755.0
1718322335.581871,0.0,21755.0
1718322335.8071518,0.0,21755.0
1718322335.9994345,0.0,21755.0
1718322336.1906667,0.0,21755.0
1718322336.3914185,0.0,21755.0
1718322336.5876477,0.0,21755.0
1718322336.7997284,0.0,21755.0
1718322337.0515652,0.0,21755.0
1718322337.3310168,0.0,21755.0
1718322337.5557635,0.0,21755.0
1718322337.7313359,0.0,21755.0
1718322337.931418,0.0,21755.0
1718322338.1378186,0.0,21755.0
1718322338.3381755,0.0,21755.0
1718322338.5144892,0.0,21755.0
1718322338.6954763,0.0,21755.0
1718322338.9867377,0.0,21755.0
1718322339.2388163,0.0,21755.0
1718322339.4242716,0.0,21755.0
1718322339.5697055,0.0,21755.0
1718322339.7133133,0.0,21755.0
1718322339.863235,82.0,21755.0
1718322340.0154727,89.0,21755.0
1718322340.2501068,100.0,21755.0
1718322340.6177151,100.0,21755.0
1718322340.995668,100.0,21755.0
1718322341.2076905,76.0,21755.0
1718322341.4413965,0.0,21755.0
1718322341.8019814,0.0,21755.0
1718322342.0396767,0.0,21755.0
1718322342.2295365,0.0,21755.0
1718322342.474126,0.0,21755.0
1718322342.665876,0.0,21755.0
1718322342.8661914,0.0,21755.0
1718322343.061507,0.0,21755.0
1718322343.2755003,0.0,21755.0
1718322343.471298,0.0,21755.0
1718322343.7703075,0.0,21755.0
1718322344.0074878,0.0,21755.0
1718322344.2074218,0.0,21755.0
1718322344.4340131,0.0,21755.0
1718322344.6009305,0.0,21755.0
1718322344.7791939,0.0,21755.0
1718322344.9634829,0.0,21755.0
1718322345.1596928,0.0,21755.0
1718322345.3915882,0.0,21755.0
1718322345.6983001,0.0,21755.0
1718322345.9125674,0.0,21755.0
1718322346.0908926,0.0,21755.0
1718322346.245634,0.0,21755.0
1718322346.3956969,81.0,21755.0
1718322346.5519757,81.0,21755.0
1718322346.740682,100.0,21755.0
1718322347.0115147,100.0,21755.0
1718322347.4209418,100.0,21755.0
1718322347.698216,100.0,21755.0
1718322347.927541,0.0,21755.0
1718322348.2430775,0.0,21755.0
1718322348.4355383,0.0,21755.0
1718322348.7596636,0.0,21755.0
1718322348.9351969,0.0,21755.0
1718322349.1381338,0.0,21755.0
1718322349.3355856,0.0,21755.0
1718322349.505379,0.0,21755.0
1718322349.6834683,0.0,21755.0
1718322349.8908007,0.0,21755.0
1718322350.087542,0.0,21755.0
1718322350.3570585,0.0,21755.0
1718322350.6131666,0.0,21755.0
1718322350.8257563,0.0,21755.0
1718322351.0088274,0.0,21755.0
1718322351.1950016,0.0,21755.0
1718322351.386915,0.0,21755.0
1718322351.589877,0.0,21755.0
1718322351.779641,0.0,21755.0
1718322351.9875371,0.0,21755.0
1718322352.3194652,0.0,21755.0
1718322352.541655,0.0,21755.0
1718322352.7154105,2.0,21755.0
1718322352.8676593,1.0,21755.0
1718322353.021853,69.0,21755.0
1718322353.1697366,69.0,21755.0
1718322353.334154,97.0,21755.0
1718322353.575596,100.0,21755.0
1718322353.9051716,100.0,21755.0
1718322354.2794998,100.0,21755.0
1718322354.4794922,56.0,21755.0
1718322354.7474883,0.0,21755.0
1718322355.094655,0.0,21755.0
1718322355.3224397,0.0,21755.0
1718322355.485072,0.0,21755.0
1718322355.7194812,0.0,21755.0
1718322355.9084241,1.0,21755.0
1718322356.0955129,0.0,21755.0
1718322356.3009307,0.0,21755.0
1718322356.483207,0.0,21755.0
