timestamp,gpu_util,gpu_mem
1718646043.26132,0.0,4.0
1718646043.3929055,0.0,4.0
1718646043.5217772,0.0,4.0
1718646043.6500666,0.0,21.0
1718646043.789203,0.0,709.0
1718646043.9157794,5.0,709.0
1718646044.0435295,7.0,709.0
1718646044.174929,7.0,709.0
1718646044.3449955,0.0,709.0
1718646044.4712903,0.0,709.0
1718646044.5979493,0.0,709.0
1718646044.7253304,0.0,709.0
1718646044.8530054,0.0,709.0
1718646044.9790852,0.0,709.0
1718646045.105897,0.0,709.0
1718646045.2332354,0.0,709.0
1718646045.3611171,0.0,709.0
1718646045.4882834,0.0,709.0
1718646045.6135375,0.0,709.0
1718646045.7395146,0.0,709.0
1718646045.8653946,0.0,709.0
1718646045.9930038,0.0,709.0
1718646046.119656,0.0,709.0
1718646046.2492335,0.0,709.0
1718646046.3759995,0.0,709.0
1718646046.5014453,0.0,709.0
1718646046.6422462,0.0,709.0
1718646046.7677548,0.0,709.0
1718646046.892242,0.0,709.0
1718646047.0174837,0.0,709.0
1718646047.1436517,0.0,709.0
1718646047.2702918,0.0,709.0
1718646047.39617,0.0,709.0
1718646047.521472,0.0,709.0
1718646047.6590655,0.0,709.0
1718646047.7893307,0.0,709.0
1718646047.921466,0.0,709.0
1718646048.051839,0.0,709.0
1718646048.1818333,0.0,709.0
1718646048.3115392,0.0,709.0
1718646048.438513,0.0,709.0
1718646048.5639527,0.0,709.0
1718646048.6890936,0.0,709.0
1718646048.8158875,0.0,709.0
1718646048.944122,0.0,709.0
1718646049.071263,0.0,709.0
1718646049.1955419,0.0,709.0
1718646049.3201783,0.0,709.0
1718646049.4449475,0.0,709.0
1718646049.5701532,0.0,709.0
1718646049.6973875,0.0,709.0
1718646049.828045,0.0,709.0
1718646049.957103,0.0,709.0
1718646050.0853343,0.0,709.0
1718646050.213032,0.0,709.0
1718646050.339462,0.0,709.0
1718646050.4687786,0.0,709.0
1718646050.5964022,0.0,709.0
1718646050.7238708,0.0,709.0
1718646050.851494,0.0,709.0
1718646050.9800534,0.0,709.0
1718646051.10743,0.0,709.0
1718646051.2347586,0.0,709.0
1718646051.3646722,0.0,709.0
1718646051.493247,0.0,709.0
1718646051.6224647,0.0,709.0
1718646051.7512026,0.0,709.0
1718646051.8811426,0.0,709.0
1718646052.0106096,0.0,709.0
1718646052.1393518,0.0,709.0
1718646052.2700412,0.0,709.0
1718646052.3997846,0.0,709.0
1718646052.529693,0.0,709.0
1718646052.6601138,0.0,709.0
1718646052.7897973,0.0,709.0
1718646052.920783,0.0,709.0
1718646053.0498722,0.0,709.0
1718646053.1766157,0.0,709.0
1718646053.3034606,0.0,709.0
1718646053.4325116,0.0,709.0
1718646053.5618992,0.0,709.0
1718646053.6874397,0.0,709.0
1718646053.8164694,0.0,709.0
1718646053.9460962,0.0,709.0
1718646054.0752082,0.0,709.0
1718646054.2038646,0.0,709.0
1718646054.331984,0.0,709.0
1718646054.4627485,0.0,709.0
1718646054.5906103,0.0,709.0
1718646054.7190695,0.0,709.0
1718646054.8473456,0.0,709.0
1718646054.977018,0.0,709.0
1718646055.105122,0.0,709.0
1718646055.2322,0.0,709.0
1718646055.3595254,0.0,709.0
1718646055.4873602,0.0,709.0
1718646055.615719,0.0,709.0
1718646055.7445726,0.0,709.0
1718646055.8737805,0.0,709.0
1718646056.002083,0.0,709.0
1718646056.1300151,0.0,709.0
1718646056.259488,0.0,709.0
1718646056.3894312,0.0,709.0
1718646056.5173056,0.0,709.0
1718646056.6458623,0.0,709.0
1718646056.7736182,0.0,709.0
1718646056.9020882,0.0,709.0
1718646057.03317,0.0,709.0
1718646057.161862,0.0,709.0
1718646057.2905672,0.0,709.0
1718646057.4200675,0.0,709.0
1718646057.548014,0.0,709.0
1718646057.675074,0.0,709.0
1718646057.8036213,0.0,709.0
1718646057.9320567,0.0,709.0
1718646058.0613801,0.0,709.0
1718646058.19086,0.0,709.0
1718646058.3213215,0.0,709.0
1718646058.450003,0.0,709.0
1718646058.5784404,0.0,709.0
1718646058.7086422,0.0,709.0
1718646058.8382244,0.0,709.0
1718646058.9683673,0.0,709.0
1718646059.098353,0.0,709.0
1718646059.2262952,0.0,709.0
1718646059.3535974,0.0,709.0
1718646059.4829366,0.0,709.0
1718646059.613211,0.0,709.0
1718646059.7404032,0.0,709.0
1718646059.8679714,0.0,709.0
1718646059.9980304,0.0,709.0
1718646060.127706,0.0,709.0
1718646060.258483,0.0,709.0
1718646060.3893616,0.0,709.0
1718646060.5198803,0.0,709.0
1718646060.6495116,0.0,709.0
1718646060.7796304,0.0,709.0
1718646060.90898,0.0,709.0
1718646061.0399814,0.0,709.0
1718646061.168267,0.0,709.0
1718646061.2959402,0.0,709.0
1718646061.423193,0.0,709.0
1718646061.550481,0.0,709.0
1718646061.6773546,0.0,709.0
1718646061.804668,0.0,709.0
1718646061.932495,0.0,709.0
1718646062.0593,0.0,709.0
1718646062.1864913,0.0,709.0
1718646062.3145185,0.0,709.0
1718646062.4430845,0.0,709.0
1718646062.5702558,0.0,709.0
1718646062.6970491,0.0,709.0
1718646062.8241978,0.0,709.0
1718646062.953598,0.0,709.0
1718646063.0798948,0.0,709.0
1718646063.2072752,0.0,709.0
1718646063.3345983,0.0,709.0
1718646063.4624758,0.0,709.0
1718646063.5901535,0.0,709.0
1718646063.7196505,0.0,709.0
1718646063.848578,0.0,709.0
1718646063.977575,0.0,709.0
1718646064.1050773,0.0,709.0
1718646064.234292,0.0,709.0
1718646064.361579,0.0,709.0
1718646064.4898663,0.0,709.0
1718646064.6178215,0.0,709.0
1718646064.7453487,0.0,709.0
1718646064.8730319,0.0,709.0
1718646065.0023923,0.0,709.0
1718646065.1306403,0.0,709.0
1718646065.2590702,0.0,709.0
1718646065.38859,0.0,709.0
1718646065.5193257,0.0,709.0
1718646065.648457,0.0,709.0
1718646065.777972,0.0,709.0
1718646065.9065363,0.0,709.0
1718646066.0363188,0.0,709.0
1718646066.1657438,0.0,709.0
1718646066.2959785,0.0,709.0
1718646066.4245355,0.0,709.0
1718646066.551913,0.0,709.0
1718646066.6822958,0.0,709.0
1718646066.8105526,0.0,709.0
1718646066.9385293,0.0,709.0
1718646067.0663152,0.0,709.0
1718646067.1979902,0.0,709.0
1718646067.32774,0.0,709.0
1718646067.4578068,0.0,709.0
1718646067.5877216,0.0,709.0
1718646067.7160852,0.0,709.0
1718646067.8452957,0.0,709.0
1718646067.9765139,0.0,709.0
1718646068.1060884,0.0,709.0
1718646068.235644,0.0,709.0
1718646068.3658674,0.0,709.0
1718646068.493636,0.0,709.0
1718646068.6210291,0.0,709.0
1718646068.7480557,0.0,709.0
1718646068.8755498,0.0,709.0
1718646069.0038943,0.0,709.0
1718646069.1307101,0.0,709.0
1718646069.2574174,0.0,709.0
1718646069.3842478,0.0,709.0
1718646069.5118864,0.0,709.0
1718646069.638744,0.0,709.0
1718646069.7653518,0.0,709.0
1718646069.8920105,0.0,709.0
1718646070.0196798,0.0,709.0
1718646070.1475065,0.0,709.0
1718646070.2753499,0.0,709.0
1718646070.4020638,0.0,709.0
1718646070.528968,0.0,709.0
1718646070.6573892,0.0,709.0
1718646070.8076098,0.0,709.0
1718646070.9495776,0.0,709.0
1718646071.0998418,0.0,709.0
1718646071.2530935,0.0,709.0
1718646071.4050052,0.0,709.0
1718646071.5719755,0.0,709.0
1718646071.7315576,0.0,709.0
1718646071.8669093,0.0,709.0
1718646072.0085042,0.0,709.0
1718646072.148806,0.0,709.0
1718646072.29955,0.0,709.0
1718646072.4432127,0.0,709.0
1718646072.5891035,0.0,709.0
1718646072.772433,0.0,709.0
1718646072.9497879,0.0,709.0
1718646073.1367033,0.0,709.0
1718646073.3038306,0.0,709.0
1718646073.4576142,0.0,709.0
1718646073.6258857,0.0,709.0
1718646073.784449,0.0,709.0
1718646073.9252892,0.0,709.0
1718646074.0571723,0.0,709.0
1718646074.1877677,0.0,709.0
1718646074.3191767,0.0,1509.0
1718646074.4501162,1.0,1521.0
1718646074.5844011,0.0,1521.0
1718646074.7145011,0.0,1521.0
1718646074.8462837,0.0,4595.0
1718646075.0054262,33.0,5463.0
1718646075.1484013,52.0,16759.0
1718646075.3085668,52.0,16767.0
1718646075.4898164,74.0,16767.0
1718646075.6503892,2.0,16777.0
1718646075.7891011,9.0,22939.0
1718646075.955389,9.0,22939.0
1718646076.0992372,100.0,22939.0
1718646076.253649,100.0,22939.0
1718646076.407855,100.0,22939.0
1718646076.5795596,99.0,22945.0
1718646076.739845,84.0,22947.0
1718646076.9072635,21.0,22947.0
1718646077.1094773,0.0,22947.0
1718646077.3115468,0.0,22947.0
1718646077.5111458,0.0,22947.0
1718646077.6869514,0.0,22947.0
1718646077.8669612,0.0,22947.0
1718646078.0348332,0.0,22947.0
1718646078.2067242,0.0,22947.0
1718646078.3456192,0.0,22947.0
1718646078.4856284,0.0,22947.0
1718646078.6281602,10.0,22947.0
1718646078.7683198,100.0,22947.0
1718646078.907301,100.0,22949.0
1718646079.0459776,99.0,22949.0
1718646079.1972303,100.0,22949.0
1718646079.364162,100.0,22949.0
1718646079.5380979,100.0,22949.0
1718646079.7101884,100.0,22949.0
1718646079.9136677,100.0,22949.0
1718646080.0896435,62.0,22949.0
1718646080.2341802,0.0,22949.0
1718646080.3831377,0.0,22949.0
1718646080.5487452,0.0,22949.0
1718646080.7137234,0.0,22949.0
1718646080.8671768,0.0,22949.0
1718646081.0765371,0.0,22949.0
1718646081.2802243,0.0,22949.0
1718646081.4596612,0.0,22949.0
1718646081.621858,0.0,22949.0
1718646081.828702,0.0,22949.0
1718646081.9892735,0.0,22949.0
1718646082.1444232,0.0,22949.0
1718646082.317865,0.0,22949.0
1718646082.4569776,0.0,22949.0
1718646082.5968814,0.0,22949.0
1718646082.736873,0.0,22949.0
1718646082.879074,69.0,22949.0
1718646083.0200906,99.0,22949.0
1718646083.1585839,99.0,22949.0
1718646083.3292181,100.0,22949.0
1718646083.4816556,100.0,22949.0
1718646083.6490982,100.0,22949.0
1718646083.805749,100.0,22949.0
1718646083.9663393,100.0,22949.0
1718646084.1198227,0.0,22949.0
1718646084.3029115,0.0,22949.0
1718646084.4513023,0.0,22949.0
1718646084.6134539,0.0,22949.0
1718646084.7969084,0.0,22949.0
1718646085.005306,0.0,22949.0
1718646085.188182,0.0,22949.0
1718646085.39727,0.0,22949.0
1718646085.5974438,0.0,22949.0
1718646085.8048205,0.0,22949.0
1718646085.9869196,0.0,22949.0
1718646086.153485,0.0,22949.0
1718646086.3307004,0.0,22949.0
1718646086.4693196,0.0,22949.0
1718646086.609623,0.0,22949.0
1718646086.7489011,0.0,22949.0
1718646086.890385,71.0,22949.0
1718646087.0315628,99.0,22949.0
1718646087.172128,99.0,22949.0
1718646087.3553953,100.0,22949.0
1718646087.5093029,100.0,22949.0
1718646087.6901746,100.0,22949.0
1718646087.8625824,100.0,22949.0
1718646088.0410693,98.0,22949.0
1718646088.192557,0.0,22949.0
1718646088.349264,0.0,22949.0
1718646088.5025294,0.0,22949.0
1718646088.6607003,0.0,22949.0
1718646088.8267756,0.0,22949.0
1718646088.980131,0.0,22949.0
1718646089.1848915,0.0,22949.0
1718646089.3890913,0.0,22949.0
1718646089.5923576,0.0,22949.0
1718646089.752702,0.0,22949.0
1718646089.944791,0.0,22949.0
1718646090.116007,0.0,22949.0
1718646090.2866316,0.0,22949.0
1718646090.4535394,0.0,22949.0
1718646090.5958936,0.0,22949.0
1718646090.7353294,0.0,22949.0
1718646090.8751616,41.0,22949.0
1718646091.01711,41.0,22949.0
1718646091.155225,100.0,22949.0
1718646091.2957604,99.0,22949.0
1718646091.471063,100.0,22949.0
1718646091.6422992,100.0,22949.0
1718646091.8069315,100.0,22949.0
1718646091.9794242,100.0,22949.0
1718646092.1772745,35.0,22949.0
1718646092.3393154,35.0,22949.0
1718646092.487507,0.0,22949.0
1718646092.6361766,0.0,22949.0
1718646092.8020906,0.0,22949.0
1718646092.974731,0.0,22949.0
1718646093.1285706,0.0,22949.0
1718646093.327626,0.0,22949.0
1718646093.526627,0.0,22949.0
1718646093.7326105,0.0,22949.0
1718646093.8860025,0.0,22949.0
1718646094.0767324,0.0,22949.0
1718646094.228196,0.0,22949.0
1718646094.4137518,0.0,22949.0
1718646094.5721622,0.0,22949.0
1718646094.7116477,0.0,22949.0
1718646094.8521662,0.0,22949.0
1718646094.9916425,0.0,22949.0
1718646095.1310687,81.0,22949.0
1718646095.2706416,99.0,22949.0
1718646095.413307,99.0,22949.0
1718646095.5844884,100.0,22949.0
1718646095.7348132,100.0,22949.0
1718646095.897962,100.0,22949.0
1718646096.0509672,100.0,22949.0
1718646096.2208757,100.0,22949.0
1718646096.3657274,87.0,22949.0
1718646096.522397,0.0,22949.0
1718646096.6761198,0.0,22949.0
1718646096.8526938,0.0,22949.0
1718646097.0644956,0.0,22949.0
1718646097.2596762,0.0,22949.0
1718646097.4254055,0.0,22949.0
1718646097.582017,0.0,22949.0
1718646097.764806,0.0,22949.0
1718646097.914454,0.0,22949.0
1718646098.0995393,0.0,22949.0
1718646098.254383,0.0,22949.0
1718646098.41907,0.0,22949.0
1718646098.583151,0.0,22949.0
1718646098.7218125,0.0,22949.0
1718646098.8622875,0.0,22949.0
1718646099.0005636,0.0,22949.0
1718646099.1376996,54.0,22949.0
1718646099.2767355,100.0,22949.0
1718646099.4143531,100.0,22949.0
1718646099.5839918,99.0,22949.0
1718646099.7409196,100.0,22949.0
1718646099.902293,100.0,22949.0
1718646100.063993,100.0,22949.0
1718646100.2261212,100.0,22949.0
1718646100.3964975,100.0,22949.0
1718646100.561745,11.0,22949.0
1718646100.71676,0.0,22949.0
1718646100.8774226,0.0,22949.0
1718646101.0499794,0.0,22949.0
1718646101.2170405,0.0,22949.0
1718646101.3776226,0.0,22949.0
1718646101.580435,0.0,22949.0
1718646101.7849267,0.0,22949.0
1718646101.9875362,0.0,22949.0
1718646102.1429589,0.0,22949.0
1718646102.344887,0.0,22949.0
1718646102.5128784,0.0,22949.0
1718646102.6673093,0.0,22949.0
1718646102.8407137,0.0,22949.0
1718646102.979331,0.0,22949.0
1718646103.1189892,0.0,22949.0
1718646103.260574,65.0,22949.0
1718646103.4018803,65.0,22949.0
1718646103.5416386,99.0,22949.0
1718646103.684685,100.0,22949.0
1718646103.854816,100.0,22949.0
1718646104.0283995,100.0,22949.0
1718646104.1763399,100.0,22949.0
1718646104.3372452,100.0,22949.0
1718646104.5227835,100.0,22949.0
1718646104.6729894,1.0,22949.0
1718646104.8257618,1.0,22949.0
1718646105.0409243,0.0,22949.0
1718646105.191164,0.0,22949.0
1718646105.3558278,0.0,22949.0
1718646105.517426,0.0,22949.0
1718646105.720094,0.0,22949.0
1718646105.9170032,0.0,22949.0
1718646106.1157537,0.0,22949.0
1718646106.3038325,0.0,22949.0
1718646106.4922552,0.0,22949.0
1718646106.6764154,0.0,22949.0
1718646106.8429732,0.0,22949.0
1718646107.0038555,0.0,22949.0
1718646107.148758,0.0,22949.0
1718646107.2897115,8.0,22949.0
1718646107.4294665,8.0,22949.0
1718646107.5732236,100.0,22949.0
1718646107.7145112,99.0,22949.0
1718646107.854691,99.0,22949.0
1718646108.0198634,100.0,22949.0
1718646108.196026,100.0,22949.0
1718646108.3633301,100.0,22949.0
1718646108.5214148,100.0,22949.0
1718646108.705334,64.0,22949.0
1718646108.8751552,0.0,22949.0
1718646109.019885,0.0,22949.0
1718646109.1822276,0.0,22949.0
1718646109.3609421,0.0,22949.0
1718646109.5195384,0.0,22949.0
1718646109.6794367,0.0,22949.0
1718646109.8851402,0.0,22949.0
1718646110.0967166,0.0,22949.0
1718646110.3028505,0.0,22949.0
1718646110.4755173,0.0,22949.0
1718646110.6758468,0.0,22949.0
1718646110.8229194,0.0,22949.0
1718646110.990381,0.0,22949.0
1718646111.156467,0.0,22949.0
1718646111.302536,0.0,22949.0
1718646111.4468005,0.0,22949.0
1718646111.5883956,36.0,22949.0
1718646111.7361376,36.0,22949.0
1718646111.8845584,100.0,22949.0
1718646112.0568364,99.0,22949.0
1718646112.2117717,100.0,22949.0
1718646112.3711364,100.0,22949.0
1718646112.5421371,100.0,22949.0
1718646112.712902,100.0,22949.0
1718646112.8627446,100.0,22949.0
1718646113.007466,42.0,22949.0
1718646113.165616,0.0,22949.0
1718646113.3135076,0.0,22949.0
1718646113.4830608,0.0,22949.0
1718646113.6662476,0.0,22949.0
1718646113.8203356,0.0,22949.0
1718646113.9673805,0.0,22949.0
1718646114.1784606,0.0,22949.0
1718646114.3497846,0.0,22949.0
1718646114.5353398,0.0,22949.0
1718646114.6926146,0.0,22949.0
1718646114.895979,0.0,22949.0
1718646115.0366096,0.0,22949.0
1718646115.204627,0.0,22949.0
1718646115.3799255,0.0,22949.0
1718646115.519134,0.0,22949.0
1718646115.6591728,0.0,22949.0
1718646115.7996752,50.0,22949.0
1718646115.940871,50.0,22949.0
1718646116.081794,100.0,22949.0
1718646116.2238338,95.0,22949.0
1718646116.3904026,100.0,22949.0
1718646116.5795815,100.0,22949.0
1718646116.760865,100.0,22949.0
1718646116.9213235,100.0,22949.0
1718646117.0851219,100.0,22949.0
1718646117.2600694,19.0,22949.0
1718646117.4032578,0.0,22949.0
1718646117.5564165,0.0,22949.0
1718646117.7327452,0.0,22949.0
1718646117.9291131,0.0,22949.0
1718646118.1469114,0.0,22949.0
1718646118.3004148,0.0,22949.0
1718646118.47974,0.0,22949.0
1718646118.6850286,0.0,22949.0
1718646118.8893104,0.0,22949.0
1718646119.0560977,0.0,22949.0
1718646119.2052212,0.0,22949.0
1718646119.3821616,0.0,22949.0
1718646119.5378473,0.0,22949.0
1718646119.6784804,0.0,22949.0
1718646119.8188627,0.0,22949.0
1718646119.959761,0.0,22949.0
1718646120.1006546,82.0,22949.0
1718646120.2384942,99.0,22949.0
1718646120.418154,100.0,22949.0
1718646120.5875344,100.0,22949.0
1718646120.7569993,100.0,22949.0
1718646120.9217567,100.0,22949.0
1718646121.1036487,100.0,22949.0
1718646121.2501824,91.0,22949.0
1718646121.4040735,91.0,22949.0
1718646121.5424259,0.0,22949.0
1718646121.69364,0.0,22949.0
1718646121.8538692,0.0,22949.0
1718646122.0174758,0.0,22949.0
1718646122.1768308,0.0,22949.0
1718646122.383952,0.0,22949.0
1718646122.576518,0.0,22949.0
1718646122.798959,0.0,22949.0
1718646122.964115,0.0,22949.0
1718646123.158106,0.0,22949.0
1718646123.319209,0.0,22949.0
1718646123.4948442,0.0,22949.0
1718646123.6575952,0.0,22949.0
1718646123.7968879,0.0,22949.0
1718646123.9372187,0.0,22949.0
1718646124.078228,19.0,22949.0
1718646124.2198389,100.0,22949.0
1718646124.3619485,100.0,22949.0
1718646124.5027037,99.0,22949.0
1718646124.6572554,100.0,22949.0
1718646124.8180835,100.0,22949.0
1718646124.9978344,100.0,22949.0
1718646125.1570315,100.0,22949.0
1718646125.348017,100.0,22949.0
1718646125.495755,55.0,22949.0
1718646125.668828,0.0,22949.0
1718646125.8383033,0.0,22949.0
1718646125.9985988,0.0,22949.0
1718646126.1820986,0.0,22949.0
1718646126.344917,0.0,22949.0
1718646126.5245724,0.0,22949.0
1718646126.7274299,0.0,22949.0
1718646126.898619,0.0,22949.0
1718646127.1007388,0.0,22949.0
1718646127.3074548,0.0,22949.0
1718646127.4807322,0.0,22949.0
1718646127.6549459,0.0,22949.0
1718646127.8129694,0.0,22949.0
1718646127.952099,0.0,22949.0
1718646128.0920837,0.0,22949.0
1718646128.2307568,37.0,22949.0
1718646128.3731017,37.0,22949.0
1718646128.514375,100.0,22949.0
1718646128.6546504,99.0,22949.0
1718646128.8111103,100.0,22949.0
1718646128.9643624,100.0,22949.0
1718646129.1306658,100.0,22949.0
1718646129.2956343,100.0,22949.0
1718646129.4564536,100.0,22949.0
1718646129.6007583,100.0,22949.0
1718646129.7529044,41.0,22949.0
1718646129.9021873,0.0,22949.0
1718646130.0849295,0.0,22949.0
1718646130.2518828,0.0,22949.0
1718646130.4040394,0.0,22949.0
1718646130.5543556,0.0,22949.0
1718646130.7580063,0.0,22949.0
1718646130.9331274,0.0,22949.0
1718646131.1236007,0.0,22949.0
1718646131.2808897,0.0,22949.0
1718646131.478757,0.0,22949.0
1718646131.6274543,0.0,22949.0
1718646131.7958157,0.0,22949.0
1718646131.9541059,0.0,22949.0
1718646132.0927837,0.0,22949.0
1718646132.2328646,0.0,22949.0
1718646132.3715463,0.0,22949.0
1718646132.5139432,86.0,22949.0
1718646132.6525776,99.0,22949.0
1718646132.7929578,100.0,22949.0
1718646132.964038,100.0,22949.0
1718646133.1258109,100.0,22949.0
1718646133.302041,100.0,22949.0
1718646133.4659195,100.0,22949.0
1718646133.6370609,86.0,22949.0
1718646133.7821782,86.0,22949.0
1718646133.9465365,0.0,22949.0
1718646134.097957,0.0,22949.0
1718646134.2757392,0.0,22949.0
1718646134.4555545,0.0,22949.0
1718646134.614011,0.0,22949.0
1718646134.7687209,0.0,22949.0
1718646134.977559,0.0,22949.0
1718646135.1483307,0.0,22949.0
1718646135.3401008,0.0,22949.0
1718646135.4970984,0.0,22949.0
1718646135.69803,0.0,22949.0
1718646135.8726275,0.0,22949.0
1718646136.0338306,0.0,22949.0
1718646136.193392,0.0,22949.0
1718646136.3367178,0.0,22949.0
1718646136.4805417,0.0,22949.0
1718646136.6249323,0.0,22949.0
1718646136.773449,87.0,22949.0
1718646136.9213862,94.0,22949.0
1718646137.1077244,100.0,22949.0
1718646137.2825499,100.0,22949.0
1718646137.4547036,100.0,22949.0
1718646137.618,100.0,22949.0
1718646137.791975,100.0,22949.0
1718646137.9415581,87.0,22949.0
1718646138.108923,0.0,22949.0
1718646138.2643266,0.0,22949.0
1718646138.4237213,0.0,22949.0
1718646138.6214767,0.0,22949.0
1718646138.773672,0.0,22949.0
1718646138.9227655,0.0,22949.0
1718646139.1300466,0.0,22949.0
1718646139.302634,0.0,22949.0
1718646139.5027392,0.0,22949.0
1718646139.6534252,0.0,22949.0
1718646139.8550937,0.0,22949.0
1718646139.9979956,0.0,22949.0
1718646140.1873298,0.0,22949.0
1718646140.3580337,0.0,22949.0
1718646140.4966087,0.0,22949.0
1718646140.6375973,0.0,22949.0
1718646140.7775445,18.0,22949.0
1718646140.9195256,100.0,22949.0
1718646141.0582905,100.0,22949.0
1718646141.1991055,99.0,22949.0
1718646141.3500388,100.0,22949.0
1718646141.5162807,100.0,22949.0
1718646141.6685526,100.0,22949.0
1718646141.8386688,100.0,22949.0
1718646142.015675,100.0,22949.0
1718646142.1609254,56.0,22949.0
1718646142.3234057,0.0,22949.0
1718646142.4775522,0.0,22949.0
1718646142.6619155,0.0,22949.0
1718646142.8421326,0.0,22949.0
1718646143.0110419,0.0,22949.0
1718646143.1917632,0.0,22949.0
1718646143.3939078,0.0,22949.0
1718646143.574057,0.0,22949.0
1718646143.7721274,0.0,22949.0
1718646143.9762843,0.0,22949.0
1718646144.1382496,0.0,22949.0
1718646144.2859554,0.0,22949.0
1718646144.4819863,0.0,22949.0
1718646144.6331422,0.0,22949.0
1718646144.7733443,0.0,22949.0
1718646144.9132845,16.0,22949.0
1718646145.0521822,16.0,22949.0
1718646145.194415,100.0,22949.0
1718646145.3336356,99.0,22949.0
1718646145.502156,100.0,22949.0
1718646145.6741724,100.0,22949.0
1718646145.8344836,100.0,22949.0
1718646146.062273,100.0,22949.0
1718646146.239777,100.0,22949.0
1718646146.4047163,58.0,22949.0
1718646146.553198,0.0,22949.0
1718646146.7060091,0.0,22949.0
1718646146.8761609,0.0,22949.0
1718646147.0351076,0.0,22949.0
1718646147.1935554,0.0,22949.0
1718646147.3976555,0.0,22949.0
1718646147.6054468,0.0,22949.0
1718646147.80755,0.0,22949.0
1718646147.97207,0.0,22949.0
1718646148.159832,0.0,22949.0
1718646148.3148112,0.0,22949.0
1718646148.4802775,0.0,22949.0
1718646148.647631,0.0,22949.0
1718646148.7875965,0.0,22949.0
1718646148.9286625,0.0,22949.0
1718646149.0685523,0.0,22949.0
1718646149.2088366,74.0,22949.0
1718646149.350013,99.0,22949.0
1718646149.4901748,99.0,22949.0
1718646149.6817741,100.0,22949.0
1718646149.8430786,100.0,22949.0
1718646150.0033083,100.0,22949.0
1718646150.1799603,100.0,22949.0
1718646150.3385966,95.0,22949.0
1718646150.4899225,0.0,22949.0
1718646150.6407151,0.0,22949.0
1718646150.7971916,0.0,22949.0
1718646150.9763918,0.0,22949.0
1718646151.1657531,0.0,22949.0
1718646151.3326688,0.0,22949.0
1718646151.5122015,0.0,22949.0
1718646151.7197108,0.0,22949.0
1718646151.8914087,0.0,22949.0
1718646152.0876236,0.0,22949.0
1718646152.2727325,0.0,22949.0
1718646152.4299612,0.0,22949.0
1718646152.5851932,0.0,22949.0
1718646152.7236962,0.0,22949.0
1718646152.8956728,0.0,22949.0
1718646153.0366979,0.0,22949.0
1718646153.1770806,0.0,22949.0
1718646153.3147905,0.0,22949.0
1718646153.4554987,51.0,22949.0
1718646153.5945947,100.0,22949.0
1718646153.7387102,100.0,22949.0
1718646153.9109132,100.0,22949.0
1718646154.0704057,100.0,22949.0
1718646154.2315066,100.0,22949.0
1718646154.3935132,100.0,22949.0
1718646154.5510943,100.0,22949.0
1718646154.7028081,14.0,22949.0
1718646154.86678,14.0,22949.0
1718646155.0366306,0.0,22949.0
1718646155.2146752,0.0,22949.0
1718646155.3953044,0.0,22949.0
1718646155.5601065,0.0,22949.0
1718646155.7321904,0.0,22949.0
1718646155.9403613,0.0,22949.0
1718646156.0977514,0.0,22949.0
1718646156.3117526,0.0,22949.0
1718646156.5082886,0.0,22949.0
1718646156.6698747,0.0,22949.0
1718646156.8209252,0.0,22949.0
1718646156.9786987,0.0,22949.0
1718646157.1470072,0.0,22949.0
1718646157.29025,0.0,22949.0
1718646157.430157,0.0,22949.0
1718646157.5700483,0.0,22949.0
1718646157.7100847,82.0,22949.0
1718646157.8501976,99.0,22949.0
1718646157.9930177,100.0,22949.0
1718646158.1722605,100.0,22949.0
1718646158.3429773,100.0,22949.0
1718646158.50669,100.0,22949.0
1718646158.6837122,100.0,22949.0
1718646158.8500822,87.0,22949.0
1718646159.0061994,0.0,22949.0
1718646159.1544585,0.0,22949.0
1718646159.3303816,0.0,22949.0
1718646159.482011,0.0,22949.0
1718646159.6549125,0.0,22949.0
1718646159.8152115,0.0,22949.0
1718646160.0245087,0.0,22949.0
1718646160.2279446,0.0,22949.0
1718646160.4307141,0.0,22949.0
1718646160.5854576,0.0,22949.0
1718646160.79289,0.0,22949.0
1718646160.9371626,0.0,22949.0
1718646161.1067562,0.0,22949.0
1718646161.2801118,0.0,22949.0
1718646161.419449,0.0,22949.0
1718646161.5597835,0.0,22949.0
1718646161.7007031,0.0,22949.0
1718646161.841239,100.0,22949.0
1718646161.983129,99.0,22949.0
1718646162.1231568,99.0,22949.0
1718646162.2989883,100.0,22949.0
1718646162.4578695,100.0,22949.0
1718646162.626476,100.0,22949.0
1718646162.8012164,100.0,22949.0
1718646162.9606616,100.0,22949.0
1718646163.122133,72.0,22949.0
1718646163.2641199,0.0,22949.0
1718646163.415478,0.0,22949.0
1718646163.5750048,0.0,22949.0
1718646163.74843,0.0,22949.0
1718646163.9007378,0.0,22949.0
1718646164.1112788,0.0,22949.0
1718646164.3204548,0.0,22949.0
1718646164.5003765,0.0,22949.0
1718646164.6662142,0.0,22949.0
1718646164.8561091,0.0,22949.0
1718646165.0165644,0.0,22949.0
1718646165.2075841,0.0,22949.0
1718646165.366768,0.0,22949.0
1718646165.5064383,0.0,22949.0
1718646165.6466556,0.0,22949.0
1718646165.7864149,0.0,22949.0
1718646165.932743,78.0,22949.0
1718646166.0765405,99.0,22949.0
1718646166.2178226,99.0,22949.0
1718646166.3831294,100.0,22949.0
1718646166.550387,100.0,22949.0
1718646166.709131,100.0,22949.0
1718646166.8780255,100.0,22949.0
1718646167.0648284,92.0,22949.0
1718646167.2224166,0.0,22949.0
1718646167.3689132,0.0,22949.0
1718646167.5299792,0.0,22949.0
1718646167.7041395,0.0,22949.0
1718646167.886176,0.0,22949.0
1718646168.0517328,0.0,22949.0
1718646168.2408748,0.0,22949.0
1718646168.4459345,0.0,22949.0
1718646168.6450763,0.0,22949.0
1718646168.8339944,0.0,22949.0
1718646169.0232542,0.0,22949.0
1718646169.188403,0.0,22949.0
1718646169.3820593,0.0,22949.0
1718646169.5320437,0.0,22949.0
1718646169.670676,0.0,22949.0
1718646169.8106065,0.0,22949.0
1718646169.9522955,0.0,22949.0
1718646170.0956163,97.0,22949.0
1718646170.2343898,97.0,22949.0
1718646170.3760767,99.0,22949.0
1718646170.5584018,100.0,22949.0
1718646170.7244525,100.0,22949.0
1718646170.8917959,100.0,22949.0
1718646171.0586379,100.0,22949.0
1718646171.2201803,100.0,22949.0
1718646171.385103,74.0,22949.0
1718646171.5333688,0.0,22949.0
1718646171.6794863,0.0,22949.0
1718646171.8349357,0.0,22949.0
1718646172.004953,0.0,22949.0
1718646172.1586046,0.0,22949.0
1718646172.335735,0.0,22949.0
1718646172.5362465,0.0,22949.0
1718646172.7113934,0.0,22949.0
1718646172.9082048,0.0,22949.0
1718646173.1122706,0.0,22949.0
1718646173.2833307,0.0,22949.0
1718646173.4316373,0.0,22949.0
1718646173.5986319,0.0,22949.0
1718646173.7400653,0.0,22949.0
1718646173.881177,0.0,22949.0
1718646174.019688,0.0,22949.0
1718646174.1583955,53.0,22949.0
1718646174.2972558,100.0,22949.0
1718646174.4354658,100.0,22949.0
1718646174.5871189,99.0,22949.0
1718646174.7567267,100.0,22949.0
1718646174.9174242,100.0,22949.0
1718646175.0861392,100.0,22949.0
1718646175.247509,100.0,22949.0
1718646175.397819,100.0,22949.0
1718646175.5553234,11.0,22949.0
1718646175.70564,0.0,22949.0
1718646175.8611019,0.0,22949.0
1718646176.0217168,0.0,22949.0
1718646176.182129,0.0,22949.0
1718646176.3380125,0.0,22949.0
1718646176.5160122,0.0,22949.0
1718646176.7219763,0.0,22949.0
1718646176.8945606,0.0,22949.0
1718646177.1050334,0.0,22949.0
1718646177.3095093,0.0,22949.0
1718646177.496653,0.0,22949.0
1718646177.659156,0.0,22949.0
1718646177.8298292,0.0,22949.0
1718646177.9700136,0.0,22949.0
1718646178.108679,0.0,22949.0
1718646178.2485888,0.0,22949.0
1718646178.3900518,70.0,22949.0
1718646178.5290158,99.0,22949.0
1718646178.6708455,99.0,22949.0
1718646178.8468556,100.0,22949.0
1718646179.0054054,100.0,22949.0
1718646179.168142,100.0,22949.0
1718646179.323979,100.0,22949.0
1718646179.5013397,98.0,22949.0
1718646179.683286,0.0,22949.0
1718646179.8306303,0.0,22949.0
1718646179.9826756,0.0,22949.0
1718646180.1492136,0.0,22949.0
1718646180.312254,0.0,22949.0
1718646180.470078,0.0,22949.0
1718646180.6727202,0.0,22949.0
1718646180.8770928,0.0,22949.0
1718646181.0796025,0.0,22949.0
1718646181.24853,0.0,22949.0
1718646181.4554865,0.0,22949.0
1718646181.6020792,0.0,22949.0
1718646181.770883,0.0,22949.0
1718646181.93583,0.0,22949.0
1718646182.0741067,0.0,22949.0
1718646182.213857,0.0,22949.0
1718646182.355294,0.0,22949.0
1718646182.4972918,100.0,22949.0
1718646182.6389713,100.0,22949.0
1718646182.7814624,99.0,22949.0
1718646182.963019,100.0,22949.0
1718646183.1383421,100.0,22949.0
1718646183.3068874,100.0,22949.0
1718646183.4710286,100.0,22949.0
1718646183.6529367,43.0,22949.0
1718646183.8324184,43.0,22949.0
1718646183.9712284,0.0,22949.0
1718646184.1217763,0.0,22949.0
1718646184.297258,0.0,22949.0
1718646184.454992,0.0,22949.0
1718646184.605591,0.0,22949.0
1718646184.8099775,0.0,22949.0
1718646185.012728,0.0,22949.0
1718646185.2192323,0.0,22949.0
1718646185.374168,0.0,22949.0
1718646185.5638583,0.0,22949.0
1718646185.7203548,0.0,22949.0
1718646185.8912258,0.0,22949.0
1718646186.0487335,0.0,22949.0
1718646186.1881652,0.0,22949.0
1718646186.3283992,0.0,22949.0
1718646186.4678242,0.0,22949.0
1718646186.6081197,75.0,22949.0
1718646186.7498417,75.0,22949.0
1718646186.8884087,99.0,22949.0
1718646187.0685282,100.0,22949.0
1718646187.2378142,100.0,22949.0
1718646187.4061153,100.0,22949.0
1718646187.56761,100.0,22949.0
1718646187.7580426,92.0,22949.0
1718646187.9094017,0.0,22949.0
1718646188.0657494,0.0,22949.0
1718646188.2174497,0.0,22949.0
1718646188.393881,0.0,22949.0
1718646188.5699284,0.0,22949.0
1718646188.732673,0.0,22949.0
1718646188.9393344,0.0,22949.0
1718646189.1680465,0.0,22949.0
1718646189.3760273,0.0,22949.0
1718646189.5319805,0.0,22949.0
1718646189.7360146,0.0,22949.0
1718646189.8882856,0.0,22949.0
1718646190.0447195,0.0,22949.0
1718646190.2038586,0.0,22949.0
1718646190.34358,0.0,22949.0
1718646190.4835858,0.0,22949.0
1718646190.6240628,14.0,22949.0
1718646190.766456,100.0,22949.0
1718646190.905706,100.0,22949.0
1718646191.0447526,99.0,22949.0
1718646191.208406,100.0,22949.0
1718646191.3911562,100.0,22949.0
1718646191.5695508,100.0,22949.0
1718646191.7394474,100.0,22949.0
1718646191.9214826,100.0,22949.0
1718646192.0804293,60.0,22949.0
1718646192.22794,0.0,22949.0
1718646192.3773158,0.0,22949.0
1718646192.539559,0.0,22949.0
1718646192.7031214,0.0,22949.0
1718646192.8556986,0.0,22949.0
1718646193.0285604,0.0,22949.0
1718646193.2392957,0.0,22949.0
1718646193.4031231,0.0,22949.0
1718646193.6026962,0.0,22949.0
1718646193.8042376,0.0,22949.0
1718646193.9537935,0.0,22949.0
1718646194.1062787,0.0,22949.0
1718646194.2653546,0.0,22949.0
1718646194.423175,0.0,22949.0
1718646194.5628,0.0,22949.0
1718646194.702701,0.0,22949.0
1718646194.840357,31.0,22949.0
1718646194.9819074,100.0,22949.0
1718646195.1195202,100.0,22949.0
1718646195.2726529,99.0,22949.0
1718646195.4355888,100.0,22949.0
1718646195.5946786,100.0,22949.0
1718646195.749074,100.0,22949.0
1718646195.910775,100.0,22949.0
1718646196.071437,100.0,22949.0
1718646196.2171743,45.0,22949.0
1718646196.3788784,0.0,22949.0
1718646196.5396528,0.0,22949.0
1718646196.7214372,0.0,22949.0
1718646196.8929758,0.0,22949.0
1718646197.0512447,0.0,22949.0
1718646197.2100716,0.0,22949.0
1718646197.424204,0.0,22949.0
1718646197.5806634,0.0,22949.0
1718646197.7827113,0.0,22949.0
1718646197.9467878,0.0,22949.0
1718646198.140093,0.0,22949.0
1718646198.2823193,0.0,22949.0
1718646198.445398,0.0,22949.0
1718646198.6147382,0.0,22949.0
1718646198.756802,0.0,22949.0
1718646198.895855,0.0,22949.0
1718646199.035222,37.0,22949.0
1718646199.177084,100.0,22949.0
1718646199.31648,100.0,22949.0
1718646199.4606261,99.0,22949.0
1718646199.6197948,100.0,22949.0
1718646199.7907364,100.0,22949.0
1718646199.9577603,100.0,22949.0
1718646200.112224,100.0,22949.0
1718646200.287207,100.0,22949.0
1718646200.4319599,41.0,22949.0
1718646200.5948305,0.0,22949.0
1718646200.7531526,0.0,22949.0
1718646200.9389849,0.0,22949.0
1718646201.0939965,0.0,22949.0
1718646201.2636845,0.0,22949.0
1718646201.4257507,0.0,22949.0
1718646201.6298587,0.0,22949.0
1718646201.8047268,0.0,22949.0
1718646202.0085933,0.0,22949.0
1718646202.2068427,0.0,22949.0
1718646202.3778222,0.0,22949.0
1718646202.5347705,0.0,22949.0
1718646202.6952512,0.0,22949.0
1718646202.845978,0.0,22949.0
1718646202.9859726,0.0,22949.0
1718646203.1247962,0.0,22949.0
1718646203.2646627,50.0,22949.0
1718646203.4039938,50.0,22949.0
1718646203.5413888,100.0,22949.0
1718646203.7054603,97.0,22949.0
1718646203.8817894,100.0,22949.0
1718646204.0497317,100.0,22949.0
1718646204.224114,100.0,22949.0
1718646204.397362,100.0,22949.0
1718646204.5454314,100.0,22949.0
1718646204.6947684,16.0,22949.0
1718646204.8457835,0.0,22949.0
1718646204.9911172,0.0,22949.0
1718646205.1459405,0.0,22949.0
1718646205.2952003,0.0,22949.0
1718646205.448188,0.0,22949.0
1718646205.6245377,0.0,22949.0
1718646205.8298757,0.0,22949.0
1718646206.0091226,0.0,22949.0
1718646206.2205184,0.0,22949.0
1718646206.4241018,0.0,22949.0
1718646206.5936122,0.0,22949.0
1718646206.7466567,0.0,22949.0
1718646206.901523,0.0,22949.0
1718646207.0441272,0.0,22949.0
1718646207.184872,0.0,22949.0
1718646207.325127,0.0,22949.0
1718646207.4616034,82.0,22949.0
1718646207.6021054,82.0,22949.0
1718646207.7407732,99.0,22949.0
1718646207.8950164,100.0,22949.0
1718646208.0656428,100.0,22949.0
1718646208.2260387,100.0,22949.0
1718646208.3840802,100.0,22949.0
1718646208.571142,100.0,22949.0
1718646208.7265823,88.0,22949.0
1718646208.8803496,0.0,22949.0
1718646209.0246792,0.0,22949.0
1718646209.1716552,0.0,22949.0
1718646209.328083,0.0,22949.0
1718646209.490187,0.0,22949.0
1718646209.6429389,0.0,22949.0
1718646209.841742,0.0,22949.0
1718646210.0434396,0.0,22949.0
1718646210.2588801,0.0,22949.0
1718646210.443714,0.0,22949.0
1718646210.6311214,0.0,22949.0
1718646210.7971807,0.0,22949.0
1718646210.9905117,0.0,22949.0
1718646211.1422095,0.0,22949.0
1718646211.2817748,0.0,22949.0
1718646211.4217672,0.0,22949.0
1718646211.5619195,0.0,22949.0
1718646211.7035334,93.0,22949.0
1718646211.8430374,93.0,22949.0
1718646211.9823902,99.0,22949.0
1718646212.1530747,100.0,22949.0
1718646212.322349,100.0,22949.0
1718646212.4830241,100.0,22949.0
1718646212.6441305,100.0,22949.0
1718646212.8341906,100.0,22949.0
1718646212.9909887,77.0,22949.0
1718646213.1389477,0.0,22949.0
1718646213.3024738,0.0,22949.0
1718646213.4680693,0.0,22949.0
1718646213.6254864,0.0,22949.0
1718646213.7874193,0.0,22949.0
1718646213.9353454,0.0,22949.0
1718646214.1409242,0.0,22949.0
1718646214.3123934,0.0,22949.0
1718646214.5147886,0.0,22949.0
1718646214.6915724,0.0,22949.0
1718646214.8755572,0.0,22949.0
1718646215.0284095,0.0,22949.0
1718646215.1879756,0.0,22949.0
1718646215.353795,0.0,22949.0
1718646215.5028424,0.0,22949.0
1718646215.642502,0.0,22949.0
1718646215.7834115,28.0,22949.0
1718646215.928016,100.0,22949.0
1718646216.068535,100.0,22949.0
1718646216.2124922,99.0,22949.0
1718646216.3905175,100.0,22949.0
1718646216.564134,100.0,22949.0
1718646216.7430549,100.0,22949.0
1718646216.9176536,100.0,22949.0
1718646217.0732844,100.0,22949.0
1718646217.2348309,50.0,22949.0
1718646217.3811216,0.0,22949.0
1718646217.5429296,0.0,22949.0
1718646217.6996186,0.0,22949.0
1718646217.8659039,0.0,22949.0
1718646218.0168855,0.0,22949.0
1718646218.1909251,0.0,22949.0
1718646218.39553,0.0,22949.0
1718646218.5629246,0.0,22949.0
1718646218.7632477,0.0,22949.0
1718646218.939729,0.0,22949.0
1718646219.0936089,0.0,22949.0
1718646219.2504265,0.0,22949.0
1718646219.4111228,0.0,22949.0
1718646219.5627446,0.0,22949.0
1718646219.7035606,0.0,22949.0
1718646219.84286,0.0,22949.0
1718646219.9828343,43.0,22949.0
1718646220.127074,100.0,22949.0
1718646220.2671463,100.0,22949.0
1718646220.435499,95.0,22949.0
1718646220.6034896,100.0,22949.0
1718646220.7738276,100.0,22949.0
1718646220.9424982,100.0,22949.0
1718646221.1228342,100.0,22949.0
1718646221.271241,100.0,22949.0
1718646221.4238133,35.0,22949.0
1718646221.572247,0.0,22949.0
1718646221.7417285,0.0,22949.0
1718646221.896459,0.0,22949.0
1718646222.064776,0.0,22949.0
1718646222.2098544,0.0,22949.0
1718646222.4115806,0.0,22949.0
1718646222.6164377,0.0,22949.0
1718646222.7964187,0.0,22949.0
1718646222.9571323,0.0,22949.0
1718646223.1648834,0.0,22949.0
1718646223.312481,0.0,22949.0
1718646223.4889758,0.0,22949.0
1718646223.6442125,0.0,22949.0
1718646223.7840245,0.0,22949.0
1718646223.924464,0.0,22949.0
1718646224.0688787,0.0,22949.0
1718646224.2110581,91.0,22949.0
1718646224.3519003,99.0,22949.0
1718646224.4924915,99.0,22949.0
1718646224.6364267,100.0,22949.0
1718646224.802595,100.0,22949.0
1718646224.9549403,100.0,22949.0
1718646225.1162548,100.0,22949.0
1718646225.2710156,100.0,22949.0
1718646225.4565291,79.0,22949.0
1718646225.6284032,0.0,22949.0
1718646225.7682192,0.0,22949.0
1718646225.9182203,0.0,22949.0
1718646226.0888867,0.0,22949.0
1718646226.256017,0.0,22949.0
1718646226.4250917,0.0,22949.0
1718646226.628161,0.0,22949.0
1718646226.8283486,0.0,22949.0
1718646227.0324214,0.0,22949.0
1718646227.2112982,0.0,22949.0
1718646227.407543,0.0,22949.0
1718646227.5528154,0.0,22949.0
1718646227.7252967,0.0,22949.0
1718646227.8936512,0.0,22949.0
1718646228.0341403,0.0,22949.0
1718646228.1740062,0.0,22949.0
1718646228.313119,69.0,22949.0
1718646228.453855,69.0,22949.0
1718646228.5933354,99.0,22949.0
1718646228.7338312,100.0,22949.0
1718646228.9039922,100.0,22949.0
1718646229.0602996,100.0,22949.0
1718646229.2195814,100.0,22949.0
1718646229.377494,100.0,22949.0
1718646229.556624,97.0,22949.0
1718646229.7026446,0.0,22949.0
1718646229.8826516,0.0,22949.0
1718646230.0491092,0.0,22949.0
1718646230.2047822,0.0,22949.0
1718646230.3615866,0.0,22949.0
1718646230.525911,0.0,22949.0
1718646230.704744,0.0,22949.0
1718646230.908413,0.0,22949.0
1718646231.0717936,0.0,22949.0
1718646231.2685025,0.0,22949.0
1718646231.4841142,0.0,22949.0
1718646231.6605332,0.0,22949.0
1718646231.8308752,0.0,22949.0
1718646231.9926994,0.0,22949.0
1718646232.1374304,0.0,22949.0
1718646232.2805848,0.0,22949.0
1718646232.4206128,0.0,22949.0
1718646232.559219,0.0,22949.0
1718646232.700568,100.0,22949.0
1718646232.8392549,99.0,22949.0
1718646233.001882,100.0,22949.0
1718646233.1631124,100.0,22949.0
1718646233.318797,100.0,22949.0
1718646233.492376,100.0,22949.0
1718646233.6502495,100.0,22949.0
1718646233.8042994,72.0,22949.0
1718646233.9693353,0.0,22949.0
1718646234.1141148,0.0,22949.0
1718646234.2657056,0.0,22949.0
1718646234.423211,0.0,22949.0
1718646234.5893638,0.0,22949.0
1718646234.7492754,0.0,22949.0
1718646234.953365,0.0,22949.0
1718646235.1643708,0.0,22949.0
1718646235.3664618,0.0,22949.0
1718646235.5158331,0.0,22949.0
1718646235.7152922,0.0,22949.0
1718646235.8595927,0.0,22949.0
1718646236.0274963,0.0,22949.0
1718646236.198679,0.0,22949.0
1718646236.3435314,0.0,22949.0
1718646236.4871304,0.0,22949.0
1718646236.6304278,30.0,22949.0
1718646236.7771516,30.0,22949.0
1718646236.9242063,100.0,22949.0
1718646237.0699813,99.0,22949.0
1718646237.2313988,100.0,22949.0
1718646237.4117448,100.0,22949.0
1718646237.5762737,100.0,22949.0
1718646237.7510128,100.0,22949.0
1718646237.9477856,46.0,22949.0
1718646238.1094878,46.0,22949.0
1718646238.258424,0.0,22949.0
1718646238.4298232,0.0,22949.0
1718646238.598772,0.0,22949.0
1718646238.7624137,0.0,22949.0
1718646238.916171,0.0,22949.0
1718646239.1293278,0.0,22949.0
1718646239.304235,0.0,22949.0
1718646239.5067437,0.0,22949.0
1718646239.6820896,0.0,22949.0
1718646239.8632812,0.0,22949.0
1718646240.0043786,0.0,22949.0
1718646240.1676943,0.0,22949.0
1718646240.333992,0.0,22949.0
1718646240.4740589,0.0,22949.0
1718646240.6143947,0.0,22949.0
1718646240.7530067,0.0,22949.0
1718646240.8965876,91.0,22949.0
1718646241.0349503,99.0,22949.0
1718646241.1755664,99.0,22949.0
1718646241.3425574,100.0,22949.0
1718646241.5074232,100.0,22949.0
1718646241.6544456,100.0,22949.0
1718646241.8108592,100.0,22949.0
1718646241.9794,100.0,22949.0
1718646242.1264324,80.0,22949.0
1718646242.3076134,0.0,22949.0
1718646242.4656234,0.0,22949.0
1718646242.6461961,0.0,22949.0
1718646242.8125622,0.0,22949.0
1718646242.9857626,0.0,22949.0
1718646243.1610878,0.0,22949.0
1718646243.3673666,0.0,22949.0
1718646243.5200403,0.0,22949.0
1718646243.7188196,0.0,22949.0
1718646243.9191294,0.0,22949.0
1718646244.0832298,0.0,22949.0
1718646244.2316463,0.0,22949.0
1718646244.3906484,0.0,22949.0
1718646244.5484338,0.0,22949.0
1718646244.6973534,0.0,22949.0
1718646244.8374941,0.0,22949.0
1718646244.9763324,0.0,22949.0
1718646245.1183712,92.0,22949.0
1718646245.255984,99.0,22949.0
1718646245.406952,100.0,22949.0
1718646245.5653136,100.0,22949.0
1718646245.7226048,100.0,22949.0
1718646245.9113708,100.0,22949.0
1718646246.074071,100.0,22949.0
1718646246.241922,79.0,22949.0
1718646246.4025033,79.0,22949.0
1718646246.5518591,0.0,22949.0
1718646246.7022443,0.0,22949.0
1718646246.8735828,0.0,22949.0
1718646247.0351286,0.0,22949.0
1718646247.1953397,0.0,22949.0
1718646247.4118257,0.0,22949.0
1718646247.6163037,0.0,22949.0
1718646247.791794,0.0,22949.0
1718646247.9806015,0.0,22949.0
1718646248.1738136,0.0,22949.0
1718646248.3292708,0.0,22949.0
1718646248.5001051,0.0,22949.0
1718646248.6707866,0.0,22949.0
1718646248.8106582,0.0,22949.0
1718646248.951349,0.0,22949.0
1718646249.0910008,39.0,22949.0
1718646249.2307925,100.0,22949.0
1718646249.3687594,100.0,22949.0
1718646249.508678,99.0,22949.0
1718646249.6751463,100.0,22949.0
1718646249.8356657,100.0,22949.0
1718646249.9864798,100.0,22949.0
1718646250.1511576,100.0,22949.0
1718646250.3384712,100.0,22949.0
1718646250.5081615,37.0,22949.0
1718646250.65624,0.0,22949.0
1718646250.806812,0.0,22949.0
1718646250.9649303,0.0,22949.0
1718646251.1269112,0.0,22949.0
1718646251.2857795,0.0,22949.0
1718646251.4305556,0.0,22949.0
1718646251.637231,0.0,22949.0
1718646251.8409598,0.0,22949.0
1718646252.0430589,0.0,22949.0
1718646252.2002692,0.0,22949.0
1718646252.3993177,0.0,22949.0
1718646252.5675673,0.0,22949.0
1718646252.7327032,0.0,22949.0
1718646252.8937898,0.0,22949.0
1718646253.0349238,0.0,22949.0
1718646253.1761298,0.0,22949.0
1718646253.316256,27.0,22949.0
1718646253.458516,27.0,22949.0
1718646253.5970433,100.0,22949.0
1718646253.736371,99.0,22949.0
1718646253.8901103,100.0,22949.0
1718646254.057848,100.0,22949.0
1718646254.2145429,100.0,22949.0
1718646254.3764994,100.0,22949.0
1718646254.570615,100.0,22949.0
1718646254.7207203,51.0,22949.0
1718646254.8672473,0.0,22949.0
1718646255.033392,0.0,22949.0
1718646255.1972625,0.0,22949.0
1718646255.3624647,0.0,22949.0
1718646255.5179484,0.0,22949.0
1718646255.6772292,0.0,22949.0
1718646255.881939,0.0,22949.0
1718646256.0652468,0.0,22949.0
1718646256.2649357,0.0,22949.0
1718646256.4635372,0.0,22949.0
1718646256.6263974,0.0,22949.0
1718646256.773355,0.0,22949.0
1718646256.9316492,0.0,22949.0
1718646257.0856483,0.0,22949.0
1718646257.2446911,0.0,22949.0
1718646257.3842301,0.0,22949.0
1718646257.523185,63.0,22949.0
1718646257.6639643,63.0,22949.0
1718646257.8032427,99.0,22949.0
1718646257.942726,100.0,22949.0
1718646258.0996659,100.0,22949.0
1718646258.2651398,100.0,22949.0
1718646258.4265418,100.0,22949.0
1718646258.5918517,100.0,22949.0
1718646258.7789474,100.0,22949.0
1718646258.931799,5.0,22949.0
1718646259.0766482,0.0,22949.0
1718646259.2215168,0.0,22949.0
1718646259.442415,0.0,22949.0
1718646259.6160622,0.0,22949.0
1718646259.774062,0.0,22949.0
1718646259.9530983,0.0,22949.0
1718646260.1566377,0.0,22949.0
1718646260.3598244,0.0,22949.0
1718646260.5473666,0.0,22949.0
1718646260.7481487,0.0,22949.0
1718646260.8965182,0.0,22949.0
1718646261.0757606,0.0,22949.0
1718646261.2411366,0.0,22949.0
1718646261.3829734,0.0,22949.0
1718646261.5226593,0.0,22949.0
1718646261.6635723,0.0,22949.0
1718646261.8030846,74.0,22949.0
1718646261.9412518,99.0,22949.0
1718646262.080189,99.0,22949.0
1718646262.2660687,100.0,22949.0
1718646262.4223132,100.0,22949.0
1718646262.58809,100.0,22949.0
1718646262.7552364,100.0,22949.0
1718646262.940897,94.0,22949.0
1718646263.0919785,94.0,22949.0
1718646263.259836,0.0,22949.0
1718646263.4283319,0.0,22949.0
1718646263.5777307,0.0,22949.0
1718646263.756032,0.0,22949.0
1718646263.9077096,0.0,22949.0
1718646264.112607,0.0,22949.0
1718646264.305713,0.0,22949.0
1718646264.4999874,0.0,22949.0
1718646264.688328,0.0,22949.0
1718646264.8919945,0.0,22949.0
1718646265.0568886,0.0,22949.0
1718646265.2167099,0.0,22949.0
1718646265.3748186,0.0,22949.0
1718646265.5151367,0.0,22949.0
1718646265.655099,0.0,22949.0
1718646265.7932491,7.0,22949.0
1718646265.9342132,100.0,22949.0
1718646266.0737581,100.0,22949.0
1718646266.2130885,99.0,22949.0
1718646266.383678,100.0,22949.0
1718646266.5371332,100.0,22949.0
1718646266.6963756,100.0,22949.0
1718646266.8571181,100.0,22949.0
1718646267.0165267,100.0,22949.0
1718646267.1634626,66.0,22949.0
1718646267.3316288,66.0,22949.0
1718646267.4757924,0.0,22949.0
1718646267.6339371,0.0,22949.0
1718646267.8032684,0.0,22949.0
1718646267.9700708,0.0,22949.0
1718646268.1248958,0.0,22949.0
1718646268.3349743,0.0,22949.0
1718646268.5393198,0.0,22949.0
1718646268.742746,0.0,22949.0
1718646268.9085476,0.0,22949.0
1718646269.1187704,0.0,22949.0
1718646269.2600138,0.0,22949.0
1718646269.4308019,0.0,22949.0
1718646269.5954752,0.0,22949.0
1718646269.7356143,0.0,22949.0
1718646269.8777866,0.0,22949.0
1718646270.0171075,13.0,22949.0
1718646270.1613479,100.0,22949.0
1718646270.3026166,100.0,22949.0
1718646270.458355,99.0,22949.0
1718646270.6308086,100.0,22949.0
1718646270.80041,100.0,22949.0
1718646270.9700422,100.0,22949.0
1718646271.135846,100.0,22949.0
1718646271.3027964,100.0,22949.0
1718646271.4722114,61.0,22949.0
1718646271.620431,0.0,22949.0
1718646271.7670019,0.0,22949.0
1718646271.9253857,0.0,22949.0
1718646272.1006548,0.0,22949.0
1718646272.2618017,0.0,22949.0
1718646272.464128,0.0,22949.0
1718646272.6723197,0.0,22949.0
1718646272.852073,0.0,22949.0
1718646273.0371623,0.0,22949.0
1718646273.2366695,0.0,22949.0
1718646273.3961382,0.0,22949.0
1718646273.5752625,0.0,22949.0
1718646273.7270174,0.0,22949.0
1718646273.8670392,0.0,22949.0
1718646274.0099127,0.0,22949.0
1718646274.1509655,49.0,22949.0
1718646274.291955,49.0,22949.0
1718646274.4326391,100.0,22949.0
1718646274.5751228,99.0,22949.0
1718646274.745076,100.0,22949.0
1718646274.9021518,100.0,22949.0
1718646275.0736346,100.0,22949.0
1718646275.2337086,100.0,22949.0
1718646275.4114964,100.0,22949.0
1718646275.5633538,16.0,22949.0
1718646275.7276142,16.0,22949.0
1718646275.8757336,0.0,22949.0
1718646276.0301635,0.0,22949.0
1718646276.1948843,0.0,22949.0
1718646276.3536654,0.0,22949.0
1718646276.5135653,0.0,22949.0
1718646276.7173827,0.0,22949.0
1718646276.9215078,0.0,22949.0
1718646277.123522,0.0,22949.0
1718646277.2794054,0.0,22949.0
1718646277.4807255,0.0,22949.0
1718646277.6350653,0.0,22949.0
1718646277.7965105,0.0,22949.0
1718646277.9492428,0.0,22949.0
1718646278.0877259,0.0,22949.0
1718646278.2266657,0.0,22949.0
1718646278.3645525,0.0,22949.0
1718646278.505548,47.0,22949.0
1718646278.6465654,100.0,22949.0
1718646278.7846327,100.0,22949.0
1718646278.966169,99.0,22949.0
1718646279.1345422,100.0,22949.0
1718646279.298981,100.0,22949.0
1718646279.4703693,100.0,22949.0
1718646279.6361153,100.0,22949.0
1718646279.7870905,21.0,22949.0
1718646279.9449198,21.0,22949.0
1718646280.0940413,0.0,22949.0
1718646280.2384624,0.0,22949.0
1718646280.3929114,0.0,22949.0
1718646280.5565712,0.0,22949.0
1718646280.7188032,0.0,22949.0
1718646280.923282,0.0,22949.0
1718646281.1284645,0.0,22949.0
1718646281.3432014,0.0,22949.0
1718646281.49977,0.0,22949.0
1718646281.7008805,0.0,22949.0
1718646281.852245,0.0,22949.0
1718646282.0274024,0.0,22949.0
1718646282.1976433,0.0,22949.0
1718646282.3375075,0.0,22949.0
1718646282.4772353,0.0,22949.0
1718646282.6174169,0.0,22949.0
1718646282.7587616,44.0,22949.0
1718646282.8994992,100.0,22949.0
1718646283.042347,99.0,22949.0
1718646283.22529,100.0,22949.0
1718646283.388427,100.0,22949.0
1718646283.5496113,100.0,22949.0
1718646283.712553,100.0,22949.0
1718646283.876237,100.0,22949.0
1718646284.0291855,100.0,22949.0
1718646284.193591,0.0,22949.0
1718646284.342598,0.0,22949.0
1718646284.5253005,0.0,22949.0
1718646284.6881793,0.0,22949.0
1718646284.8548849,0.0,22949.0
1718646285.000169,0.0,22949.0
1718646285.2046957,0.0,22949.0
1718646285.400972,0.0,22949.0
1718646285.5875537,0.0,22949.0
1718646285.7482796,0.0,22949.0
1718646285.9478214,0.0,22949.0
1718646286.1220596,0.0,22949.0
1718646286.291,0.0,22949.0
1718646286.4449682,0.0,22949.0
1718646286.584212,0.0,22949.0
1718646286.7246616,0.0,22949.0
1718646286.8620605,54.0,22949.0
1718646287.00191,54.0,22949.0
1718646287.1430774,100.0,22949.0
1718646287.323611,98.0,22949.0
1718646287.502316,100.0,22949.0
1718646287.665319,100.0,22949.0
1718646287.8266668,100.0,22949.0
1718646287.9912546,100.0,22949.0
1718646288.138391,100.0,22949.0
1718646288.3066485,12.0,22949.0
1718646288.4478443,12.0,22949.0
1718646288.5947402,0.0,22949.0
1718646288.7550118,0.0,22949.0
1718646288.9209065,0.0,22949.0
1718646289.077255,0.0,22949.0
1718646289.2833078,0.0,22949.0
1718646289.4918432,0.0,22949.0
1718646289.656695,0.0,22949.0
1718646289.844183,0.0,22949.0
1718646290.0322819,0.0,22949.0
1718646290.2119837,0.0,22949.0
1718646290.3815696,0.0,22949.0
1718646290.5415518,0.0,22949.0
1718646290.6812222,0.0,22949.0
1718646290.821928,3.0,22949.0
1718646290.9603367,3.0,22949.0
1718646291.100841,100.0,22949.0
1718646291.2412395,99.0,22949.0
1718646291.3816624,99.0,22949.0
1718646291.5465446,100.0,22949.0
1718646291.706034,100.0,22949.0
1718646291.8686256,100.0,22949.0
1718646292.0304942,100.0,22949.0
1718646292.2442298,68.0,22949.0
1718646292.424043,68.0,22949.0
1718646292.5728345,0.0,22949.0
1718646292.7281744,0.0,22949.0
1718646292.8868222,0.0,22949.0
1718646293.0421703,0.0,22949.0
1718646293.207316,0.0,22949.0
1718646293.423699,0.0,22949.0
1718646293.6283286,0.0,22949.0
1718646293.8356214,0.0,22949.0
1718646294.0051434,0.0,22949.0
1718646294.1967618,0.0,22949.0
1718646294.3577724,0.0,22949.0
1718646294.524522,0.0,22949.0
1718646294.6925585,0.0,22949.0
1718646294.830778,0.0,22949.0
1718646294.973286,0.0,22949.0
1718646295.1140306,22.0,22949.0
1718646295.2545593,22.0,22949.0
1718646295.3955414,100.0,22949.0
1718646295.5354154,99.0,22949.0
1718646295.6981425,100.0,22949.0
1718646295.872008,100.0,22949.0
1718646296.026182,100.0,22949.0
1718646296.1978195,100.0,22949.0
1718646296.4305227,52.0,22949.0
1718646296.613638,52.0,22949.0
1718646296.7625537,0.0,22949.0
1718646296.9127798,0.0,22949.0
1718646297.0784764,0.0,22949.0
1718646297.2310874,0.0,22949.0
1718646297.3846316,0.0,22949.0
1718646297.5914247,0.0,22949.0
1718646297.7957253,0.0,22949.0
1718646297.9999619,0.0,22949.0
1718646298.1636653,0.0,22949.0
1718646298.351662,0.0,22949.0
1718646298.5177069,0.0,22949.0
1718646298.6838496,0.0,22949.0
1718646298.85063,0.0,22949.0
1718646298.9906745,0.0,22949.0
1718646299.129774,0.0,22949.0
1718646299.2698894,0.0,22949.0
1718646299.4126184,59.0,22949.0
1718646299.5539227,99.0,22949.0
1718646299.6998436,100.0,22949.0
1718646299.8758488,100.0,22949.0
1718646300.0327218,100.0,22949.0
1718646300.191428,100.0,22949.0
1718646300.3562448,100.0,22949.0
1718646300.544454,100.0,22949.0
1718646300.6907723,100.0,22949.0
1718646300.8509858,9.0,22949.0
1718646301.0080554,0.0,22949.0
1718646301.1923106,0.0,22949.0
1718646301.346273,0.0,22949.0
1718646301.514894,0.0,22949.0
1718646301.6717746,0.0,22949.0
1718646301.8747208,0.0,22949.0
1718646302.0316079,0.0,22949.0
1718646302.2402532,0.0,22949.0
1718646302.4174273,0.0,22949.0
1718646302.59753,0.0,22949.0
1718646302.7523065,0.0,22949.0
1718646302.9157267,0.0,22949.0
1718646303.0674984,0.0,22949.0
1718646303.2104611,0.0,22949.0
1718646303.349783,0.0,22949.0
1718646303.4896483,0.0,22949.0
1718646303.6296222,89.0,22949.0
1718646303.7684214,97.0,22949.0
1718646303.9276154,100.0,22949.0
1718646304.0842037,100.0,22949.0
1718646304.2384956,100.0,22949.0
1718646304.4106278,100.0,22949.0
1718646304.5681179,100.0,22949.0
1718646304.729337,83.0,22949.0
1718646304.8916872,83.0,22949.0
1718646305.040329,0.0,22949.0
1718646305.1902812,0.0,22949.0
1718646305.3538113,0.0,22949.0
1718646305.5124552,0.0,22949.0
1718646305.6611469,0.0,22949.0
1718646305.865944,0.0,22949.0
1718646306.0671887,0.0,22949.0
1718646306.2386715,0.0,22949.0
1718646306.416673,0.0,22949.0
1718646306.5908408,0.0,22949.0
1718646306.763992,0.0,22949.0
1718646306.9353359,0.0,22949.0
1718646307.0868235,0.0,22949.0
1718646307.231419,0.0,22949.0
1718646307.371649,0.0,22949.0
1718646307.5125883,57.0,22949.0
1718646307.654179,57.0,22949.0
1718646307.793369,99.0,22949.0
1718646307.9320164,100.0,22949.0
1718646308.0988255,100.0,22949.0
1718646308.25804,100.0,22949.0
1718646308.4171584,100.0,22949.0
1718646308.5843668,100.0,22949.0
1718646308.7515607,100.0,22949.0
1718646308.9017608,100.0,22949.0
1718646309.0752022,9.0,22949.0
1718646309.3078437,0.0,22949.0
1718646309.458592,0.0,22949.0
1718646309.6406138,0.0,22949.0
1718646309.8208177,0.0,22949.0
1718646310.020357,0.0,22949.0
1718646310.2122748,0.0,22949.0
1718646310.4319298,0.0,22949.0
1718646310.6020656,0.0,22949.0
1718646310.8049464,0.0,22949.0
1718646310.9702077,0.0,22949.0
1718646311.122144,0.0,22949.0
1718646311.2774813,0.0,22949.0
1718646311.4177248,0.0,22949.0
1718646311.5586097,0.0,22949.0
1718646311.69719,0.0,22949.0
1718646311.8386314,72.0,22949.0
1718646311.979505,99.0,22949.0
1718646312.1193814,99.0,22949.0
1718646312.3191793,100.0,22949.0
1718646312.4787772,100.0,22949.0
1718646312.6417751,100.0,22949.0
1718646312.8038538,100.0,22949.0
1718646312.9856446,95.0,22949.0
1718646313.1545923,0.0,22949.0
1718646313.3005924,0.0,22949.0
1718646313.5260742,0.0,22949.0
1718646313.673505,0.0,22949.0
1718646313.8345463,0.0,22949.0
1718646313.9892297,0.0,22949.0
1718646314.1966317,0.0,22949.0
1718646314.3967144,0.0,22949.0
1718646314.6004922,0.0,22949.0
1718646314.780777,0.0,22949.0
1718646314.97985,0.0,22949.0
1718646315.132257,0.0,22949.0
1718646315.294876,0.0,22949.0
1718646315.4482124,0.0,22949.0
1718646315.5903084,0.0,22949.0
1718646315.730125,0.0,22949.0
1718646315.8706663,25.0,22949.0
1718646316.0111115,100.0,22949.0
1718646316.1504853,100.0,22949.0
1718646316.2915452,99.0,22949.0
1718646316.4622514,100.0,22949.0
1718646316.6155884,100.0,22949.0
1718646316.7645824,100.0,22949.0
1718646316.927472,100.0,22949.0
1718646317.139861,52.0,22949.0
1718646317.309669,52.0,22949.0
1718646317.4594638,0.0,22949.0
1718646317.6092885,0.0,22949.0
1718646317.7725322,0.0,22949.0
1718646317.9470563,0.0,22949.0
1718646318.1220973,0.0,22949.0
1718646318.3198297,0.0,22949.0
1718646318.5354104,0.0,22949.0
1718646318.7348635,0.0,22949.0
1718646318.9096382,0.0,22949.0
1718646319.1212413,0.0,22949.0
1718646319.274331,0.0,22949.0
1718646319.441382,0.0,22949.0
1718646319.6063318,0.0,22949.0
1718646319.7458053,0.0,22949.0
1718646319.8871214,0.0,22949.0
1718646320.0275884,37.0,22949.0
1718646320.1677363,37.0,22949.0
1718646320.3079734,100.0,22949.0
1718646320.4503808,99.0,22949.0
1718646320.618009,100.0,22949.0
1718646320.7979927,100.0,22949.0
1718646320.9672894,100.0,22949.0
1718646321.133728,100.0,22949.0
1718646321.3395622,100.0,22949.0
1718646321.509556,40.0,22949.0
1718646321.6578774,0.0,22949.0
1718646321.821796,0.0,22949.0
1718646321.9712343,0.0,22949.0
1718646322.147192,0.0,22949.0
1718646322.3011618,0.0,22949.0
1718646322.5182583,0.0,22949.0
1718646322.7243483,0.0,22949.0
1718646322.9280798,0.0,22949.0
1718646323.093119,0.0,22949.0
1718646323.284272,0.0,22949.0
1718646323.4381726,0.0,22949.0
1718646323.6068337,0.0,22949.0
1718646323.7737582,0.0,22949.0
1718646323.9164662,0.0,22949.0
1718646324.056105,0.0,22949.0
1718646324.1976697,0.0,22949.0
1718646324.339526,62.0,22949.0
1718646324.4800174,99.0,22949.0
1718646324.6187756,99.0,22949.0
1718646324.7898514,100.0,22949.0
1718646324.9565783,100.0,22949.0
1718646325.110249,100.0,22949.0
1718646325.2701774,100.0,22949.0
1718646325.4388237,100.0,22949.0
1718646325.5912275,5.0,22949.0
1718646325.759156,5.0,22949.0
1718646325.9378936,0.0,22949.0
1718646326.1105478,0.0,22949.0
1718646326.2819307,0.0,22949.0
1718646326.4444425,0.0,22949.0
1718646326.59352,0.0,22949.0
1718646326.7721357,0.0,22949.0
1718646326.9702241,0.0,22949.0
1718646327.1585639,0.0,22949.0
1718646327.3203685,0.0,22949.0
1718646327.5193326,0.0,22949.0
1718646327.6617606,0.0,22949.0
1718646327.8281503,0.0,22949.0
1718646327.9781566,0.0,22949.0
1718646328.1171713,0.0,22949.0
1718646328.2571185,0.0,22949.0
1718646328.397051,0.0,22949.0
1718646328.5367227,71.0,22949.0
1718646328.6752555,99.0,22949.0
1718646328.8149564,99.0,22949.0
1718646329.0023675,100.0,22949.0
1718646329.1840153,100.0,22949.0
1718646329.3417006,100.0,22949.0
1718646329.513183,100.0,22949.0
1718646329.6925118,97.0,22949.0
1718646329.8623543,97.0,22949.0
1718646330.0116396,0.0,22949.0
1718646330.1578963,0.0,22949.0
1718646330.3137355,0.0,22949.0
1718646330.4802806,0.0,22949.0
1718646330.6452878,0.0,22949.0
1718646330.848251,0.0,22949.0
1718646331.0417063,0.0,22949.0
1718646331.234754,0.0,22949.0
1718646331.4321923,0.0,22949.0
1718646331.596899,0.0,22949.0
1718646331.7814846,0.0,22949.0
1718646331.9517145,0.0,22949.0
1718646332.1481628,0.0,22949.0
1718646332.29054,0.0,22949.0
1718646332.429467,0.0,22949.0
1718646332.5682716,19.0,22949.0
1718646332.710854,100.0,22949.0
1718646332.8492203,100.0,22949.0
1718646332.9916294,99.0,22949.0
1718646333.1583927,100.0,22949.0
1718646333.3151374,100.0,22949.0
1718646333.4823673,100.0,22949.0
1718646333.6508362,100.0,22949.0
1718646333.8407195,100.0,22949.0
1718646334.0145347,56.0,22949.0
1718646334.1620612,0.0,22949.0
1718646334.3140788,0.0,22949.0
1718646334.489041,0.0,22949.0
1718646334.6451256,0.0,22949.0
1718646334.7956436,0.0,22949.0
1718646335.0000672,0.0,22949.0
1718646335.2129083,0.0,22949.0
1718646335.4246495,0.0,22949.0
1718646335.5805395,0.0,22949.0
1718646335.783898,0.0,22949.0
1718646335.9388332,0.0,22949.0
1718646336.1081493,0.0,22949.0
1718646336.2604306,0.0,22949.0
1718646336.404502,0.0,22949.0
1718646336.5479295,0.0,22949.0
1718646336.6930506,47.0,22949.0
1718646336.8391974,47.0,22949.0
1718646336.9890482,100.0,22949.0
1718646337.1406348,99.0,22949.0
1718646337.3188276,100.0,22949.0
1718646337.4850225,100.0,22949.0
1718646337.654472,100.0,22949.0
1718646337.8086338,100.0,22949.0
1718646338.0441933,100.0,22949.0
1718646338.2252123,19.0,22949.0
1718646338.372288,0.0,22949.0
1718646338.52368,0.0,22949.0
1718646338.6874292,0.0,22949.0
1718646338.8408935,0.0,22949.0
1718646338.986568,0.0,22949.0
1718646339.1711586,0.0,22949.0
1718646339.3696716,0.0,22949.0
1718646339.5730295,0.0,22949.0
1718646339.7291389,0.0,22949.0
1718646339.92067,0.0,22949.0
1718646340.070319,0.0,22949.0
1718646340.2325397,0.0,22949.0
1718646340.398784,0.0,22949.0
1718646340.5405593,0.0,22949.0
1718646340.6802647,0.0,22949.0
1718646340.8205228,7.0,22949.0
1718646340.962068,100.0,22949.0
1718646341.100686,100.0,22949.0
1718646341.243677,99.0,22949.0
1718646341.421357,100.0,22949.0
1718646341.5761423,100.0,22949.0
1718646341.7267625,100.0,22949.0
1718646341.8911538,100.0,22949.0
1718646342.0754304,66.0,22949.0
1718646342.243692,66.0,22949.0
1718646342.4005816,0.0,22949.0
1718646342.562649,0.0,22949.0
1718646342.7195227,0.0,22949.0
1718646342.8951774,0.0,22949.0
1718646343.053807,0.0,22949.0
1718646343.222633,0.0,22949.0
1718646343.4230907,0.0,22949.0
1718646343.5811017,0.0,22949.0
1718646343.7873769,0.0,22949.0
1718646343.9882314,0.0,22949.0
1718646344.156685,0.0,22949.0
1718646344.3225744,0.0,22949.0
1718646344.4766533,0.0,22949.0
1718646344.626739,0.0,22949.0
1718646344.7669086,0.0,22949.0
1718646344.9059966,0.0,22949.0
1718646345.0457006,9.0,22949.0
1718646345.1857533,100.0,22949.0
1718646345.3267698,100.0,22949.0
1718646345.489563,99.0,22949.0
1718646345.6448047,100.0,22949.0
1718646345.8110168,100.0,22949.0
1718646345.9691756,100.0,22949.0
1718646346.148654,100.0,22949.0
1718646346.3191268,100.0,22949.0
1718646346.477826,65.0,22949.0
1718646346.6163437,0.0,22949.0
1718646346.7642772,0.0,22949.0
1718646346.9375443,0.0,22949.0
1718646347.09777,0.0,22949.0
1718646347.256915,0.0,22949.0
1718646347.4632564,0.0,22949.0
1718646347.6633978,0.0,22949.0
1718646347.8650153,0.0,22949.0
1718646348.0313532,0.0,22949.0
1718646348.2196822,0.0,22949.0
1718646348.3866196,0.0,22949.0
1718646348.5603938,0.0,22949.0
1718646348.727908,0.0,22949.0
1718646348.867225,0.0,22949.0
1718646349.0073159,0.0,22949.0
1718646349.1551273,57.0,22949.0
1718646349.296621,57.0,22949.0
1718646349.4366806,99.0,22949.0
1718646349.576061,100.0,22949.0
1718646349.745913,100.0,22949.0
1718646349.9066198,100.0,22949.0
1718646350.0791626,100.0,22949.0
1718646350.242398,100.0,22949.0
1718646350.4280035,100.0,22949.0
1718646350.5722728,100.0,22949.0
1718646350.7355726,0.0,22949.0
1718646350.886685,0.0,22949.0
1718646351.066318,0.0,22949.0
1718646351.2314918,0.0,22949.0
1718646351.3885584,0.0,22949.0
1718646351.5605052,0.0,22949.0
1718646351.7635033,0.0,22949.0
1718646351.9170296,0.0,22949.0
1718646352.134612,0.0,22949.0
1718646352.2799416,0.0,22949.0
1718646352.4760838,0.0,22949.0
1718646352.6166859,0.0,22949.0
1718646352.7764444,0.0,22949.0
1718646352.9267745,0.0,22949.0
1718646353.0721686,0.0,22949.0
1718646353.2127826,0.0,22949.0
1718646353.3524725,0.0,22949.0
1718646353.4921107,62.0,22949.0
1718646353.6309557,99.0,22949.0
1718646353.7708135,99.0,22949.0
1718646353.9537804,100.0,22949.0
1718646354.1215189,100.0,22949.0
1718646354.2857504,100.0,22949.0
1718646354.4541452,100.0,22949.0
1718646354.6090708,100.0,22949.0
1718646354.7831614,4.0,22949.0
1718646354.92856,4.0,22949.0
1718646355.0852065,0.0,22949.0
1718646355.2568,0.0,22949.0
1718646355.411873,0.0,22949.0
1718646355.5761144,0.0,22949.0
1718646355.7561786,0.0,22949.0
1718646355.961108,0.0,22949.0
1718646356.138746,0.0,22949.0
1718646356.3396428,0.0,22949.0
1718646356.5181675,0.0,22949.0
1718646356.7054312,0.0,22949.0
1718646356.892703,0.0,22949.0
1718646357.052477,0.0,22949.0
1718646357.1911469,0.0,22949.0
1718646357.331897,0.0,22949.0
1718646357.471554,25.0,22949.0
1718646357.6120265,25.0,22949.0
1718646357.7509124,100.0,22949.0
1718646357.8910892,99.0,22949.0
1718646358.0453908,100.0,22949.0
1718646358.2046685,100.0,22949.0
1718646358.366366,100.0,22949.0
1718646358.537361,100.0,22949.0
1718646358.6916149,100.0,22949.0
1718646358.841972,53.0,22949.0
1718646359.0050137,0.0,22949.0
1718646359.162278,0.0,22949.0
1718646359.3324673,0.0,22949.0
1718646359.4840782,0.0,22949.0
1718646359.6513195,0.0,22949.0
1718646359.798315,0.0,22949.0
1718646359.9984658,0.0,22949.0
1718646360.1992147,0.0,22949.0
1718646360.3875458,0.0,22949.0
1718646360.5440767,0.0,22949.0
1718646360.7437851,0.0,22949.0
1718646360.893991,0.0,22949.0
1718646361.0444367,0.0,22949.0
1718646361.1992047,0.0,22949.0
1718646361.3387144,0.0,22949.0
1718646361.4777462,0.0,22949.0
1718646361.6164353,35.0,22949.0
1718646361.75793,35.0,22949.0
1718646361.898444,100.0,22949.0
1718646362.0386775,99.0,22949.0
1718646362.1961102,99.0,22949.0
1718646362.355761,100.0,22949.0
1718646362.5201085,100.0,22949.0
1718646362.6844254,100.0,22949.0
1718646362.8642595,100.0,22949.0
1718646363.0035398,100.0,22949.0
1718646363.1759634,41.0,22949.0
1718646363.323849,0.0,22949.0
1718646363.4765744,0.0,22949.0
1718646363.6294448,0.0,22949.0
1718646363.804888,0.0,22949.0
1718646363.9674618,0.0,22949.0
1718646364.168999,0.0,22949.0
1718646364.3607566,0.0,22949.0
1718646364.5590916,0.0,22949.0
1718646364.7561069,0.0,22949.0
1718646364.9437864,0.0,22949.0
1718646365.1158564,0.0,22949.0
1718646365.2798462,0.0,22949.0
1718646365.449693,0.0,22949.0
1718646365.5891514,0.0,22949.0
1718646365.7297356,0.0,22949.0
1718646365.8689797,46.0,22949.0
1718646366.0120888,46.0,22949.0
1718646366.1517558,100.0,22949.0
1718646366.2918003,99.0,22949.0
1718646366.4600623,100.0,22949.0
1718646366.6271322,100.0,22949.0
1718646366.7944925,100.0,22949.0
1718646366.9648912,100.0,22949.0
1718646367.147093,100.0,22949.0
1718646367.3181882,23.0,22949.0
1718646367.4614434,0.0,22949.0
1718646367.6177344,0.0,22949.0
1718646367.7732537,0.0,22949.0
1718646367.937715,0.0,22949.0
1718646368.1010387,0.0,22949.0
1718646368.304942,0.0,22949.0
1718646368.4965565,0.0,22949.0
1718646368.7014437,0.0,22949.0
1718646368.8861902,0.0,22949.0
1718646369.0789454,0.0,22949.0
1718646369.265348,0.0,22949.0
1718646369.4383497,0.0,22949.0
1718646369.5918736,0.0,22949.0
1718646369.7309246,0.0,22949.0
1718646369.8707476,0.0,22949.0
1718646370.0129695,0.0,22949.0
1718646370.1536186,73.0,22949.0
1718646370.291759,99.0,22949.0
1718646370.4308727,100.0,22949.0
1718646370.5987358,100.0,22949.0
1718646370.7589998,100.0,22949.0
1718646370.924727,100.0,22949.0
1718646371.0889497,100.0,22949.0
1718646371.2903144,95.0,22949.0
1718646371.454598,0.0,22949.0
1718646371.607722,0.0,22949.0
1718646371.754885,0.0,22949.0
1718646371.9049387,0.0,22949.0
1718646372.0623143,0.0,22949.0
1718646372.2162414,0.0,22949.0
1718646372.3923666,0.0,22949.0
1718646372.6118393,0.0,22949.0
1718646372.782444,0.0,22949.0
1718646372.9813194,0.0,22949.0
1718646373.1441188,0.0,22949.0
1718646373.3108413,0.0,22949.0
1718646373.4572246,0.0,22949.0
1718646373.6262014,0.0,22949.0
1718646373.7872224,0.0,22949.0
1718646373.9275792,0.0,22949.0
1718646374.0673351,0.0,22949.0
1718646374.2085748,7.0,22949.0
1718646374.3517244,100.0,22949.0
1718646374.4917345,99.0,22949.0
1718646374.6312408,100.0,22949.0
1718646374.793408,100.0,22949.0
1718646374.9671524,100.0,22949.0
1718646375.1274972,100.0,22949.0
1718646375.298627,100.0,22949.0
1718646375.4874995,66.0,22949.0
1718646375.6532798,0.0,22949.0
1718646375.8020508,0.0,22949.0
1718646375.9494212,0.0,22949.0
1718646376.1233103,0.0,22949.0
1718646376.2828948,0.0,22949.0
1718646376.4465716,0.0,22949.0
1718646376.6283937,0.0,22949.0
1718646376.8329651,0.0,22949.0
1718646377.036402,0.0,22949.0
1718646377.2218924,0.0,22949.0
1718646377.4042861,0.0,22949.0
1718646377.5798051,0.0,22949.0
1718646377.755799,0.0,22949.0
1718646377.9240198,0.0,22949.0
1718646378.0673,0.0,22949.0
1718646378.2071924,0.0,22949.0
1718646378.3470542,33.0,22949.0
1718646378.4867363,33.0,22949.0
1718646378.6259181,100.0,22949.0
1718646378.7821412,99.0,22949.0
1718646378.9443696,100.0,22949.0
1718646379.1153953,100.0,22949.0
1718646379.2687552,100.0,22949.0
1718646379.427851,100.0,22949.0
1718646379.5907547,100.0,22949.0
1718646379.7611024,43.0,22949.0
1718646379.9136257,0.0,22949.0
1718646380.0664966,0.0,22949.0
1718646380.221775,0.0,22949.0
1718646380.3923852,0.0,22949.0
1718646380.549178,0.0,22949.0
1718646380.7522078,0.0,22949.0
1718646380.9631941,0.0,22949.0
1718646381.1809301,0.0,22949.0
1718646381.3633056,0.0,22949.0
1718646381.5638976,0.0,22949.0
1718646381.7136831,0.0,22949.0
1718646381.8803966,0.0,22949.0
1718646382.0396743,0.0,22949.0
1718646382.181171,0.0,22949.0
1718646382.3217952,0.0,22949.0
1718646382.4603891,0.0,22949.0
1718646382.6034365,100.0,22949.0
1718646382.741531,99.0,22949.0
1718646382.8817856,99.0,22949.0
1718646383.0503037,100.0,22949.0
1718646383.2164292,100.0,22949.0
1718646383.3832223,100.0,22949.0
1718646383.5475914,100.0,22949.0
1718646383.7254257,71.0,22949.0
1718646383.897088,71.0,22949.0
1718646384.0453887,0.0,22949.0
1718646384.201035,0.0,22949.0
1718646384.3549292,0.0,22949.0
1718646384.5197701,0.0,22949.0
1718646384.6716022,0.0,22949.0
1718646384.8476408,0.0,22949.0
1718646385.0514421,0.0,22949.0
1718646385.2265,0.0,22949.0
1718646385.42333,0.0,22949.0
1718646385.6271267,0.0,22949.0
1718646385.8070655,0.0,22949.0
1718646385.9557762,0.0,22949.0
1718646386.1117835,0.0,22949.0
1718646386.2578661,0.0,22949.0
1718646386.3985991,0.0,22949.0
1718646386.5373275,16.0,22949.0
1718646386.6757565,16.0,22949.0
1718646386.8166816,100.0,22949.0
1718646386.9566655,99.0,22949.0
1718646387.1411104,100.0,22949.0
1718646387.314637,100.0,22949.0
1718646387.4745123,100.0,22949.0
1718646387.6363182,100.0,22949.0
1718646387.806981,100.0,22949.0
1718646387.9527957,58.0,22949.0
1718646388.1160462,58.0,22949.0
1718646388.2773094,0.0,22949.0
1718646388.4372902,0.0,22949.0
1718646388.6053066,0.0,22949.0
1718646388.778302,0.0,22949.0
1718646388.9444013,0.0,22949.0
1718646389.1510377,0.0,22949.0
1718646389.30842,0.0,22949.0
1718646389.513015,0.0,22949.0
1718646389.7178235,0.0,22949.0
1718646389.8816562,0.0,22949.0
1718646390.0323493,0.0,22949.0
1718646390.2016017,0.0,22949.0
1718646390.3482811,0.0,22949.0
1718646390.487872,0.0,22949.0
1718646390.6262748,0.0,22949.0
1718646390.7658765,78.0,22949.0
1718646390.9065683,78.0,22949.0
1718646391.0439887,99.0,22949.0
1718646391.195075,100.0,22949.0
1718646391.359959,100.0,22949.0
1718646391.518768,100.0,22949.0
1718646391.6713984,100.0,22949.0
1718646391.8378158,100.0,22949.0
1718646392.0350454,92.0,22949.0
1718646392.2061481,0.0,22949.0
1718646392.349379,0.0,22949.0
1718646392.4993894,0.0,22949.0
1718646392.6561744,0.0,22949.0
1718646392.8138256,0.0,22949.0
1718646392.9808776,0.0,22949.0
1718646393.1797962,0.0,22949.0
1718646393.38627,0.0,22949.0
1718646393.6036325,0.0,22949.0
1718646393.7580092,0.0,22949.0
1718646393.961332,0.0,22949.0
1718646394.1251965,0.0,22949.0
1718646394.2956662,0.0,22949.0
1718646394.4698699,0.0,22949.0
1718646394.608153,0.0,22949.0
1718646394.747896,0.0,22949.0
1718646394.8863947,9.0,22949.0
1718646395.0304804,100.0,22949.0
1718646395.1697779,100.0,22949.0
1718646395.3424904,99.0,22949.0
1718646395.4994178,100.0,22949.0
1718646395.6736674,100.0,22949.0
1718646395.8301399,100.0,22949.0
1718646395.995408,100.0,22949.0
1718646396.1430957,64.0,22949.0
1718646396.296837,64.0,22949.0
1718646396.4448,0.0,22949.0
1718646396.596436,0.0,22949.0
1718646396.7503152,0.0,22949.0
1718646396.9377408,0.0,22949.0
1718646397.0937543,0.0,22949.0
1718646397.270901,0.0,22949.0
1718646397.4685946,0.0,22949.0
1718646397.6650865,0.0,22949.0
1718646397.8641698,0.0,22949.0
1718646398.0686073,0.0,22949.0
1718646398.224593,0.0,22949.0
1718646398.384346,0.0,22949.0
1718646398.5384874,0.0,22949.0
1718646398.6770422,0.0,22949.0
1718646398.8174217,0.0,22949.0
1718646398.957073,0.0,22949.0
1718646399.0987399,64.0,22949.0
1718646399.2402437,99.0,22949.0
1718646399.3805208,99.0,22949.0
1718646399.53244,100.0,22949.0
1718646399.6895876,100.0,22949.0
1718646399.8531013,100.0,22949.0
1718646400.0096855,100.0,22949.0
1718646400.191855,100.0,22949.0
1718646400.3405223,4.0,22949.0
1718646400.5007985,4.0,22949.0
1718646400.6709166,0.0,22949.0
1718646400.8477032,0.0,22949.0
1718646401.0094438,0.0,22949.0
1718646401.175317,0.0,22949.0
1718646401.3240786,0.0,22949.0
1718646401.527063,0.0,22949.0
1718646401.7080157,0.0,22949.0
1718646401.8838336,0.0,22949.0
1718646402.037144,0.0,22949.0
1718646402.2526486,0.0,22949.0
1718646402.4018714,0.0,22949.0
1718646402.567854,0.0,22949.0
1718646402.7487354,0.0,22949.0
1718646402.8866713,0.0,22949.0
1718646403.0264697,0.0,22949.0
1718646403.16513,0.0,22949.0
1718646403.3056126,75.0,22949.0
1718646403.4433775,99.0,22949.0
1718646403.5956414,100.0,22949.0
1718646403.7628584,100.0,22949.0
1718646403.9357784,100.0,22949.0
1718646404.111813,100.0,22949.0
1718646404.2802591,100.0,22949.0
1718646404.465912,93.0,22949.0
1718646404.637417,0.0,22949.0
1718646404.7846746,0.0,22949.0
1718646404.9387288,0.0,22949.0
1718646405.0928912,0.0,22949.0
1718646405.2677662,0.0,22949.0
1718646405.4299278,0.0,22949.0
1718646405.6349325,0.0,22949.0
1718646405.8280442,0.0,22949.0
1718646406.0269988,0.0,22949.0
1718646406.214709,0.0,22949.0
1718646406.4228983,0.0,22949.0
1718646406.5824757,0.0,22949.0
1718646406.74947,0.0,22949.0
1718646406.908537,0.0,22949.0
1718646407.0477967,0.0,22949.0
1718646407.1893404,0.0,22949.0
1718646407.3287647,0.0,22949.0
1718646407.4690733,97.0,22949.0
1718646407.6095626,99.0,22949.0
1718646407.7497158,99.0,22949.0
1718646407.907242,100.0,22949.0
1718646408.0700834,100.0,22949.0
1718646408.2405834,100.0,22949.0
1718646408.4040933,100.0,22949.0
1718646408.5724177,100.0,22949.0
1718646408.7175434,73.0,22949.0
1718646408.8878496,0.0,22949.0
1718646409.0455213,0.0,22949.0
1718646409.221456,0.0,22949.0
1718646409.3927002,0.0,22949.0
1718646409.554358,0.0,22949.0
1718646409.728633,0.0,22949.0
1718646409.933919,0.0,22949.0
1718646410.0934176,0.0,22949.0
1718646410.2919927,0.0,22949.0
1718646410.4675095,0.0,22949.0
1718646410.643982,0.0,22949.0
1718646410.8124738,0.0,22949.0
1718646410.9808698,0.0,22949.0
1718646411.1303356,0.0,22949.0
1718646411.269318,0.0,22949.0
1718646411.4095783,0.0,22949.0
1718646411.5491152,26.0,22949.0
1718646411.6900787,26.0,22949.0
1718646411.8409407,99.0,22949.0
1718646412.0313945,100.0,22949.0
1718646412.1946082,100.0,22949.0
1718646412.3696327,100.0,22949.0
1718646412.5473256,100.0,22949.0
1718646412.722429,100.0,22949.0
1718646412.8966768,49.0,22949.0
1718646413.0424197,0.0,22949.0
1718646413.201931,0.0,22949.0
1718646413.3724802,0.0,22949.0
1718646413.5269072,0.0,22949.0
1718646413.7060666,0.0,22949.0
1718646413.8917806,0.0,22949.0
1718646414.0846715,0.0,22949.0
1718646414.287824,0.0,22949.0
1718646414.477547,0.0,22949.0
1718646414.6548822,0.0,22949.0
1718646414.8078532,0.0,22949.0
1718646414.9733772,0.0,22949.0
1718646415.1321929,0.0,22949.0
1718646415.273486,0.0,22949.0
1718646415.4133337,0.0,22949.0
1718646415.551429,0.0,22949.0
1718646415.69205,92.0,22949.0
1718646415.8320227,92.0,22949.0
1718646415.9727156,99.0,22949.0
1718646416.144084,100.0,22949.0
1718646416.305496,100.0,22949.0
1718646416.450698,100.0,22949.0
1718646416.613594,100.0,22949.0
1718646416.7738438,100.0,22949.0
1718646416.9495387,79.0,22949.0
1718646417.0940874,0.0,22949.0
1718646417.2506812,0.0,22949.0
1718646417.4172647,0.0,22949.0
1718646417.5887241,0.0,22949.0
1718646417.7621844,0.0,22949.0
1718646417.9247222,0.0,22949.0
1718646418.1157904,0.0,22949.0
1718646418.3352048,0.0,22949.0
1718646418.535777,0.0,22949.0
1718646418.7356927,0.0,22949.0
1718646418.9350646,0.0,22949.0
1718646419.0959866,0.0,22949.0
1718646419.253897,0.0,22949.0
1718646419.4047537,0.0,22949.0
1718646419.5443745,0.0,22949.0
1718646419.6845021,0.0,22949.0
1718646419.8243034,0.0,22949.0
1718646419.9658813,68.0,22949.0
1718646420.1072586,99.0,22949.0
1718646420.2463596,99.0,22949.0
1718646420.4105122,100.0,22949.0
1718646420.5663507,100.0,22949.0
1718646420.7183864,100.0,22949.0
1718646420.9012575,100.0,22949.0
1718646421.0816789,100.0,22949.0
1718646421.2254126,0.0,22949.0
1718646421.3933322,0.0,22949.0
1718646421.5561354,0.0,22949.0
1718646421.7208533,0.0,22949.0
1718646421.8834186,0.0,22949.0
1718646422.040756,0.0,22949.0
1718646422.1869125,0.0,22949.0
1718646422.4007366,0.0,22949.0
1718646422.5699499,0.0,22949.0
1718646422.7471561,0.0,22949.0
1718646422.9010751,0.0,22949.0
1718646423.1175194,0.0,22949.0
1718646423.2678492,0.0,22949.0
1718646423.4314153,0.0,22949.0
1718646423.6111608,0.0,22949.0
1718646423.750575,0.0,22949.0
1718646423.8899338,0.0,22949.0
1718646424.0296338,0.0,22949.0
1718646424.171774,97.0,22949.0
1718646424.3136487,99.0,22949.0
1718646424.4544134,99.0,22949.0
1718646424.6229796,100.0,22949.0
1718646424.7920218,100.0,22949.0
1718646424.9481874,100.0,22949.0
1718646425.111539,100.0,22949.0
1718646425.3112435,73.0,22949.0
1718646425.4918115,73.0,22949.0
1718646425.6353366,0.0,22949.0
1718646425.7927449,0.0,22949.0
1718646425.9499223,0.0,22949.0
1718646426.111242,0.0,22949.0
1718646426.274099,0.0,22949.0
1718646426.4512866,0.0,22949.0
1718646426.656096,0.0,22949.0
1718646426.8313856,0.0,22949.0
1718646427.0320287,0.0,22949.0
1718646427.2103298,0.0,22949.0
1718646427.3566272,0.0,22949.0
1718646427.5023248,0.0,22949.0
1718646427.669363,0.0,22949.0
1718646427.8266292,0.0,22949.0
1718646427.964847,0.0,22949.0
1718646428.1051886,8.0,22949.0
1718646428.2425554,8.0,22949.0
1718646428.3839936,100.0,22949.0
1718646428.5226283,99.0,22949.0
1718646428.7012691,100.0,22949.0
1718646428.860494,100.0,22949.0
1718646429.023305,100.0,22949.0
1718646429.1844285,100.0,22949.0
1718646429.3373604,100.0,22949.0
1718646429.481343,100.0,22949.0
1718646429.6231134,64.0,22949.0
1718646429.781745,0.0,22949.0
1718646429.929346,0.0,22949.0
1718646430.0795257,0.0,22949.0
1718646430.2306755,0.0,22949.0
1718646430.3982544,0.0,22949.0
1718646430.5494556,0.0,22949.0
1718646430.7510471,0.0,22949.0
1718646430.951268,0.0,22949.0
1718646431.152025,0.0,22949.0
1718646431.3086424,0.0,22949.0
1718646431.5117724,0.0,22949.0
1718646431.6602082,0.0,22949.0
1718646431.8343399,0.0,22949.0
1718646431.999085,0.0,22949.0
1718646432.139685,0.0,22949.0
1718646432.2809584,0.0,22949.0
1718646432.4206185,25.0,22949.0
1718646432.562659,100.0,22949.0
1718646432.7009823,100.0,22949.0
1718646432.840703,99.0,22949.0
1718646433.0040736,100.0,22949.0
1718646433.157925,100.0,22949.0
1718646433.306694,100.0,22949.0
1718646433.4630635,100.0,22949.0
1718646433.6453733,100.0,22949.0
1718646433.7911227,52.0,22949.0
1718646433.940736,0.0,22949.0
1718646434.1037028,0.0,22949.0
1718646434.2832093,0.0,22949.0
1718646434.4485648,0.0,22949.0
1718646434.6241405,0.0,22949.0
1718646434.827731,0.0,22949.0
1718646435.032332,0.0,22949.0
1718646435.2362254,0.0,22949.0
1718646435.4191868,0.0,22949.0
1718646435.5829782,0.0,22949.0
1718646435.758855,0.0,22949.0
1718646435.9266088,0.0,22949.0
1718646436.0797517,0.0,22949.0
1718646436.2236466,0.0,22949.0
1718646436.3645198,0.0,22949.0
1718646436.5041404,0.0,22949.0
1718646436.6445003,55.0,22949.0
1718646436.784754,55.0,22949.0
1718646436.9240036,100.0,22949.0
1718646437.0935423,99.0,22949.0
1718646437.2549715,100.0,22949.0
1718646437.4226198,100.0,22949.0
1718646437.5802786,100.0,22949.0
1718646437.7539582,100.0,22949.0
1718646437.9171638,12.0,22949.0
1718646438.0818524,12.0,22949.0
1718646438.2275069,0.0,22949.0
1718646438.4053097,0.0,22949.0
1718646438.5545273,0.0,22949.0
1718646438.7250257,0.0,22949.0
1718646438.889005,0.0,22949.0
1718646439.0613298,0.0,22949.0
1718646439.264604,0.0,22949.0
1718646439.4283454,0.0,22949.0
1718646439.6287992,0.0,22949.0
1718646439.8035288,0.0,22949.0
1718646439.9738762,0.0,22949.0
1718646440.1313543,0.0,22949.0
1718646440.2931252,0.0,22949.0
1718646440.4560292,0.0,22949.0
1718646440.5968814,0.0,22949.0
1718646440.7365646,0.0,22949.0
1718646440.8767104,27.0,22949.0
1718646441.0171752,100.0,22949.0
1718646441.1574433,100.0,22949.0
1718646441.297412,99.0,22949.0
1718646441.455262,100.0,22949.0
1718646441.6236122,100.0,22949.0
1718646441.7817318,100.0,22949.0
1718646441.9398406,100.0,22949.0
1718646442.1383765,100.0,22949.0
1718646442.289993,48.0,22949.0
1718646442.440276,0.0,22949.0
1718646442.6015885,0.0,22949.0
1718646442.7602906,0.0,22949.0
1718646442.9167128,0.0,22949.0
1718646443.0703866,0.0,22949.0
1718646443.2576282,0.0,22949.0
1718646443.467484,0.0,22949.0
1718646443.6704686,0.0,22949.0
1718646443.8715203,0.0,22949.0
1718646444.0704393,0.0,22949.0
1718646444.2548873,0.0,22949.0
1718646444.412878,0.0,22949.0
1718646444.579969,0.0,22949.0
1718646444.7200546,0.0,22949.0
1718646444.8597925,0.0,22949.0
1718646444.9999228,47.0,22949.0
1718646445.1408165,47.0,22949.0
1718646445.2807784,100.0,22949.0
1718646445.421475,99.0,22949.0
1718646445.5845115,100.0,22949.0
1718646445.7631085,100.0,22949.0
1718646445.9309535,100.0,22949.0
1718646446.1016643,100.0,22949.0
1718646446.3204925,100.0,22949.0
1718646446.4956641,18.0,22949.0
1718646446.6461947,0.0,22949.0
1718646446.7960382,0.0,22949.0
1718646446.958934,0.0,22949.0
1718646447.115236,0.0,22949.0
1718646447.2770176,0.0,22949.0
1718646447.487685,0.0,22949.0
1718646447.692081,0.0,22949.0
1718646447.895571,0.0,22949.0
1718646448.061875,0.0,22949.0
1718646448.2604554,0.0,22949.0
1718646448.4238436,0.0,22949.0
1718646448.5745068,0.0,22949.0
1718646448.7444499,0.0,22949.0
1718646448.8939128,0.0,22949.0
1718646449.0368474,0.0,22949.0
1718646449.1802578,62.0,22949.0
1718646449.3266726,62.0,22949.0
1718646449.4741414,99.0,22949.0
1718646449.6216407,100.0,22949.0
1718646449.7834637,100.0,22949.0
1718646449.946978,100.0,22949.0
1718646450.1134841,100.0,22949.0
1718646450.2731268,100.0,22949.0
1718646450.461086,100.0,22949.0
1718646450.6052754,100.0,22949.0
1718646450.780921,5.0,22949.0
1718646450.9281526,0.0,22949.0
1718646451.1095839,0.0,22949.0
1718646451.2701266,0.0,22949.0
1718646451.4300413,0.0,22949.0
1718646451.5769002,0.0,22949.0
1718646451.7791216,0.0,22949.0
1718646451.9603333,0.0,22949.0
1718646452.1512752,0.0,22949.0
1718646452.3397639,0.0,22949.0
1718646452.5268974,0.0,22949.0
1718646452.669138,0.0,22949.0
1718646452.8356395,0.0,22949.0
1718646452.99931,0.0,22949.0
1718646453.1392114,0.0,22949.0
1718646453.2796981,0.0,22949.0
1718646453.4167438,0.0,22949.0
1718646453.5580647,75.0,22949.0
1718646453.6971066,99.0,22949.0
1718646453.8566964,100.0,22949.0
1718646454.0134535,100.0,22949.0
1718646454.1735833,100.0,22949.0
1718646454.3269558,100.0,22949.0
1718646454.4953077,100.0,22949.0
1718646454.6639748,93.0,22949.0
1718646454.8232975,93.0,22949.0
1718646454.9793003,0.0,22949.0
1718646455.1417387,0.0,22949.0
1718646455.307558,0.0,22949.0
1718646455.5125835,0.0,22949.0
1718646455.7070723,0.0,22949.0
1718646455.9251828,0.0,22949.0
1718646456.1239977,0.0,22949.0
1718646456.2806067,0.0,22949.0
1718646456.4886632,0.0,22949.0
1718646456.6679642,0.0,22949.0
1718646456.814549,0.0,22949.0
1718646456.9605548,0.0,22949.0
1718646457.1406207,0.0,22949.0
1718646457.2856157,0.0,22949.0
1718646457.4257078,0.0,22949.0
1718646457.565195,10.0,22949.0
1718646457.7068655,100.0,22949.0
1718646457.8491278,99.0,22949.0
1718646457.9885268,99.0,22949.0
1718646458.142473,100.0,22949.0
1718646458.3019009,100.0,22949.0
1718646458.4570532,100.0,22949.0
1718646458.6169884,100.0,22949.0
1718646458.7839532,100.0,22949.0
1718646458.9277987,63.0,22949.0
1718646459.1005318,0.0,22949.0
1718646459.2586133,0.0,22949.0
1718646459.4220767,0.0,22949.0
1718646459.5842276,0.0,22949.0
1718646459.7493918,0.0,22949.0
1718646459.909821,0.0,22949.0
1718646460.1147356,0.0,22949.0
1718646460.270791,0.0,22949.0
1718646460.4727135,0.0,22949.0
1718646460.6430469,0.0,22949.0
1718646460.827492,0.0,22949.0
1718646460.9689274,0.0,22949.0
1718646461.121746,0.0,22949.0
1718646461.2995334,0.0,22949.0
1718646461.440296,0.0,22949.0
1718646461.5811157,0.0,22949.0
1718646461.7187026,0.0,22949.0
1718646461.8593826,100.0,22949.0
1718646461.9984758,100.0,22949.0
1718646462.1457202,99.0,22949.0
1718646462.30898,100.0,22949.0
1718646462.4848146,100.0,22949.0
1718646462.6649592,100.0,22949.0
1718646462.8500676,100.0,22949.0
1718646463.0039537,100.0,22949.0
1718646463.1718476,42.0,22949.0
1718646463.3404584,0.0,22949.0
1718646463.5388513,0.0,22949.0
1718646463.7223024,0.0,22949.0
1718646463.8817825,0.0,22949.0
1718646464.075805,0.0,22949.0
1718646464.26816,0.0,22949.0
1718646464.4633005,0.0,22949.0
1718646464.6589763,0.0,22949.0
1718646464.8513298,0.0,22949.0
1718646465.0040755,0.0,22949.0
1718646465.166102,0.0,22949.0
1718646465.3254104,0.0,22949.0
1718646465.4650757,0.0,22949.0
1718646465.6075265,0.0,22949.0
1718646465.749919,22.0,22949.0
1718646465.8909082,22.0,22949.0
1718646466.0316157,100.0,22949.0
1718646466.1705883,99.0,22949.0
1718646466.3336012,100.0,22949.0
1718646466.4996052,100.0,22949.0
1718646466.673259,100.0,22949.0
1718646466.8438249,100.0,22949.0
1718646467.0193484,100.0,22949.0
1718646467.1710083,52.0,22949.0
1718646467.3313863,0.0,22949.0
1718646467.476049,0.0,22949.0
1718646467.6245484,0.0,22949.0
1718646467.7884483,0.0,22949.0
1718646467.9583519,0.0,22949.0
1718646468.1169376,0.0,22949.0
1718646468.3310504,0.0,22949.0
1718646468.532864,0.0,22949.0
1718646468.7373486,0.0,22949.0
1718646468.8906856,0.0,22949.0
1718646469.091705,0.0,22949.0
1718646469.243732,0.0,22949.0
1718646469.4082928,0.0,22949.0
1718646469.5722754,0.0,22949.0
1718646469.7113864,0.0,22949.0
1718646469.8504956,0.0,22949.0
1718646469.9920213,20.0,22949.0
1718646470.1363435,100.0,22949.0
1718646470.2763684,100.0,22949.0
1718646470.4166718,99.0,22949.0
1718646470.5813978,100.0,22949.0
1718646470.747038,100.0,22949.0
1718646470.9034512,100.0,22949.0
1718646471.0600746,100.0,22949.0
1718646471.2495344,100.0,22949.0
1718646471.4031723,55.0,22949.0
1718646471.5475721,0.0,22949.0
1718646471.7069874,0.0,22949.0
1718646471.8734813,0.0,22949.0
1718646472.0337,0.0,22949.0
1718646472.207382,0.0,22949.0
1718646472.4089193,0.0,22949.0
1718646472.6118417,0.0,22949.0
1718646472.7873778,0.0,22949.0
1718646472.9837253,0.0,22949.0
1718646473.1686811,0.0,22949.0
1718646473.3510559,0.0,22949.0
1718646473.524324,0.0,22949.0
1718646473.688037,0.0,22949.0
1718646473.8285518,0.0,22949.0
1718646473.9710398,0.0,22949.0
1718646474.1105945,0.0,22949.0
1718646474.2500107,57.0,22949.0
1718646474.3893638,99.0,22949.0
1718646474.5358398,100.0,22949.0
1718646474.7041528,100.0,22949.0
1718646474.8645456,100.0,22949.0
1718646475.0303535,100.0,22949.0
1718646475.194271,100.0,22949.0
1718646475.3588898,100.0,22949.0
1718646475.507376,100.0,22949.0
1718646475.6615503,8.0,22949.0
1718646475.8049042,0.0,22949.0
1718646475.9630408,0.0,22949.0
1718646476.113782,0.0,22949.0
1718646476.2871954,0.0,22949.0
1718646476.4572067,0.0,22949.0
1718646476.657734,0.0,22949.0
1718646476.861936,0.0,22949.0
1718646477.03849,0.0,22949.0
1718646477.2369318,0.0,22949.0
1718646477.4367769,0.0,22949.0
1718646477.6010635,0.0,22949.0
1718646477.752389,0.0,22949.0
1718646477.9098132,0.0,22949.0
1718646478.0491152,0.0,22949.0
1718646478.1893623,0.0,22949.0
1718646478.3277056,60.0,22949.0
1718646478.4707096,60.0,22949.0
1718646478.6117196,99.0,22949.0
1718646478.7580016,100.0,22949.0
1718646478.912229,100.0,22949.0
1718646479.0761838,100.0,22949.0
1718646479.2409399,100.0,22949.0
1718646479.4018867,100.0,22949.0
1718646479.5822217,100.0,22949.0
1718646479.7254806,100.0,22949.0
1718646479.8777525,7.0,22949.0
1718646480.0253592,0.0,22949.0
1718646480.1821387,0.0,22949.0
1718646480.3357186,0.0,22949.0
1718646480.4963143,0.0,22949.0
1718646480.6530368,0.0,22949.0
1718646480.8566644,0.0,22949.0
1718646481.0558329,0.0,22949.0
1718646481.2545414,0.0,22949.0
1718646481.4206505,0.0,22949.0
1718646481.6244085,0.0,22949.0
1718646481.7891748,0.0,22949.0
1718646481.9334185,0.0,22949.0
1718646482.0904896,0.0,22949.0
1718646482.2400274,0.0,22949.0
1718646482.3799741,0.0,22949.0
1718646482.5195117,0.0,22949.0
1718646482.6587617,44.0,22949.0
1718646482.7993035,100.0,22949.0
1718646482.9402611,99.0,22949.0
1718646483.0804524,99.0,22949.0
1718646483.241532,100.0,22949.0
1718646483.4017606,100.0,22949.0
1718646483.5718594,100.0,22949.0
1718646483.7296662,100.0,22949.0
1718646483.9133313,100.0,22949.0
1718646484.074952,26.0,22949.0
1718646484.2189217,0.0,22949.0
1718646484.3720503,0.0,22949.0
1718646484.535439,0.0,22949.0
1718646484.694319,0.0,22949.0
1718646484.848471,0.0,22949.0
1718646485.0214458,0.0,22949.0
1718646485.2216508,0.0,22949.0
1718646485.369612,0.0,22949.0
1718646485.5307362,0.0,22949.0
1718646485.6896553,0.0,22949.0
1718646485.890329,0.0,22949.0
1718646486.0394251,0.0,22949.0
1718646486.212011,0.0,22949.0
1718646486.3732288,0.0,22949.0
1718646486.5124862,0.0,22949.0
1718646486.652292,0.0,22949.0
1718646486.7917764,0.0,22949.0
1718646486.935365,55.0,22949.0
1718646487.0746984,100.0,22949.0
1718646487.213404,99.0,22949.0
1718646487.3760653,99.0,22949.0
1718646487.5320473,100.0,22949.0
1718646487.6952894,100.0,22949.0
1718646487.851766,100.0,22949.0
1718646488.0108125,100.0,22949.0
1718646488.1611128,100.0,22949.0
1718646488.3177917,11.0,22949.0
1718646488.4656324,0.0,22949.0
1718646488.6168363,0.0,22949.0
1718646488.7636507,0.0,22949.0
1718646488.935555,0.0,22949.0
1718646489.105435,0.0,22949.0
1718646489.3102567,0.0,22949.0
1718646489.5185592,0.0,22949.0
1718646489.695569,0.0,22949.0
1718646489.8831146,0.0,22949.0
1718646490.0711462,0.0,22949.0
1718646490.2349927,0.0,22949.0
1718646490.4110239,0.0,22949.0
1718646490.5841544,0.0,22949.0
1718646490.72621,0.0,22949.0
1718646490.8676465,0.0,22949.0
1718646491.0054426,0.0,22949.0
1718646491.1473618,62.0,22949.0
1718646491.2861152,99.0,22949.0
1718646491.4289732,100.0,22949.0
1718646491.6197505,100.0,22949.0
1718646491.7905054,100.0,22949.0
1718646491.9451659,100.0,22949.0
1718646492.1266513,100.0,22949.0
1718646492.3164203,100.0,22949.0
1718646492.4755082,4.0,22949.0
1718646492.6146917,4.0,22949.0
1718646492.7658057,0.0,22949.0
1718646492.933606,0.0,22949.0
1718646493.0910501,0.0,22949.0
1718646493.25529,0.0,22949.0
1718646493.4485512,0.0,22949.0
1718646493.6523063,0.0,22949.0
1718646493.8505971,0.0,22949.0
1718646494.0387383,0.0,22949.0
1718646494.2165284,0.0,22949.0
1718646494.37721,0.0,22949.0
1718646494.5370116,0.0,22949.0
1718646494.70608,0.0,22949.0
1718646494.8455763,0.0,22949.0
1718646494.9852948,0.0,22949.0
1718646495.1250727,0.0,22949.0
1718646495.2649019,90.0,22949.0
1718646495.4040165,90.0,22949.0
1718646495.5433764,99.0,22949.0
1718646495.7405417,100.0,22949.0
1718646495.8959506,100.0,22949.0
1718646496.064353,100.0,22949.0
1718646496.2230637,100.0,22949.0
1718646496.3859618,100.0,22949.0
1718646496.542162,80.0,22949.0
1718646496.698219,0.0,22949.0
1718646496.8564773,0.0,22949.0
1718646497.0204833,0.0,22949.0
1718646497.185709,0.0,22949.0
1718646497.3427315,0.0,22949.0
1718646497.489904,0.0,22949.0
1718646497.6677442,0.0,22949.0
1718646497.8721898,0.0,22949.0
1718646498.0521755,0.0,22949.0
1718646498.2168095,0.0,22949.0
1718646498.4179976,0.0,22949.0
1718646498.5681064,0.0,22949.0
1718646498.7404952,0.0,22949.0
1718646498.9133563,0.0,22949.0
1718646499.053669,0.0,22949.0
1718646499.1933146,0.0,22949.0
1718646499.3336027,33.0,22949.0
1718646499.4751236,33.0,22949.0
1718646499.6146724,100.0,22949.0
1718646499.7551303,99.0,22949.0
1718646499.9350803,100.0,22949.0
1718646500.0905356,100.0,22949.0
1718646500.261561,100.0,22949.0
1718646500.4268217,100.0,22949.0
1718646500.5902536,100.0,22949.0
1718646500.7367356,44.0,22949.0
1718646500.9047325,0.0,22949.0
1718646501.0738,0.0,22949.0
1718646501.2637181,0.0,22949.0
1718646501.4319968,0.0,22949.0
1718646501.5904274,0.0,22949.0
1718646501.7891479,0.0,22949.0
1718646501.9946442,0.0,22949.0
1718646502.1929786,0.0,22949.0
1718646502.3906279,0.0,22949.0
1718646502.5751808,0.0,22949.0
1718646502.7376916,0.0,22949.0
1718646502.9112566,0.0,22949.0
1718646503.065735,0.0,22949.0
1718646503.2172418,0.0,22949.0
1718646503.3569582,0.0,22949.0
1718646503.4962056,0.0,22949.0
1718646503.6386847,32.0,22949.0
1718646503.7802079,100.0,22949.0
1718646503.9227054,99.0,22949.0
1718646504.081106,99.0,22949.0
1718646504.2382183,100.0,22949.0
1718646504.401113,100.0,22949.0
1718646504.5609143,100.0,22949.0
1718646504.715005,100.0,22949.0
1718646504.8651505,45.0,22949.0
1718646505.014071,45.0,22949.0
1718646505.163513,0.0,22949.0
1718646505.307427,0.0,22949.0
1718646505.481357,0.0,22949.0
1718646505.6714535,0.0,22949.0
1718646505.879481,0.0,22949.0
1718646506.0908065,0.0,22949.0
1718646506.2974288,0.0,22949.0
1718646506.4943864,0.0,22949.0
1718646506.670735,0.0,22949.0
1718646506.810712,0.0,22949.0
1718646506.973523,0.0,22949.0
1718646507.13365,0.0,22949.0
1718646507.2743425,0.0,22949.0
1718646507.4153028,0.0,22949.0
1718646507.5608985,34.0,22949.0
1718646507.7030408,34.0,22949.0
1718646507.8414052,100.0,22949.0
1718646507.9816628,99.0,22949.0
1718646508.1309342,100.0,22949.0
1718646508.2894704,100.0,22949.0
1718646508.451408,100.0,22949.0
1718646508.6140928,100.0,22949.0
1718646508.7807994,100.0,22949.0
1718646508.9297945,42.0,22949.0
1718646509.1080685,42.0,22949.0
1718646509.272921,0.0,22949.0
1718646509.449435,0.0,22949.0
1718646509.6103165,0.0,22949.0
1718646509.766958,0.0,22949.0
1718646509.9143074,0.0,22949.0
1718646510.1156113,0.0,22949.0
1718646510.307259,0.0,22949.0
1718646510.482316,0.0,22949.0
1718646510.6360054,0.0,22949.0
1718646510.84385,0.0,22949.0
1718646511.001825,0.0,22949.0
1718646511.1729722,0.0,22949.0
1718646511.3244224,0.0,22949.0
1718646511.4636245,0.0,22949.0
1718646511.6037593,0.0,22949.0
1718646511.7429707,30.0,22949.0
1718646511.8847334,30.0,22949.0
1718646512.0257256,100.0,22949.0
1718646512.1692002,99.0,22949.0
1718646512.3456628,100.0,22949.0
1718646512.5040414,100.0,22949.0
1718646512.6713493,100.0,22949.0
1718646512.8316884,100.0,22949.0
1718646513.0177846,100.0,22949.0
1718646513.1652584,47.0,22949.0
1718646513.3244317,47.0,22949.0
1718646513.4726079,0.0,22949.0
1718646513.6469822,0.0,22949.0
1718646513.8103476,0.0,22949.0
1718646513.9742708,0.0,22949.0
1718646514.1299765,0.0,22949.0
1718646514.3441453,0.0,22949.0
1718646514.5098684,0.0,22949.0
1718646514.6997466,0.0,22949.0
1718646514.8427134,0.0,22949.0
1718646515.0440881,0.0,22949.0
1718646515.1902497,0.0,22949.0
1718646515.3624208,0.0,22949.0
1718646515.515352,0.0,22949.0
1718646515.6544735,0.0,22949.0
1718646515.794819,0.0,22949.0
1718646515.9360144,55.0,22949.0
1718646516.0771735,55.0,22949.0
1718646516.2165418,100.0,22949.0
1718646516.3557289,99.0,22949.0
1718646516.5227487,100.0,22949.0
1718646516.6928766,100.0,22949.0
1718646516.8661728,100.0,22949.0
1718646517.0222843,100.0,22949.0
1718646517.2054758,100.0,22949.0
1718646517.3709161,10.0,22949.0
1718646517.5264444,10.0,22949.0
1718646517.6951306,0.0,22949.0
1718646517.8455212,0.0,22949.0
1718646518.0025175,0.0,22949.0
1718646518.1552873,0.0,22949.0
1718646518.3129923,0.0,22949.0
1718646518.5169218,0.0,22949.0
1718646518.682307,0.0,22949.0
1718646518.8906908,0.0,22949.0
1718646519.0637248,0.0,22949.0
1718646519.2398553,0.0,22949.0
1718646519.389933,0.0,22949.0
1718646519.547433,0.0,22949.0
1718646519.7302299,0.0,22949.0
1718646519.8699334,0.0,22949.0
1718646520.0123038,0.0,22949.0
1718646520.1496043,71.0,22949.0
1718646520.2911031,71.0,22949.0
1718646520.4294338,99.0,22949.0
1718646520.569911,99.0,22949.0
1718646520.730113,100.0,22949.0
1718646520.8850033,100.0,22949.0
1718646521.0461915,100.0,22949.0
1718646521.2098148,100.0,22949.0
1718646521.4060643,96.0,22949.0
1718646521.5807421,0.0,22949.0
1718646521.7244802,0.0,22949.0
1718646521.8790107,0.0,22949.0
1718646522.0353692,0.0,22949.0
1718646522.1929524,0.0,22949.0
1718646522.3467174,0.0,22949.0
1718646522.5561874,0.0,22949.0
1718646522.7481856,0.0,22949.0
1718646522.950745,0.0,22949.0
1718646523.1364982,0.0,22949.0
1718646523.351145,0.0,22949.0
1718646523.505562,0.0,22949.0
1718646523.6826925,0.0,22949.0
1718646523.863429,0.0,22949.0
1718646524.0040154,0.0,22949.0
1718646524.1438472,0.0,22949.0
1718646524.2837067,19.0,22949.0
1718646524.428907,100.0,22949.0
1718646524.568044,100.0,22949.0
1718646524.708403,99.0,22949.0
1718646524.8666189,100.0,22949.0
1718646525.0274775,100.0,22949.0
1718646525.2020173,100.0,22949.0
1718646525.3619015,100.0,22949.0
1718646525.5736172,58.0,22949.0
1718646525.717751,58.0,22949.0
1718646525.866726,0.0,22949.0
1718646526.0285344,0.0,22949.0
1718646526.190801,0.0,22949.0
1718646526.3499713,0.0,22949.0
1718646526.5022025,0.0,22949.0
1718646526.6493642,0.0,22949.0
1718646526.8522701,0.0,22949.0
1718646527.0439503,0.0,22949.0
1718646527.2554593,0.0,22949.0
1718646527.4514818,0.0,22949.0
1718646527.6158466,0.0,22949.0
1718646527.7758532,0.0,22949.0
1718646527.9338825,0.0,22949.0
1718646528.0906441,0.0,22949.0
1718646528.2330754,0.0,22949.0
1718646528.3732028,0.0,22949.0
1718646528.5105515,18.0,22949.0
1718646528.6539357,100.0,22949.0
1718646528.793109,100.0,22949.0
1718646528.957442,99.0,22949.0
1718646529.1254232,100.0,22949.0
1718646529.298971,100.0,22949.0
1718646529.4597876,100.0,22949.0
1718646529.616812,100.0,22949.0
1718646529.8171134,57.0,22949.0
1718646529.981407,57.0,22949.0
1718646530.1251633,0.0,22949.0
1718646530.2787156,0.0,22949.0
1718646530.4569035,0.0,22949.0
1718646530.6278524,0.0,22949.0
1718646530.7826414,0.0,22949.0
1718646530.987023,0.0,22949.0
1718646531.183429,0.0,22949.0
1718646531.3878233,0.0,22949.0
1718646531.5416334,0.0,22949.0
1718646531.7439435,0.0,22949.0
1718646531.9076056,0.0,22949.0
1718646532.0641382,0.0,22949.0
1718646532.2284644,0.0,22949.0
1718646532.373912,0.0,22949.0
1718646532.5167456,0.0,22949.0
1718646532.6581728,42.0,22949.0
1718646532.80515,100.0,22949.0
1718646532.9536228,100.0,22949.0
1718646533.0993752,99.0,22949.0
1718646533.2792385,100.0,22949.0
1718646533.451225,100.0,22949.0
1718646533.6138294,100.0,22949.0
1718646533.7790031,100.0,22949.0
1718646533.9628892,100.0,22949.0
1718646534.1315536,34.0,22949.0
1718646534.2788734,0.0,22949.0
1718646534.4335546,0.0,22949.0
1718646534.6139376,0.0,22949.0
1718646534.7747204,0.0,22949.0
1718646534.9272094,0.0,22949.0
1718646535.132364,0.0,22949.0
1718646535.3318346,0.0,22949.0
1718646535.5343924,0.0,22949.0
1718646535.6926754,0.0,22949.0
1718646535.898532,0.0,22949.0
1718646536.0605505,0.0,22949.0
1718646536.2024853,0.0,22949.0
1718646536.367819,0.0,22949.0
1718646536.511849,0.0,22949.0
1718646536.652134,0.0,22949.0
1718646536.7918744,0.0,22949.0
1718646536.9343188,48.0,22949.0
1718646537.0776582,100.0,22949.0
1718646537.2148895,99.0,22949.0
1718646537.4026213,100.0,22949.0
1718646537.5590794,100.0,22949.0
1718646537.7426238,100.0,22949.0
1718646537.9091833,100.0,22949.0
1718646538.0782292,100.0,22949.0
1718646538.223511,100.0,22949.0
1718646538.3774357,19.0,22949.0
1718646538.539462,0.0,22949.0
1718646538.720622,0.0,22949.0
1718646538.8692875,0.0,22949.0
1718646539.02614,0.0,22949.0
1718646539.1715894,0.0,22949.0
1718646539.3845854,0.0,22949.0
1718646539.5809095,0.0,22949.0
1718646539.759556,0.0,22949.0
1718646539.9132557,0.0,22949.0
1718646540.088095,0.0,22949.0
1718646540.2585952,0.0,22949.0
1718646540.419302,0.0,22949.0
1718646540.5862203,0.0,22949.0
1718646540.7259185,0.0,22949.0
1718646540.8660643,0.0,22949.0
1718646541.006944,0.0,22949.0
1718646541.1471536,74.0,22949.0
1718646541.2863345,99.0,22949.0
1718646541.4398348,100.0,22949.0
1718646541.6026962,100.0,22949.0
1718646541.76145,100.0,22949.0
1718646541.925159,100.0,22949.0
1718646542.0848126,100.0,22949.0
1718646542.2544773,94.0,22949.0
1718646542.4001586,94.0,22949.0
1718646542.555324,0.0,22949.0
1718646542.7125916,0.0,22949.0
1718646542.892192,0.0,22949.0
1718646543.0665913,0.0,22949.0
1718646543.2184772,0.0,22949.0
1718646543.3737698,0.0,22949.0
1718646543.5738447,0.0,22949.0
1718646543.7629428,0.0,22949.0
1718646543.9398365,0.0,22949.0
1718646544.0966053,0.0,22949.0
1718646544.3160686,0.0,22949.0
1718646544.468881,0.0,22949.0
1718646544.638216,0.0,22949.0
1718646544.7964005,0.0,22949.0
