timestamp,gpu_util,gpu_mem
1718396915.8193886,0.0,0.0
1718396915.9507995,0.0,0.0
1718396916.0780437,0.0,0.0
1718396916.2123582,0.0,0.0
1718396916.3422115,0.0,0.0
1718396916.4722855,0.0,0.0
1718396916.601689,0.0,0.0
1718396916.7357087,0.0,0.0
1718396916.879821,0.0,0.0
1718396917.0123796,0.0,0.0
1718396917.1433442,0.0,0.0
1718396917.2713082,0.0,0.0
1718396917.3991947,0.0,0.0
1718396917.5271013,0.0,0.0
1718396917.6586633,0.0,0.0
1718396917.786303,0.0,0.0
1718396917.913111,0.0,0.0
1718396918.0406961,0.0,0.0
1718396918.1705894,0.0,0.0
1718396918.3019872,0.0,0.0
1718396918.430927,0.0,0.0
1718396918.5598,0.0,0.0
1718396918.688818,0.0,0.0
1718396918.8163135,0.0,0.0
1718396918.9449708,0.0,0.0
1718396919.074772,0.0,0.0
1718396919.2021468,0.0,0.0
1718396919.3403451,0.0,0.0
1718396919.5652926,0.0,0.0
1718396919.699171,0.0,0.0
1718396919.8372855,0.0,0.0
1718396919.9702294,0.0,0.0
1718396920.1008668,0.0,0.0
1718396920.2318788,0.0,0.0
1718396920.3622398,0.0,0.0
1718396920.491868,0.0,0.0
1718396920.6197193,0.0,0.0
1718396920.7485042,0.0,0.0
1718396920.879265,0.0,0.0
1718396921.0071952,0.0,0.0
1718396921.1342041,0.0,0.0
1718396921.2612386,0.0,0.0
1718396921.3910897,0.0,0.0
1718396921.5223684,0.0,0.0
1718396921.655479,0.0,0.0
1718396921.7886348,0.0,0.0
1718396921.917742,0.0,0.0
1718396922.046178,0.0,0.0
1718396922.1787722,0.0,0.0
1718396922.3092074,0.0,0.0
1718396922.4374793,0.0,0.0
1718396922.5650063,0.0,0.0
1718396922.6940906,0.0,0.0
1718396922.8256204,0.0,0.0
1718396922.954839,0.0,0.0
1718396923.0839837,0.0,0.0
1718396923.215629,0.0,0.0
1718396923.3478258,0.0,0.0
1718396923.4761846,0.0,0.0
1718396923.6060684,0.0,0.0
1718396923.7386956,0.0,0.0
1718396923.8685458,0.0,0.0
1718396923.9999285,0.0,0.0
1718396924.1329985,0.0,0.0
1718396924.2640798,0.0,0.0
1718396924.3996923,0.0,0.0
1718396924.5322573,0.0,0.0
1718396924.663941,0.0,0.0
1718396924.7957404,0.0,0.0
1718396924.9228077,0.0,0.0
1718396925.0524902,0.0,0.0
1718396925.179815,0.0,0.0
1718396925.312341,0.0,0.0
1718396925.4435792,0.0,0.0
1718396925.572842,0.0,0.0
1718396925.7067733,0.0,0.0
1718396925.836597,0.0,0.0
1718396925.9665694,0.0,0.0
1718396926.0981495,0.0,0.0
1718396926.2294006,0.0,0.0
1718396926.3594713,0.0,0.0
1718396926.4912188,0.0,0.0
1718396926.6239548,0.0,0.0
1718396926.7541685,0.0,0.0
1718396926.8838348,0.0,0.0
1718396927.0135593,0.0,0.0
1718396927.1402147,0.0,0.0
1718396927.2664387,0.0,0.0
1718396927.3977869,0.0,0.0
1718396927.5299363,0.0,0.0
1718396927.6608124,0.0,0.0
1718396927.789783,0.0,0.0
1718396927.9198554,0.0,0.0
1718396928.0509877,0.0,0.0
1718396928.1798468,0.0,0.0
1718396928.3087072,0.0,0.0
1718396928.4397898,0.0,0.0
1718396928.5706415,0.0,0.0
1718396928.7032979,0.0,0.0
1718396928.8363366,0.0,0.0
1718396928.9673452,0.0,0.0
1718396929.0988822,0.0,0.0
1718396929.2312706,0.0,0.0
1718396929.3622074,0.0,0.0
1718396929.492618,0.0,0.0
1718396929.6241062,0.0,0.0
1718396929.7542408,0.0,0.0
1718396929.8827775,0.0,0.0
1718396930.0155997,0.0,0.0
1718396930.145549,0.0,0.0
1718396930.2743397,0.0,0.0
1718396930.4033287,0.0,0.0
1718396930.5349298,0.0,0.0
1718396930.663381,0.0,0.0
1718396930.7923338,0.0,0.0
1718396930.9216042,0.0,0.0
1718396931.050938,0.0,0.0
1718396931.179888,0.0,0.0
1718396931.3116312,0.0,0.0
1718396931.4451675,0.0,0.0
1718396931.5760098,0.0,0.0
1718396931.7076662,0.0,0.0
1718396931.8391376,0.0,0.0
1718396931.9704084,0.0,0.0
1718396932.1017957,0.0,0.0
1718396932.2349262,0.0,0.0
1718396932.3657405,0.0,0.0
1718396932.5054655,0.0,0.0
1718396932.6363704,0.0,0.0
1718396932.769492,0.0,0.0
1718396932.9018137,0.0,0.0
1718396933.029921,0.0,0.0
1718396933.1578107,0.0,0.0
1718396933.2873313,0.0,0.0
1718396933.419933,0.0,0.0
1718396933.5475981,0.0,0.0
1718396933.676419,0.0,0.0
1718396933.8057797,0.0,0.0
1718396933.9370785,0.0,0.0
1718396934.064802,0.0,0.0
1718396934.192918,0.0,0.0
1718396934.3207996,0.0,0.0
1718396934.450987,0.0,0.0
1718396934.5789583,0.0,0.0
1718396934.7081456,0.0,0.0
1718396934.8394077,0.0,0.0
1718396934.97458,0.0,0.0
1718396935.1055458,0.0,0.0
1718396935.2373455,0.0,0.0
1718396935.3684232,0.0,0.0
1718396935.4975722,0.0,0.0
1718396935.626779,0.0,0.0
1718396935.7589543,0.0,0.0
1718396935.8880148,0.0,0.0
1718396936.0169272,0.0,0.0
1718396936.1471777,0.0,0.0
1718396936.2799332,0.0,0.0
1718396936.411404,0.0,0.0
1718396936.5441341,0.0,0.0
1718396936.6764252,0.0,0.0
1718396936.8059356,0.0,0.0
1718396936.9386375,0.0,0.0
1718396937.0701585,0.0,0.0
1718396937.200684,0.0,0.0
1718396937.3331804,0.0,0.0
1718396937.464393,0.0,0.0
1718396937.5933807,0.0,0.0
1718396937.7230022,0.0,0.0
1718396937.8567538,0.0,0.0
1718396937.9854586,0.0,0.0
1718396938.11374,0.0,0.0
1718396938.2452276,0.0,0.0
1718396938.3750465,0.0,0.0
1718396938.5032036,0.0,0.0
1718396938.6348975,0.0,0.0
1718396938.7676802,0.0,0.0
1718396938.8992565,0.0,0.0
1718396939.03182,0.0,0.0
1718396939.1624284,0.0,0.0
1718396939.2926202,0.0,0.0
1718396939.4222052,0.0,0.0
1718396939.5552175,0.0,0.0
1718396939.68812,0.0,0.0
1718396939.8205485,0.0,0.0
1718396939.9515321,0.0,0.0
1718396940.079817,0.0,0.0
1718396940.2093813,0.0,0.0
1718396940.3391075,0.0,0.0
1718396940.4687097,0.0,0.0
1718396940.5966613,0.0,0.0
1718396940.7256489,0.0,0.0
1718396940.8553288,0.0,0.0
1718396940.986933,0.0,0.0
1718396941.1143928,0.0,0.0
1718396941.2419665,0.0,0.0
1718396941.369487,0.0,0.0
1718396941.4992385,0.0,0.0
1718396941.6295304,0.0,0.0
1718396941.7568805,0.0,0.0
1718396941.885513,0.0,0.0
1718396942.0131512,0.0,0.0
1718396942.14439,0.0,0.0
1718396942.2861278,0.0,0.0
1718396942.4353545,0.0,0.0
1718396942.582127,0.0,0.0
1718396942.728696,0.0,0.0
1718396942.8899918,0.0,0.0
1718396943.0506546,0.0,0.0
1718396943.195819,0.0,0.0
1718396943.3454738,0.0,0.0
1718396943.4969006,0.0,0.0
1718396943.645354,0.0,0.0
1718396943.7861383,0.0,0.0
1718396943.9433975,0.0,0.0
1718396944.0790966,0.0,0.0
1718396944.260413,0.0,0.0
1718396944.451618,0.0,0.0
1718396944.6096823,0.0,0.0
1718396944.7772903,0.0,0.0
1718396944.9595456,0.0,0.0
1718396945.1254036,0.0,0.0
1718396945.2741375,0.0,0.0
1718396945.427204,0.0,0.0
1718396945.561638,0.0,0.0
1718396945.6950858,0.0,0.0
1718396945.8282254,0.0,0.0
1718396945.9616416,0.0,0.0
1718396946.147793,0.0,0.0
1718396946.3345985,0.0,0.0
1718396946.5930755,0.0,0.0
1718396946.9173758,0.0,0.0
1718396947.259786,0.0,0.0
1718396947.6183882,0.0,0.0
1718396947.9545002,0.0,0.0
1718396948.3048837,0.0,0.0
1718396948.6920123,0.0,0.0
1718396948.93411,0.0,0.0
1718396949.1842012,0.0,0.0
1718396949.4059489,0.0,0.0
1718396949.6680803,0.0,0.0
1718396949.9359148,0.0,0.0
1718396950.384458,0.0,0.0
1718396950.7931173,0.0,0.0
1718396951.2207258,0.0,0.0
1718396951.586387,0.0,0.0
1718396951.876955,0.0,0.0
1718396952.1747117,0.0,0.0
1718396952.480497,0.0,0.0
1718396952.7497315,0.0,0.0
1718396953.021241,0.0,0.0
1718396953.3092134,0.0,0.0
1718396953.6401753,0.0,0.0
1718396954.0285053,0.0,0.0
1718396954.3524268,0.0,0.0
1718396954.7269056,0.0,0.0
1718396955.0272336,0.0,0.0
1718396955.4287744,0.0,0.0
1718396955.86223,0.0,0.0
1718396956.3671763,0.0,0.0
1718396956.7341495,0.0,0.0
1718396957.1261406,0.0,0.0
1718396957.4720945,0.0,0.0
1718396957.89543,0.0,0.0
1718396958.241766,0.0,0.0
1718396958.7054343,0.0,0.0
1718396959.2320042,0.0,0.0
1718396959.6761773,0.0,0.0
1718396959.9276838,0.0,0.0
1718396960.2165763,0.0,0.0
1718396960.62855,0.0,0.0
1718396960.9475064,0.0,0.0
1718396961.3947666,0.0,0.0
1718396961.7086349,0.0,0.0
1718396962.1581728,0.0,0.0
1718396962.5887613,0.0,0.0
1718396963.1938827,0.0,0.0
1718396963.7587957,0.0,0.0
1718396964.4140747,0.0,0.0
1718396964.9731517,0.0,0.0
1718396965.6365743,0.0,0.0
1718396966.239823,0.0,0.0
1718396966.5938964,0.0,0.0
1718396966.987812,0.0,0.0
1718396967.555353,0.0,0.0
1718396968.1876252,0.0,0.0
1718396968.7025015,0.0,0.0
1718396969.1126783,0.0,0.0
1718396969.582047,0.0,0.0
1718396970.0931423,0.0,0.0
1718396970.6413167,0.0,0.0
1718396971.2888577,0.0,0.0
1718396971.8228076,0.0,0.0
1718396972.3025746,0.0,0.0
1718396972.7850404,0.0,0.0
1718396973.5753508,0.0,0.0
1718396974.2197914,0.0,0.0
1718396974.7567863,0.0,0.0
1718396975.1992419,0.0,0.0
1718396975.6821103,0.0,0.0
1718396976.237374,0.0,0.0
1718396976.6820319,0.0,0.0
1718396977.1257682,0.0,0.0
1718396977.786372,0.0,0.0
1718396978.3869212,0.0,0.0
1718396979.0112228,0.0,0.0
1718396979.4052136,0.0,0.0
1718396979.8869705,0.0,0.0
1718396980.4445474,0.0,0.0
1718396981.0500095,0.0,0.0
1718396981.6727087,0.0,0.0
1718396982.2984843,0.0,0.0
1718396982.9087794,0.0,0.0
1718396983.513568,0.0,0.0
1718396984.0506222,0.0,0.0
1718396984.8324034,0.0,0.0
1718396985.3563738,0.0,0.0
1718396985.801831,0.0,0.0
1718396986.21797,0.0,0.0
1718396986.6119022,0.0,0.0
1718396987.012355,0.0,0.0
1718396987.4775383,0.0,0.0
1718396987.8590882,0.0,0.0
1718396988.4322357,0.0,0.0
1718396988.7444685,0.0,0.0
1718396989.1849186,0.0,0.0
1718396989.6253464,0.0,0.0
1718396990.0355098,0.0,0.0
1718396990.4409077,0.0,0.0
1718396990.8534346,0.0,0.0
1718396991.2947876,0.0,0.0
1718396991.8048038,0.0,0.0
1718396992.2175076,0.0,0.0
1718396992.6049602,0.0,0.0
1718396992.977559,0.0,0.0
1718396993.3947966,0.0,0.0
1718396993.893114,0.0,0.0
1718396994.3503733,0.0,0.0
1718396994.7258017,0.0,0.0
1718396995.1362734,0.0,0.0
1718396995.5117433,0.0,0.0
1718396995.9154408,0.0,0.0
1718396996.3729227,0.0,0.0
1718396996.8162615,0.0,0.0
1718396997.1684685,0.0,0.0
1718396997.6023903,0.0,0.0
1718396997.9473786,0.0,0.0
1718396998.297784,0.0,0.0
1718396998.7285848,0.0,0.0
1718396999.0649476,0.0,0.0
1718396999.3638897,0.0,0.0
1718396999.5958245,0.0,0.0
1718396999.8822227,0.0,0.0
1718397000.207437,0.0,0.0
1718397000.5361733,0.0,0.0
1718397000.869779,0.0,0.0
1718397001.214683,0.0,0.0
1718397001.481477,0.0,0.0
1718397001.7377768,0.0,0.0
1718397002.1797001,0.0,0.0
1718397002.6466475,0.0,0.0
1718397003.101207,0.0,0.0
1718397003.5874863,0.0,0.0
1718397003.8196447,0.0,0.0
1718397004.0209706,0.0,0.0
1718397004.2177348,0.0,0.0
1718397004.4097402,0.0,0.0
1718397004.59906,0.0,0.0
1718397004.779319,0.0,0.0
1718397004.9984012,0.0,0.0
1718397005.146959,0.0,0.0
1718397005.3286855,0.0,0.0
1718397005.548842,0.0,0.0
1718397005.7516696,0.0,0.0
1718397006.0552456,0.0,0.0
1718397006.3958843,0.0,0.0
1718397006.7933593,0.0,0.0
1718397007.1904988,0.0,0.0
1718397007.516982,0.0,0.0
1718397007.9371438,0.0,0.0
1718397008.2029045,0.0,0.0
1718397008.474232,0.0,0.0
1718397008.8231933,0.0,0.0
1718397009.1708019,0.0,0.0
1718397009.5680525,0.0,0.0
1718397009.994368,0.0,0.0
1718397010.4774277,0.0,0.0
1718397010.7658114,0.0,0.0
1718397011.2068238,0.0,0.0
1718397011.5654707,0.0,0.0
1718397011.9244988,0.0,0.0
1718397012.2262146,0.0,0.0
1718397012.5426462,0.0,0.0
1718397012.824025,0.0,0.0
1718397013.2205617,0.0,0.0
1718397013.5324476,0.0,0.0
1718397014.0101037,0.0,0.0
1718397014.3259914,0.0,0.0
1718397014.671645,0.0,0.0
1718397015.041965,0.0,0.0
1718397015.3816109,0.0,0.0
1718397015.7893457,0.0,0.0
1718397016.2506301,0.0,0.0
1718397016.5783787,0.0,0.0
1718397016.99627,0.0,0.0
1718397017.4726129,0.0,0.0
1718397017.7992218,0.0,0.0
1718397018.1163025,0.0,0.0
1718397018.553852,0.0,0.0
1718397019.0541704,0.0,0.0
1718397019.578887,0.0,0.0
1718397020.205686,0.0,0.0
1718397020.7599835,0.0,0.0
1718397021.4127643,0.0,0.0
1718397022.011848,0.0,0.0
1718397022.590002,0.0,0.0
1718397022.9985833,0.0,0.0
1718397023.4181488,0.0,0.0
1718397023.8888237,0.0,0.0
1718397024.3946328,0.0,0.0
1718397024.9516356,0.0,0.0
1718397025.3566082,0.0,0.0
1718397025.9332235,0.0,0.0
1718397026.3842554,0.0,0.0
1718397026.88227,0.0,0.0
1718397027.3858273,0.0,0.0
1718397027.9057193,0.0,0.0
1718397028.5862677,0.0,0.0
1718397029.0641515,0.0,0.0
1718397029.5642784,0.0,0.0
1718397030.3899374,0.0,0.0
1718397031.081628,0.0,0.0
1718397031.8121173,0.0,0.0
1718397032.4287448,0.0,0.0
1718397032.9537575,0.0,0.0
1718397033.4054933,0.0,0.0
1718397033.9636893,0.0,0.0
1718397034.5364804,0.0,0.0
1718397035.0908248,0.0,0.0
1718397035.69408,0.0,0.0
1718397036.1518211,0.0,0.0
1718397036.6298945,0.0,0.0
1718397037.2006986,0.0,0.0
1718397037.890093,0.0,0.0
1718397038.5096455,0.0,0.0
1718397039.14043,0.0,0.0
1718397039.7297292,0.0,0.0
1718397040.2926853,0.0,0.0
1718397040.8183687,0.0,0.0
1718397041.2568405,0.0,0.0
1718397041.7554111,0.0,0.0
1718397042.2490058,0.0,0.0
1718397042.61667,0.0,0.0
1718397043.075778,0.0,0.0
1718397043.4667144,0.0,0.0
1718397043.8934224,0.0,0.0
1718397044.3718338,0.0,0.0
1718397044.9262247,0.0,0.0
1718397045.4521017,0.0,0.0
1718397045.852454,0.0,0.0
1718397046.312756,0.0,0.0
1718397046.7943704,0.0,0.0
1718397047.2059832,0.0,0.0
1718397047.6657639,0.0,0.0
1718397048.1198144,0.0,0.0
1718397048.5977337,0.0,0.0
1718397049.089788,0.0,0.0
1718397049.5127742,0.0,0.0
1718397049.8907945,0.0,0.0
1718397050.293814,0.0,0.0
1718397050.718649,0.0,0.0
1718397051.1923308,0.0,0.0
1718397051.589374,0.0,0.0
1718397051.971811,0.0,0.0
1718397052.3916368,0.0,0.0
1718397052.8114345,0.0,0.0
1718397053.2380984,0.0,0.0
1718397053.6846704,0.0,0.0
1718397054.116433,0.0,0.0
1718397054.5153844,0.0,0.0
1718397054.9043849,0.0,0.0
1718397055.358803,0.0,0.0
1718397055.713458,0.0,0.0
1718397056.138946,0.0,0.0
1718397056.4215758,0.0,0.0
1718397056.667344,0.0,0.0
1718397057.035969,0.0,0.0
1718397057.382843,0.0,0.0
1718397057.7341213,0.0,0.0
1718397058.0949066,0.0,0.0
1718397058.3598754,0.0,0.0
1718397058.6228428,0.0,0.0
1718397059.1706405,0.0,0.0
1718397059.573163,0.0,0.0
1718397059.9835644,0.0,0.0
1718397060.375501,0.0,0.0
1718397060.6569033,0.0,0.0
1718397060.8777032,0.0,0.0
1718397061.0799778,0.0,0.0
1718397061.292333,0.0,0.0
1718397061.49365,0.0,0.0
1718397061.6916375,0.0,0.0
1718397061.8799732,0.0,0.0
1718397062.0302458,0.0,0.0
1718397062.2403412,0.0,0.0
1718397062.4494395,0.0,0.0
1718397062.6732495,0.0,0.0
1718397062.9717746,0.0,0.0
1718397063.4286735,0.0,0.0
1718397063.8408005,0.0,0.0
1718397064.279506,0.0,0.0
1718397064.5816817,0.0,0.0
1718397064.9375212,0.0,0.0
1718397065.2283695,0.0,0.0
1718397065.5140946,0.0,0.0
1718397065.868168,0.0,0.0
1718397066.1927767,0.0,0.0
1718397066.7453175,0.0,0.0
1718397067.3238456,0.0,0.0
1718397067.7481782,0.0,0.0
1718397068.0896993,0.0,0.0
1718397068.4666002,0.0,0.0
1718397068.798617,0.0,0.0
1718397069.150639,0.0,0.0
1718397069.4522517,0.0,0.0
1718397069.8128386,0.0,0.0
1718397070.1826558,0.0,0.0
1718397070.5121412,0.0,0.0
1718397071.0327477,0.0,0.0
1718397071.4820838,0.0,0.0
1718397071.8444564,0.0,0.0
1718397072.3867824,0.0,0.0
1718397072.8077629,0.0,0.0
1718397073.1776443,0.0,0.0
1718397073.5289934,0.0,0.0
1718397073.8268917,0.0,0.0
1718397074.2817717,0.0,0.0
1718397074.6151145,0.0,0.0
1718397075.0050566,0.0,0.0
1718397075.4320748,0.0,0.0
1718397075.9007316,0.0,0.0
1718397076.3774438,0.0,0.0
1718397076.9494214,0.0,0.0
1718397077.5554526,0.0,0.0
1718397078.2622213,0.0,0.0
1718397078.8555412,0.0,0.0
1718397079.4543767,0.0,0.0
1718397079.8270843,0.0,0.0
1718397080.2392488,0.0,0.0
1718397080.774639,0.0,0.0
1718397081.4903688,0.0,0.0
1718397081.9695518,0.0,0.0
1718397082.4194043,0.0,0.0
1718397082.942681,0.0,0.0
1718397083.4284065,0.0,0.0
1718397083.935292,0.0,0.0
1718397084.4049404,0.0,0.0
1718397085.015822,0.0,0.0
1718397085.599065,0.0,0.0
1718397086.092619,0.0,0.0
1718397086.632561,0.0,0.0
1718397087.427701,0.0,0.0
1718397088.0694237,0.0,0.0
1718397088.6292384,0.0,0.0
1718397089.0860457,0.0,0.0
1718397089.7173438,0.0,0.0
1718397090.190862,0.0,0.0
1718397090.736821,0.0,0.0
1718397091.4827976,0.0,0.0
1718397091.9683964,0.0,0.0
1718397092.5114007,0.0,0.0
1718397092.9711006,0.0,0.0
1718397093.446386,0.0,0.0
1718397094.0091996,0.0,0.0
1718397094.6608062,0.0,0.0
1718397095.2893672,0.0,0.0
1718397096.0373857,0.0,0.0
1718397096.607344,0.0,0.0
1718397097.184233,0.0,0.0
1718397098.039179,0.0,0.0
1718397098.6902308,0.0,0.0
1718397099.1139307,0.0,0.0
1718397099.6100554,0.0,0.0
1718397100.0533483,0.0,0.0
1718397100.5748067,0.0,0.0
1718397101.0904896,0.0,0.0
1718397101.6674082,0.0,0.0
1718397102.082235,0.0,0.0
1718397102.645084,0.0,0.0
1718397103.1153805,0.0,0.0
1718397103.6365573,0.0,0.0
1718397104.0953758,0.0,0.0
1718397104.6748626,0.0,0.0
1718397105.1086526,0.0,0.0
1718397105.5245662,0.0,0.0
1718397105.920236,0.0,0.0
1718397106.353785,0.0,0.0
1718397106.8682055,0.0,0.0
1718397107.395344,0.0,0.0
1718397107.8363018,0.0,0.0
1718397108.2537515,0.0,0.0
1718397108.7299962,0.0,0.0
1718397109.1889803,0.0,0.0
1718397109.729849,0.0,0.0
1718397110.240657,0.0,0.0
1718397110.5988955,0.0,0.0
1718397110.9926124,0.0,0.0
1718397111.4501102,0.0,0.0
1718397111.8069825,0.0,0.0
1718397112.2360954,0.0,0.0
1718397112.542756,0.0,0.0
1718397112.9005747,0.0,0.0
1718397113.2933779,0.0,0.0
1718397113.6999624,0.0,0.0
1718397113.9772105,0.0,0.0
1718397114.2634542,0.0,0.0
1718397114.57992,0.0,0.0
1718397114.951406,0.0,0.0
1718397115.4873843,0.0,0.0
1718397116.0537827,0.0,0.0
1718397116.5047998,0.0,0.0
1718397116.8483863,0.0,0.0
1718397117.0576792,0.0,0.0
1718397117.261206,0.0,0.0
1718397117.4686704,0.0,0.0
1718397117.667595,0.0,0.0
1718397117.8680024,0.0,0.0
1718397118.0425727,0.0,0.0
1718397118.1983452,0.0,0.0
1718397118.4363961,0.0,0.0
1718397118.6783834,0.0,0.0
1718397119.0002801,0.0,0.0
1718397119.3861012,0.0,0.0
1718397119.7425108,0.0,0.0
1718397120.0862167,0.0,0.0
1718397120.6052954,0.0,0.0
1718397121.0204144,0.0,0.0
1718397121.3182986,0.0,0.0
1718397121.7128253,0.0,0.0
1718397122.0929866,0.0,0.0
1718397122.6543741,0.0,0.0
1718397123.0491922,0.0,0.0
1718397123.500192,0.0,0.0
1718397123.9903798,0.0,0.0
1718397124.3461807,0.0,0.0
1718397124.7761877,0.0,0.0
1718397125.1179338,0.0,0.0
1718397125.4398656,0.0,0.0
1718397125.7893639,0.0,0.0
1718397126.168914,0.0,0.0
1718397126.5403855,0.0,0.0
1718397126.866649,0.0,0.0
1718397127.1762085,0.0,0.0
1718397127.5577416,0.0,0.0
1718397127.8642457,0.0,0.0
1718397128.213633,0.0,0.0
1718397128.7489195,0.0,0.0
1718397129.217832,0.0,0.0
1718397129.560417,0.0,0.0
1718397129.9751759,0.0,0.0
1718397130.4041348,0.0,0.0
1718397130.7352962,0.0,0.0
1718397131.1854463,0.0,0.0
1718397131.6374428,0.0,0.0
1718397132.2186348,0.0,0.0
1718397132.9233265,0.0,0.0
1718397133.640587,0.0,0.0
1718397134.160068,0.0,0.0
1718397134.7578428,0.0,0.0
1718397135.2973714,0.0,0.0
1718397135.8126404,0.0,0.0
1718397136.2729795,0.0,0.0
1718397136.8669357,0.0,0.0
1718397137.4783201,0.0,0.0
1718397137.990351,0.0,0.0
1718397138.450593,0.0,0.0
1718397138.9570909,0.0,0.0
1718397139.491606,0.0,0.0
1718397140.0122411,0.0,0.0
1718397140.5899215,0.0,0.0
1718397141.1783736,0.0,0.0
1718397141.671899,0.0,0.0
1718397142.1537004,0.0,0.0
1718397142.6925998,0.0,0.0
1718397143.4303808,0.0,0.0
1718397144.0474772,0.0,0.0
1718397144.5371864,0.0,0.0
1718397145.2207336,0.0,0.0
1718397145.7996564,0.0,0.0
1718397146.350713,0.0,0.0
1718397146.8258977,0.0,0.0
1718397147.493113,0.0,0.0
1718397148.0593312,0.0,0.0
1718397148.5270896,0.0,0.0
1718397148.9561079,0.0,0.0
1718397149.540006,0.0,0.0
1718397150.1765838,0.0,0.0
1718397150.8047454,0.0,0.0
1718397151.4899065,0.0,0.0
1718397152.0517323,0.0,0.0
1718397152.7135754,0.0,0.0
1718397153.3156292,0.0,0.0
1718397153.9048185,0.0,0.0
1718397154.571474,0.0,0.0
1718397155.0456429,0.0,0.0
1718397155.549079,0.0,0.0
1718397155.965084,0.0,0.0
1718397156.4621422,0.0,0.0
1718397156.8962464,0.0,0.0
1718397157.3132286,0.0,0.0
1718397157.7453861,0.0,0.0
1718397158.0727282,0.0,0.0
1718397158.56552,0.0,0.0
1718397159.0423772,0.0,0.0
1718397159.5028944,0.0,0.0
1718397159.9395466,0.0,0.0
1718397160.4333637,0.0,0.0
1718397160.884843,0.0,0.0
1718397161.3733022,0.0,0.0
1718397161.8111491,0.0,0.0
1718397162.2364259,0.0,0.0
1718397162.6285155,0.0,0.0
1718397163.1315103,0.0,0.0
1718397163.6750925,0.0,0.0
1718397164.1521761,0.0,0.0
1718397164.608269,0.0,0.0
1718397165.1148674,0.0,0.0
1718397165.6126714,0.0,0.0
1718397166.0253942,0.0,0.0
1718397166.4339883,0.0,0.0
1718397166.9913654,0.0,0.0
1718397167.3774548,0.0,0.0
1718397167.7748992,0.0,0.0
1718397168.1575627,0.0,0.0
1718397168.51465,0.0,0.0
1718397168.9430573,0.0,0.0
1718397169.2860525,0.0,0.0
1718397169.6333942,0.0,0.0
1718397170.0321748,0.0,0.0
1718397170.4485886,0.0,0.0
1718397170.8627768,0.0,0.0
1718397171.2098978,0.0,0.0
1718397171.5692794,0.0,0.0
1718397172.2083359,0.0,0.0
1718397172.8503697,0.0,0.0
1718397173.3686452,0.0,0.0
1718397173.5790734,0.0,0.0
1718397173.7903602,0.0,0.0
1718397173.991635,0.0,0.0
1718397174.2062309,0.0,0.0
1718397174.4051285,0.0,0.0
1718397174.5656435,0.0,0.0
1718397174.8051665,0.0,0.0
1718397175.0323756,0.0,0.0
1718397175.295845,0.0,0.0
1718397175.7826262,0.0,0.0
1718397176.2807684,0.0,0.0
1718397176.7023764,0.0,0.0
1718397177.197374,0.0,0.0
1718397177.5419984,0.0,0.0
1718397177.824565,0.0,0.0
1718397178.201746,0.0,0.0
1718397178.5602705,0.0,0.0
1718397178.9685545,0.0,0.0
1718397179.5272138,0.0,0.0
1718397180.0696995,0.0,0.0
1718397180.5015976,0.0,0.0
1718397180.8968794,0.0,0.0
1718397181.3530672,0.0,0.0
1718397181.6619365,0.0,0.0
1718397182.0106354,0.0,0.0
1718397182.3550985,0.0,0.0
1718397182.7912226,0.0,0.0
1718397183.1446195,0.0,0.0
1718397183.629908,0.0,0.0
1718397184.0267856,0.0,0.0
1718397184.408402,0.0,0.0
1718397184.8370738,0.0,0.0
1718397185.3380895,0.0,0.0
1718397185.7487288,0.0,0.0
1718397186.1340256,0.0,0.0
1718397186.5629485,0.0,0.0
1718397186.9670663,0.0,0.0
1718397187.3057706,0.0,0.0
1718397187.6849666,0.0,0.0
1718397188.1787248,0.0,0.0
1718397188.8343692,0.0,0.0
1718397189.3593912,0.0,0.0
1718397189.9822545,0.0,0.0
1718397190.4715703,0.0,0.0
1718397191.100885,0.0,0.0
1718397191.6174886,0.0,0.0
1718397192.2152345,0.0,0.0
1718397192.6455529,0.0,0.0
1718397193.1263433,0.0,0.0
1718397193.7228181,0.0,0.0
1718397194.4781942,0.0,0.0
1718397194.9157255,0.0,0.0
1718397195.3718858,0.0,0.0
1718397195.8574927,0.0,0.0
1718397196.4139013,0.0,0.0
1718397197.1293035,0.0,0.0
1718397197.7233887,0.0,0.0
1718397198.230313,0.0,0.0
1718397198.7376153,0.0,0.0
1718397199.637883,0.0,0.0
1718397200.3076577,0.0,0.0
1718397200.712677,0.0,0.0
1718397201.1778352,0.0,0.0
1718397201.7249372,0.0,0.0
1718397202.2072732,0.0,0.0
1718397202.7865,0.0,0.0
1718397203.2633948,0.0,0.0
1718397203.8623095,0.0,0.0
1718397204.458629,0.0,0.0
1718397204.9749808,0.0,0.0
1718397205.4239318,0.0,0.0
1718397205.9204729,0.0,0.0
1718397206.519809,0.0,0.0
1718397207.1712453,0.0,0.0
1718397207.8033562,0.0,0.0
1718397208.4648669,0.0,0.0
1718397209.0340745,0.0,0.0
1718397209.6013482,0.0,0.0
1718397210.1380877,0.0,0.0
1718397210.6051252,0.0,0.0
1718397211.1176283,0.0,0.0
1718397211.5896132,0.0,0.0
1718397211.9463732,0.0,0.0
1718397212.3618448,0.0,0.0
1718397212.713665,0.0,0.0
1718397213.1554644,0.0,0.0
1718397213.6195729,0.0,0.0
1718397214.0585752,0.0,0.0
1718397214.5855598,0.0,0.0
1718397215.013266,0.0,0.0
1718397215.5099187,0.0,0.0
1718397215.9916556,0.0,0.0
1718397216.437481,0.0,0.0
1718397216.927339,0.0,0.0
1718397217.3534298,0.0,0.0
1718397217.7799997,0.0,0.0
1718397218.1982572,0.0,0.0
1718397218.549129,0.0,0.0
1718397218.975449,0.0,0.0
1718397219.4943705,0.0,0.0
1718397219.9255154,0.0,0.0
1718397220.3802514,0.0,0.0
1718397220.8166416,0.0,0.0
1718397221.2316096,0.0,0.0
1718397221.6512067,0.0,0.0
1718397222.0618072,0.0,0.0
1718397222.474855,0.0,0.0
1718397222.9122148,0.0,0.0
1718397223.3237934,0.0,0.0
1718397223.760236,0.0,0.0
1718397224.1762261,0.0,0.0
1718397224.5660703,0.0,0.0
1718397225.0173974,0.0,0.0
1718397225.390211,0.0,0.0
1718397225.812802,0.0,0.0
1718397226.1516697,0.0,0.0
1718397226.4857621,0.0,0.0
1718397226.780052,0.0,0.0
1718397227.1817286,0.0,0.0
1718397227.5739257,0.0,0.0
1718397227.855642,0.0,0.0
1718397228.1242323,0.0,0.0
1718397228.6601868,0.0,0.0
1718397229.1050577,0.0,0.0
1718397229.683854,0.0,0.0
1718397230.2830307,0.0,0.0
1718397230.4954689,0.0,0.0
1718397230.721308,0.0,0.0
1718397230.9269166,0.0,0.0
1718397231.129873,0.0,0.0
1718397231.3324177,0.0,0.0
1718397231.553107,0.0,0.0
1718397231.7891805,0.0,0.0
1718397232.0127873,0.0,0.0
1718397232.308358,0.0,0.0
1718397232.6724827,0.0,0.0
1718397232.9893427,0.0,0.0
1718397233.4461846,0.0,0.0
1718397233.8914382,0.0,0.0
1718397234.326512,0.0,0.0
1718397234.631171,0.0,0.0
1718397235.0554614,0.0,0.0
1718397235.3866851,0.0,0.0
1718397235.7477467,0.0,0.0
1718397236.2303777,0.0,0.0
1718397236.8307433,0.0,0.0
1718397237.255965,0.0,0.0
1718397237.689794,0.0,0.0
1718397238.049322,0.0,0.0
1718397238.3568316,0.0,0.0
1718397238.7198212,0.0,0.0
1718397239.0516636,0.0,0.0
1718397239.430371,0.0,0.0
1718397239.7574284,0.0,0.0
1718397240.2696054,0.0,0.0
1718397240.6344821,0.0,0.0
1718397240.9414485,0.0,0.0
1718397241.4495778,0.0,0.0
1718397241.9280424,0.0,0.0
1718397242.4079492,0.0,0.0
1718397242.8765042,0.0,0.0
1718397243.2273192,0.0,0.0
1718397243.5813174,0.0,0.0
1718397243.994825,0.0,0.0
1718397244.3782842,0.0,0.0
1718397244.777624,0.0,0.0
1718397245.3411107,0.0,0.0
1718397246.0138965,0.0,0.0
1718397246.5520759,0.0,0.0
1718397247.2779264,0.0,0.0
1718397247.8577433,0.0,0.0
1718397248.6061423,0.0,0.0
1718397249.0926676,0.0,0.0
1718397249.6043727,0.0,0.0
1718397250.1736128,0.0,0.0
1718397250.7900712,0.0,0.0
1718397251.2798862,0.0,0.0
1718397251.7270334,0.0,0.0
1718397252.2683618,0.0,0.0
1718397252.8135557,0.0,0.0
1718397253.3097095,0.0,0.0
1718397253.9226303,0.0,0.0
1718397254.518768,0.0,0.0
1718397254.9962626,0.0,0.0
1718397255.5143814,0.0,0.0
1718397256.3143811,0.0,0.0
1718397257.1154704,0.0,0.0
1718397257.5475824,0.0,0.0
1718397258.1130877,0.0,0.0
1718397258.6662352,0.0,0.0
1718397259.2408435,0.0,0.0
1718397259.812057,0.0,0.0
1718397260.415746,0.0,0.0
1718397260.990483,0.0,0.0
1718397261.6248536,0.0,0.0
1718397262.0327342,0.0,0.0
1718397262.5879145,0.0,0.0
1718397263.161223,0.0,0.0
1718397263.863203,0.0,0.0
1718397264.5073314,0.0,0.0
1718397265.1514862,0.0,0.0
1718397265.8832047,0.0,0.0
1718397266.4798617,0.0,0.0
1718397267.288681,0.0,0.0
1718397267.8936543,0.0,0.0
1718397268.3195672,0.0,0.0
1718397268.8157902,0.0,0.0
1718397269.267399,0.0,0.0
1718397269.757263,0.0,0.0
1718397270.3688433,0.0,0.0
1718397270.9802947,0.0,0.0
1718397271.4232805,0.0,0.0
1718397271.9011214,0.0,0.0
1718397272.3789,0.0,0.0
1718397272.8098156,0.0,0.0
1718397273.2401004,0.0,0.0
1718397273.7194648,0.0,0.0
1718397274.2540202,0.0,0.0
1718397274.7154903,0.0,0.0
1718397275.260221,0.0,0.0
1718397275.688201,0.0,0.0
1718397276.1044576,0.0,0.0
1718397276.6063135,0.0,0.0
1718397277.067832,0.0,0.0
1718397277.5045261,0.0,0.0
1718397277.8894234,0.0,0.0
1718397278.2840471,0.0,0.0
1718397278.6747355,0.0,0.0
1718397279.1507804,0.0,0.0
1718397279.6089237,0.0,0.0
1718397280.1720994,0.0,0.0
1718397280.5135367,0.0,0.0
1718397280.9181862,0.0,0.0
1718397281.3325522,0.0,0.0
1718397281.7388778,0.0,0.0
1718397282.1579468,0.0,0.0
1718397282.5061855,0.0,0.0
1718397282.786503,0.0,0.0
1718397283.0703304,0.0,0.0
1718397283.3656297,0.0,0.0
1718397283.7575247,0.0,0.0
1718397284.1486354,0.0,0.0
1718397284.4256663,0.0,0.0
1718397284.7484975,0.0,0.0
1718397285.2668922,0.0,0.0
1718397285.8291824,0.0,0.0
1718397286.3271441,0.0,0.0
1718397286.5923588,0.0,0.0
1718397286.811572,0.0,0.0
1718397287.018913,0.0,0.0
1718397287.2222254,0.0,0.0
1718397287.4283638,0.0,0.0
1718397287.6462529,0.0,0.0
1718397287.8216174,0.0,0.0
1718397288.0300386,0.0,0.0
1718397288.2306776,0.0,0.0
1718397288.4732218,0.0,0.0
1718397288.7375994,0.0,0.0
1718397289.2051659,0.0,0.0
1718397289.5613732,0.0,0.0
1718397289.972992,0.0,0.0
1718397290.3272636,0.0,0.0
1718397290.6461709,0.0,0.0
1718397291.0251431,0.0,0.0
1718397291.3819957,0.0,0.0
1718397291.758654,0.0,0.0
1718397292.0862439,0.0,0.0
1718397292.5638134,0.0,0.0
1718397293.181535,0.0,0.0
1718397293.5593646,0.0,0.0
1718397293.930269,0.0,0.0
1718397294.3331966,0.0,0.0
1718397294.6961792,0.0,0.0
1718397295.0396874,0.0,0.0
1718397295.375597,0.0,0.0
1718397295.738133,0.0,0.0
1718397296.104874,0.0,0.0
1718397296.478865,0.0,0.0
1718397296.8825188,0.0,0.0
1718397297.2402015,0.0,0.0
1718397297.5986378,0.0,0.0
1718397297.9497883,0.0,0.0
1718397298.3298442,0.0,0.0
1718397298.7861733,0.0,0.0
1718397299.2587614,0.0,0.0
1718397299.6001313,0.0,0.0
1718397300.0215266,0.0,0.0
1718397300.452286,0.0,0.0
1718397300.8524601,0.0,0.0
1718397301.2524507,0.0,0.0
1718397301.6773312,0.0,0.0
1718397302.2421672,0.0,0.0
1718397302.835062,0.0,0.0
1718397303.5775027,0.0,0.0
1718397304.2051294,0.0,0.0
1718397304.9496229,0.0,0.0
1718397305.4826486,0.0,0.0
1718397305.9063807,0.0,0.0
1718397306.3227632,0.0,0.0
1718397306.8567996,0.0,0.0
1718397307.4061239,0.0,0.0
1718397308.1565707,0.0,0.0
1718397308.6491213,0.0,0.0
1718397309.16124,0.0,0.0
1718397309.7133071,0.0,0.0
1718397310.259155,0.0,0.0
1718397310.7823727,0.0,0.0
1718397311.348878,0.0,0.0
1718397311.852504,0.0,0.0
1718397312.4629047,0.0,0.0
1718397313.2993739,0.0,0.0
1718397313.983489,0.0,0.0
1718397314.4578032,0.0,0.0
1718397315.1486077,0.0,0.0
1718397315.680279,0.0,0.0
1718397316.2661016,0.0,0.0
1718397316.915867,0.0,0.0
1718397317.4686255,0.0,0.0
1718397317.9687088,0.0,0.0
1718397318.6114688,0.0,0.0
1718397319.0397277,0.0,0.0
1718397319.5260024,0.0,0.0
1718397320.1078727,0.0,0.0
1718397320.765498,0.0,0.0
1718397321.396544,0.0,0.0
1718397322.152545,0.0,0.0
1718397322.8128724,0.0,0.0
1718397323.4545035,0.0,0.0
1718397324.5163512,0.0,0.0
1718397325.089387,0.0,0.0
1718397325.5939245,0.0,0.0
1718397326.0717075,0.0,0.0
1718397326.52046,0.0,0.0
1718397327.030369,0.0,0.0
1718397327.560109,0.0,0.0
1718397328.0154076,0.0,0.0
1718397328.468506,0.0,0.0
1718397328.9549434,0.0,0.0
1718397329.4289713,0.0,0.0
1718397329.874133,0.0,0.0
1718397330.3307025,0.0,0.0
1718397330.8323922,0.0,0.0
1718397331.3650956,0.0,0.0
1718397331.7775588,0.0,0.0
1718397332.1793623,0.0,0.0
1718397332.582864,0.0,0.0
1718397332.99621,0.0,0.0
1718397333.391196,0.0,0.0
1718397333.932827,0.0,0.0
1718397334.42677,0.0,0.0
1718397334.82557,0.0,0.0
1718397335.253713,0.0,0.0
1718397335.7033956,0.0,0.0
1718397336.1088753,0.0,0.0
1718397336.5671494,0.0,0.0
1718397337.0736232,0.0,0.0
1718397337.4580255,0.0,0.0
1718397337.9812431,0.0,0.0
1718397338.3299205,0.0,0.0
1718397338.7558837,0.0,0.0
1718397339.0324564,0.0,0.0
1718397339.2693079,0.0,0.0
1718397339.6220424,0.0,0.0
1718397340.009632,0.0,0.0
1718397340.3776088,0.0,0.0
1718397340.6801858,0.0,0.0
1718397340.986335,0.0,0.0
1718397341.2811108,0.0,0.0
1718397341.862021,0.0,0.0
1718397342.5199265,0.0,0.0
1718397343.0360773,0.0,0.0
1718397343.2818995,0.0,0.0
1718397343.5486603,0.0,0.0
1718397343.7581947,0.0,0.0
1718397343.9659011,0.0,0.0
1718397344.1717923,0.0,0.0
1718397344.3814814,0.0,0.0
1718397344.5899305,0.0,0.0
1718397344.826875,0.0,0.0
1718397345.1226916,0.0,0.0
1718397345.3591816,0.0,0.0
1718397345.6947927,0.0,0.0
1718397346.1774018,0.0,0.0
1718397346.5552742,0.0,0.0
1718397346.8960502,0.0,0.0
1718397347.2961676,0.0,0.0
1718397347.6434934,0.0,0.0
1718397347.940048,0.0,0.0
1718397348.2999377,0.0,0.0
1718397348.65182,0.0,0.0
1718397349.042735,0.0,0.0
1718397349.5118222,0.0,0.0
1718397349.9677389,0.0,0.0
1718397350.4632041,0.0,0.0
1718397350.842797,0.0,0.0
1718397351.2202775,0.0,0.0
1718397351.5380933,0.0,0.0
1718397351.8855531,0.0,0.0
1718397352.187153,0.0,0.0
1718397352.5567174,0.0,0.0
1718397352.9415832,0.0,0.0
1718397353.2817063,0.0,0.0
1718397353.7141507,0.0,0.0
1718397354.0511568,0.0,0.0
1718397354.4553254,0.0,0.0
1718397354.831331,0.0,0.0
1718397355.3083794,0.0,0.0
1718397355.7533693,0.0,0.0
1718397356.1130664,0.0,0.0
1718397356.614965,0.0,0.0
1718397356.968378,0.0,0.0
1718397357.3239176,0.0,0.0
1718397357.7460496,0.0,0.0
1718397358.1760995,0.0,0.0
1718397358.6492865,0.0,0.0
1718397359.1759675,0.0,0.0
1718397359.7429707,0.0,0.0
1718397360.39082,0.0,0.0
1718397360.9877775,0.0,0.0
1718397361.511001,0.0,0.0
1718397362.0940962,0.0,0.0
1718397362.5809472,0.0,0.0
1718397362.9698424,0.0,0.0
1718397363.4789488,0.0,0.0
1718397364.0222185,0.0,0.0
1718397364.523094,0.0,0.0
1718397365.0561013,0.0,0.0
1718397365.4728076,0.0,0.0
1718397365.9297216,0.0,0.0
1718397366.4367275,0.0,0.0
1718397366.9877334,0.0,0.0
1718397367.4767926,0.0,0.0
1718397368.0568664,0.0,0.0
1718397368.549594,0.0,0.0
1718397369.0189717,0.0,0.0
1718397369.529147,0.0,0.0
1718397370.195503,0.0,0.0
1718397370.9740033,0.0,0.0
1718397371.6968613,0.0,0.0
1718397372.3128366,0.0,0.0
1718397372.853222,0.0,0.0
1718397373.4481459,0.0,0.0
1718397374.170209,0.0,0.0
1718397374.831454,0.0,0.0
1718397375.3848267,0.0,0.0
1718397375.857025,0.0,0.0
1718397376.4223921,0.0,0.0
1718397377.0339625,0.0,0.0
1718397377.7096705,0.0,0.0
1718397378.3763485,0.0,0.0
1718397379.0440264,0.0,0.0
1718397379.7032847,0.0,0.0
1718397380.299182,0.0,0.0
1718397380.8369224,0.0,0.0
1718397381.3433197,0.0,0.0
1718397381.83546,0.0,0.0
1718397382.3156066,0.0,0.0
1718397382.7911856,0.0,0.0
1718397383.2698882,0.0,0.0
1718397383.720228,0.0,0.0
1718397384.2386403,0.0,0.0
1718397384.901346,0.0,0.0
1718397385.3765106,0.0,0.0
1718397385.8627486,0.0,0.0
1718397386.3375797,0.0,0.0
1718397386.8405619,0.0,0.0
1718397387.3604395,0.0,0.0
1718397387.8352315,0.0,0.0
1718397388.268732,0.0,0.0
1718397388.8558087,0.0,0.0
1718397389.2888286,0.0,0.0
1718397389.6908998,0.0,0.0
1718397390.1626425,0.0,0.0
1718397390.5885274,0.0,0.0
1718397391.1194701,0.0,0.0
1718397391.6563041,0.0,0.0
1718397392.0791028,0.0,0.0
1718397392.539986,0.0,0.0
1718397393.0112557,0.0,0.0
1718397393.5101454,0.0,0.0
1718397393.9042773,0.0,0.0
1718397394.2583742,0.0,0.0
1718397394.6722255,0.0,0.0
1718397395.1926692,0.0,0.0
1718397395.55894,0.0,0.0
1718397396.0144806,0.0,0.0
1718397396.3469312,0.0,0.0
1718397396.7498572,0.0,0.0
1718397397.0401092,0.0,0.0
1718397397.429505,0.0,0.0
1718397397.8031585,0.0,0.0
1718397398.0916703,0.0,0.0
1718397398.3523986,0.0,0.0
1718397398.8013234,0.0,0.0
1718397399.3649821,0.0,0.0
1718397399.9330528,0.0,0.0
1718397400.3749192,0.0,0.0
1718397400.6714742,0.0,0.0
1718397400.879573,0.0,0.0
1718397401.0866165,0.0,0.0
1718397401.3188303,0.0,0.0
1718397401.526248,0.0,0.0
1718397401.7778327,0.0,0.0
1718397401.9459589,0.0,0.0
1718397402.1629593,0.0,0.0
1718397402.4093175,0.0,0.0
1718397402.685957,0.0,0.0
1718397403.1666458,0.0,0.0
1718397403.7230709,0.0,0.0
1718397404.2270741,0.0,0.0
1718397404.5786505,0.0,0.0
1718397404.928417,0.0,0.0
1718397405.279282,0.0,0.0
1718397405.6070604,0.0,0.0
1718397405.962681,0.0,0.0
1718397406.48731,0.0,0.0
1718397406.859484,0.0,0.0
1718397407.271196,0.0,0.0
1718397407.7635918,0.0,0.0
1718397408.1219192,0.0,0.0
1718397408.4931717,0.0,0.0
1718397408.9152844,0.0,0.0
1718397409.287789,0.0,0.0
1718397409.6359844,0.0,0.0
1718397409.9679122,0.0,0.0
1718397410.327032,0.0,0.0
1718397410.682173,0.0,0.0
1718397411.018085,0.0,0.0
1718397411.3622816,0.0,0.0
1718397411.6953502,0.0,0.0
1718397412.043436,0.0,0.0
1718397412.4847262,0.0,0.0
1718397412.867393,0.0,0.0
1718397413.3485744,0.0,0.0
1718397413.724594,0.0,0.0
1718397414.127769,0.0,0.0
1718397414.4615026,0.0,0.0
1718397414.8646705,0.0,0.0
1718397415.2445302,0.0,0.0
1718397415.7121196,0.0,0.0
1718397416.322629,0.0,0.0
1718397416.8220139,0.0,0.0
1718397417.4604375,0.0,0.0
1718397418.0021114,0.0,0.0
1718397418.61292,0.0,0.0
1718397419.221057,0.0,0.0
1718397419.7421198,0.0,0.0
1718397420.1925642,0.0,0.0
1718397420.6840286,0.0,0.0
1718397421.3837306,0.0,0.0
1718397422.042877,0.0,0.0
1718397422.5160227,0.0,0.0
1718397423.0280354,0.0,0.0
1718397423.5739887,0.0,0.0
1718397424.1386778,0.0,0.0
1718397424.618651,0.0,0.0
1718397425.2586365,0.0,0.0
1718397425.8159695,0.0,0.0
1718397426.2341576,0.0,0.0
1718397426.8202791,0.0,0.0
1718397427.4589133,0.0,0.0
1718397428.317532,0.0,0.0
1718397428.8543077,0.0,0.0
1718397429.4161103,0.0,0.0
1718397429.9164002,0.0,0.0
1718397430.6315036,0.0,0.0
1718397431.2047598,0.0,0.0
1718397431.7588325,0.0,0.0
1718397432.373661,0.0,0.0
1718397432.9639213,0.0,0.0
1718397433.374048,0.0,0.0
1718397433.9653606,0.0,0.0
1718397434.5867183,0.0,0.0
1718397435.3095992,0.0,0.0
1718397435.9663644,0.0,0.0
1718397436.664635,0.0,0.0
1718397437.2577648,0.0,0.0
1718397437.85392,0.0,0.0
1718397438.3936236,0.0,0.0
1718397438.9072835,0.0,0.0
1718397439.4010823,0.0,0.0
1718397439.9353647,0.0,0.0
1718397440.4260693,0.0,0.0
1718397440.9258873,0.0,0.0
1718397441.387173,0.0,0.0
1718397441.9647362,0.0,0.0
1718397442.6355035,0.0,0.0
1718397443.0053778,0.0,0.0
1718397443.502396,0.0,0.0
1718397443.992815,0.0,0.0
1718397444.4775505,0.0,0.0
1718397445.0092132,0.0,0.0
1718397445.5183833,0.0,0.0
1718397445.9768615,0.0,0.0
1718397446.3814528,0.0,0.0
1718397446.7389681,0.0,0.0
1718397447.1529622,0.0,0.0
1718397447.5517712,0.0,0.0
1718397448.003313,0.0,0.0
1718397448.4968164,0.0,0.0
1718397448.9108293,0.0,0.0
1718397449.376423,0.0,0.0
1718397449.8509474,0.0,0.0
1718397450.3198526,0.0,0.0
1718397450.8387814,0.0,0.0
1718397451.2632325,0.0,0.0
1718397451.702007,0.0,0.0
1718397452.1026585,0.0,0.0
1718397452.4962583,0.0,0.0
1718397452.906382,0.0,0.0
1718397453.266186,0.0,0.0
1718397453.852406,0.0,0.0
1718397454.2098658,0.0,0.0
1718397454.6037025,0.0,0.0
1718397454.9983695,0.0,0.0
1718397455.339062,0.0,0.0
1718397455.7303083,0.0,0.0
1718397456.0924387,0.0,0.0
1718397456.7858453,0.0,0.0
1718397457.2538736,0.0,0.0
1718397457.7161644,0.0,0.0
1718397458.020499,0.0,0.0
1718397458.2362206,0.0,0.0
1718397458.4427345,0.0,0.0
1718397458.6494882,0.0,0.0
1718397458.8574262,0.0,0.0
1718397459.065839,0.0,0.0
1718397459.279459,0.0,0.0
1718397459.505711,0.0,0.0
1718397459.7520862,0.0,0.0
1718397459.9556437,0.0,0.0
1718397460.2960715,0.0,0.0
1718397460.7005744,0.0,0.0
1718397461.0990212,0.0,0.0
1718397461.6427655,0.0,0.0
1718397462.1377702,0.0,0.0
1718397462.4858816,0.0,0.0
1718397462.8026443,0.0,0.0
1718397463.1286225,0.0,0.0
1718397463.6177444,0.0,0.0
1718397464.141058,0.0,0.0
1718397464.5503728,0.0,0.0
1718397465.0563045,0.0,0.0
1718397465.4131439,0.0,0.0
1718397465.743889,0.0,0.0
1718397466.1411307,0.0,0.0
1718397466.4651086,0.0,0.0
1718397466.7686658,0.0,0.0
1718397467.151096,0.0,0.0
1718397467.5675163,0.0,0.0
1718397467.9141033,0.0,0.0
1718397468.3906603,0.0,0.0
1718397468.7867858,0.0,0.0
1718397469.1646395,0.0,0.0
1718397469.6030934,0.0,0.0
1718397470.0956132,0.0,0.0
1718397470.4851818,0.0,0.0
1718397471.0062556,0.0,0.0
1718397471.3675258,0.0,0.0
1718397471.7687728,0.0,0.0
1718397472.2105618,0.0,0.0
1718397472.702314,0.0,0.0
1718397473.2117548,0.0,0.0
1718397473.705391,0.0,0.0
1718397474.2839146,0.0,0.0
1718397474.9199004,0.0,0.0
1718397475.5389202,0.0,0.0
1718397476.1406796,0.0,0.0
1718397476.7809782,0.0,0.0
1718397477.1784446,0.0,0.0
1718397477.7009633,0.0,0.0
1718397478.2942617,0.0,0.0
1718397479.04873,0.0,0.0
1718397479.5416944,0.0,0.0
1718397480.011604,0.0,0.0
1718397480.5186663,0.0,0.0
1718397481.0108883,0.0,0.0
1718397481.568209,0.0,0.0
1718397482.0803351,0.0,0.0
1718397482.6124613,0.0,0.0
1718397483.0802338,0.0,0.0
1718397483.4999394,0.0,0.0
1718397484.063569,0.0,0.0
1718397484.9252503,0.0,0.0
1718397485.6414025,0.0,0.0
1718397486.162578,0.0,0.0
1718397486.7210968,0.0,0.0
1718397487.314631,0.0,0.0
1718397487.8661098,0.0,0.0
1718397488.4926703,0.0,0.0
1718397489.1423032,0.0,0.0
1718397489.7506528,0.0,0.0
1718397490.3441472,0.0,0.0
1718397490.796213,0.0,0.0
1718397491.5270185,0.0,0.0
1718397492.1975615,0.0,0.0
1718397492.9043453,0.0,0.0
1718397493.575898,0.0,0.0
1718397494.2710938,0.0,0.0
1718397494.9274328,0.0,0.0
1718397495.4853857,0.0,0.0
1718397496.0096142,0.0,0.0
1718397496.5897284,0.0,0.0
1718397497.0968542,0.0,0.0
1718397497.6794813,0.0,0.0
1718397498.1414962,0.0,0.0
1718397498.7433362,0.0,0.0
1718397499.2743979,0.0,0.0
1718397499.8329272,0.0,0.0
1718397500.273561,0.0,0.0
1718397500.765721,0.0,0.0
1718397501.2260892,0.0,0.0
1718397501.6953943,0.0,0.0
1718397502.134337,0.0,0.0
1718397502.541403,0.0,0.0
1718397503.0657473,0.0,0.0
1718397503.5236526,0.0,0.0
1718397503.944768,0.0,0.0
1718397504.3749382,0.0,0.0
1718397504.8271346,0.0,0.0
1718397505.3306332,0.0,0.0
1718397505.7666955,0.0,0.0
1718397506.2467856,0.0,0.0
1718397506.6973133,0.0,0.0
1718397507.15204,0.0,0.0
1718397507.6895638,0.0,0.0
1718397508.1660476,0.0,0.0
1718397508.596017,0.0,0.0
1718397508.969617,0.0,0.0
1718397509.3657475,0.0,0.0
1718397509.7697833,0.0,0.0
1718397510.1642256,0.0,0.0
1718397510.7424893,0.0,0.0
1718397511.0978315,0.0,0.0
1718397511.4735389,0.0,0.0
1718397511.795383,0.0,0.0
1718397512.1970096,0.0,0.0
1718397512.4591901,0.0,0.0
1718397512.7487125,0.0,0.0
1718397513.3626404,0.0,0.0
1718397514.0464969,0.0,0.0
1718397514.4967213,0.0,0.0
1718397514.744689,0.0,0.0
1718397514.9869359,0.0,0.0
1718397515.2022357,0.0,0.0
1718397515.410303,0.0,0.0
1718397515.6190326,0.0,0.0
1718397515.84287,0.0,0.0
1718397516.0417106,0.0,0.0
1718397516.2646995,0.0,0.0
1718397516.491731,0.0,0.0
1718397516.6854794,0.0,0.0
1718397517.0547073,0.0,0.0
1718397517.5411913,0.0,0.0
1718397517.919818,0.0,0.0
1718397518.4649174,0.0,0.0
1718397518.9028478,0.0,0.0
1718397519.2137387,0.0,0.0
1718397519.5237565,0.0,0.0
1718397519.8999562,0.0,0.0
1718397520.282377,0.0,0.0
1718397520.6997216,0.0,0.0
1718397521.1257637,0.0,0.0
1718397521.7015347,0.0,0.0
1718397522.1211426,0.0,0.0
1718397522.554895,0.0,0.0
1718397522.9918041,0.0,0.0
1718397523.3004391,0.0,0.0
1718397523.6216748,0.0,0.0
1718397523.9610956,0.0,0.0
1718397524.3140278,0.0,0.0
1718397524.6338813,0.0,0.0
1718397524.9910414,0.0,0.0
1718397525.3926442,0.0,0.0
1718397525.7964673,0.0,0.0
1718397526.1924486,0.0,0.0
1718397526.6450853,0.0,0.0
1718397527.0867958,0.0,0.0
1718397527.4866612,0.0,0.0
1718397527.8543696,0.0,0.0
1718397528.2973092,0.0,0.0
1718397528.661119,0.0,0.0
1718397529.13109,0.0,0.0
1718397529.4934468,0.0,0.0
1718397530.0400944,0.0,0.0
1718397530.577256,0.0,0.0
1718397531.1764657,0.0,0.0
1718397531.9304957,0.0,0.0
1718397532.532124,0.0,0.0
1718397533.2837772,0.0,0.0
1718397533.858239,0.0,0.0
1718397534.2900145,0.0,0.0
1718397534.8121722,0.0,0.0
1718397535.3726017,0.0,0.0
1718397535.9263687,0.0,0.0
1718397536.512543,0.0,0.0
1718397537.0271935,0.0,0.0
1718397537.5177312,0.0,0.0
1718397538.0230532,0.0,0.0
1718397538.5228229,0.0,0.0
1718397539.2498221,0.0,0.0
1718397539.8479536,0.0,0.0
1718397540.3277254,0.0,0.0
1718397540.8463793,0.0,0.0
1718397541.4797153,0.0,0.0
1718397542.257827,0.0,0.0
1718397542.7807975,0.0,0.0
1718397543.3542597,0.0,0.0
1718397543.8165226,0.0,0.0
1718397544.5495162,0.0,0.0
1718397545.192592,0.0,0.0
1718397545.8447638,0.0,0.0
1718397546.3240879,0.0,0.0
1718397546.846379,0.0,0.0
1718397547.2566345,0.0,0.0
1718397547.8050232,0.0,0.0
1718397548.3674097,0.0,0.0
1718397549.0570774,0.0,0.0
1718397549.7090962,0.0,0.0
1718397550.3802278,0.0,0.0
1718397551.1554556,0.0,0.0
1718397551.7532387,0.0,0.0
1718397552.6000214,0.0,0.0
1718397553.093148,0.0,0.0
1718397553.5018427,0.0,0.0
1718397553.8638587,0.0,0.0
1718397554.3823755,0.0,0.0
1718397554.8536835,0.0,0.0
1718397555.4576135,0.0,0.0
1718397555.9822927,0.0,0.0
1718397556.4442728,0.0,0.0
1718397556.8509614,0.0,0.0
1718397557.3475733,0.0,0.0
1718397557.830933,0.0,0.0
1718397558.2893686,0.0,0.0
1718397558.7522902,0.0,0.0
1718397559.194183,0.0,0.0
1718397559.7199,0.0,0.0
1718397560.305286,0.0,0.0
1718397560.7335389,0.0,0.0
1718397561.1404657,0.0,0.0
1718397561.6106374,0.0,0.0
1718397562.0681114,0.0,0.0
1718397562.4872873,0.0,0.0
1718397562.975534,0.0,0.0
1718397563.3797946,0.0,0.0
1718397563.8042614,0.0,0.0
1718397564.287671,0.0,0.0
1718397564.7235146,0.0,0.0
1718397565.1569576,0.0,0.0
1718397565.7030144,0.0,0.0
1718397566.0757992,0.0,0.0
1718397566.491288,0.0,0.0
1718397567.0146763,0.0,0.0
1718397567.4156554,0.0,0.0
1718397567.835888,0.0,0.0
1718397568.1972244,0.0,0.0
1718397568.5857213,0.0,0.0
1718397569.01215,0.0,0.0
1718397569.3946335,0.0,0.0
1718397569.7551088,0.0,0.0
1718397570.0637474,0.0,0.0
1718397570.5133274,0.0,0.0
1718397571.086677,0.0,0.0
1718397571.6864862,0.0,0.0
1718397572.2243688,0.0,0.0
1718397572.442767,0.0,0.0
1718397572.6573813,0.0,0.0
1718397572.869952,0.0,0.0
1718397573.0776367,0.0,0.0
1718397573.3030343,0.0,0.0
1718397573.480717,0.0,0.0
1718397573.7194257,0.0,0.0
1718397573.9330683,0.0,0.0
1718397574.299592,0.0,0.0
1718397574.7446625,0.0,0.0
1718397575.083262,0.0,0.0
1718397575.505924,0.0,0.0
1718397576.0461576,0.0,0.0
1718397576.4206996,0.0,0.0
1718397576.7497997,0.0,0.0
1718397577.0807548,0.0,0.0
1718397577.4047155,0.0,0.0
1718397577.7400656,0.0,0.0
1718397578.110168,0.0,0.0
1718397578.4263682,0.0,0.0
1718397578.865163,0.0,0.0
1718397579.2616277,0.0,0.0
1718397579.5922918,0.0,0.0
1718397579.9485047,0.0,0.0
1718397580.2622786,0.0,0.0
1718397580.6232731,0.0,0.0
1718397580.984364,0.0,0.0
1718397581.2866316,0.0,0.0
1718397581.7077186,0.0,0.0
1718397582.049292,0.0,0.0
1718397582.3898852,0.0,0.0
1718397582.700619,0.0,0.0
1718397583.091454,0.0,0.0
1718397583.4760082,0.0,0.0
1718397584.0078368,0.0,0.0
1718397584.4917681,0.0,0.0
1718397584.859806,0.0,0.0
1718397585.235178,0.0,0.0
1718397585.6093044,0.0,0.0
1718397586.054035,0.0,0.0
1718397586.409596,0.0,0.0
1718397586.782905,0.0,0.0
1718397587.2839954,0.0,0.0
1718397587.8901591,0.0,0.0
1718397588.5539002,0.0,0.0
1718397589.1583786,0.0,0.0
1718397589.712924,0.0,0.0
1718397590.3312294,0.0,0.0
1718397590.8571532,0.0,0.0
1718397591.436445,0.0,0.0
1718397591.9522147,0.0,0.0
1718397592.4930294,0.0,0.0
1718397593.2648666,0.0,0.0
1718397593.7578306,0.0,0.0
1718397594.2172775,0.0,0.0
1718397594.671845,0.0,0.0
1718397595.2271159,0.0,0.0
1718397595.7733762,0.0,0.0
1718397596.3008862,0.0,0.0
1718397596.9647262,0.0,0.0
1718397597.4343135,0.0,0.0
1718397597.958353,0.0,0.0
1718397598.7066383,0.0,0.0
1718397599.5716457,0.0,0.0
1718397600.0561793,0.0,0.0
1718397600.6173332,0.0,0.0
1718397601.2406385,0.0,0.0
1718397601.7448885,0.0,0.0
1718397602.352566,0.0,0.0
1718397602.870855,0.0,0.0
1718397603.4721699,0.0,0.0
1718397603.9998395,0.0,0.0
1718397604.4000764,0.0,0.0
1718397604.8738556,0.0,0.0
1718397605.3714142,0.0,0.0
1718397605.9716985,0.0,0.0
1718397606.733033,0.0,0.0
1718397607.456914,0.0,0.0
1718397608.1286168,0.0,0.0
1718397608.785179,0.0,0.0
1718397609.4669492,0.0,0.0
1718397610.103798,0.0,0.0
1718397610.8018656,0.0,0.0
1718397611.2319808,0.0,0.0
1718397611.8528404,0.0,0.0
1718397612.3303955,0.0,0.0
1718397612.840942,0.0,0.0
1718397613.408448,0.0,0.0
1718397613.9540572,0.0,0.0
1718397614.4433112,0.0,0.0
1718397614.9357932,0.0,0.0
1718397615.4473755,0.0,0.0
1718397615.9921937,0.0,0.0
1718397616.4013278,0.0,0.0
1718397616.9382792,0.0,0.0
1718397617.4314888,0.0,0.0
1718397617.880952,0.0,0.0
1718397618.284442,0.0,0.0
1718397618.7354743,0.0,0.0
1718397619.2138138,0.0,0.0
1718397619.7001479,0.0,0.0
1718397620.1987257,0.0,0.0
1718397620.6445665,0.0,0.0
1718397621.1258292,0.0,0.0
1718397621.573626,0.0,0.0
1718397621.9630346,0.0,0.0
1718397622.430327,0.0,0.0
1718397622.8628895,0.0,0.0
1718397623.3260014,0.0,0.0
1718397623.7911627,0.0,0.0
1718397624.1732712,0.0,0.0
1718397624.5959966,0.0,0.0
1718397624.9165976,0.0,0.0
1718397625.2727516,0.0,0.0
1718397625.6658792,0.0,0.0
1718397626.0658906,0.0,0.0
1718397626.4250045,0.0,0.0
1718397626.6772451,0.0,0.0
1718397626.9823713,0.0,0.0
1718397627.579963,0.0,0.0
1718397628.155616,0.0,0.0
1718397628.704735,0.0,0.0
1718397628.9933167,0.0,0.0
1718397629.2525709,0.0,0.0
1718397629.4671173,0.0,0.0
1718397629.675536,0.0,0.0
1718397629.8877945,0.0,0.0
1718397630.1047986,0.0,0.0
1718397630.309831,0.0,0.0
1718397630.532682,0.0,0.0
1718397630.760328,0.0,0.0
1718397630.9816906,0.0,0.0
1718397631.4211626,0.0,0.0
1718397631.8518283,0.0,0.0
1718397632.3525786,0.0,0.0
1718397632.8739512,0.0,0.0
1718397633.2122262,0.0,0.0
1718397633.5259457,0.0,0.0
1718397633.8686595,0.0,0.0
1718397634.2621927,0.0,0.0
1718397634.6486287,0.0,0.0
1718397635.095211,0.0,0.0
1718397635.4391067,0.0,0.0
1718397635.9135616,0.0,0.0
1718397636.3837276,0.0,0.0
1718397636.726863,0.0,0.0
1718397637.0880723,0.0,0.0
1718397637.4466617,0.0,0.0
1718397637.8073788,0.0,0.0
1718397638.1995862,0.0,0.0
1718397638.528702,0.0,0.0
1718397638.890904,0.0,0.0
1718397639.2450852,0.0,0.0
1718397639.6134183,0.0,0.0
1718397640.0196633,0.0,0.0
1718397640.3942914,0.0,0.0
1718397640.89608,0.0,0.0
1718397641.2887707,0.0,0.0
1718397641.6794941,0.0,0.0
1718397642.0245543,0.0,0.0
1718397642.4533641,0.0,0.0
1718397642.9727862,0.0,0.0
1718397643.3230877,0.0,0.0
1718397643.672718,0.0,0.0
1718397644.1454973,0.0,0.0
1718397644.7021,0.0,0.0
1718397645.256639,0.0,0.0
1718397645.816521,0.0,0.0
1718397646.5626352,0.0,0.0
1718397647.1767287,0.0,0.0
1718397647.9234703,0.0,0.0
1718397648.3486044,0.0,0.0
1718397648.9555063,0.0,0.0
1718397649.4590943,0.0,0.0
1718397650.1302326,0.0,0.0
1718397650.7020717,0.0,0.0
1718397651.21244,0.0,0.0
1718397651.6882346,0.0,0.0
1718397652.2207355,0.0,0.0
1718397652.7215865,0.0,0.0
1718397653.4766665,0.0,0.0
1718397654.100604,0.0,0.0
1718397654.611687,0.0,0.0
1718397655.1884658,0.0,0.0
1718397656.0690098,0.0,0.0
1718397656.6626868,0.0,0.0
1718397657.1691797,0.0,0.0
1718397657.828134,0.0,0.0
1718397658.2973447,0.0,0.0
1718397659.076101,0.0,0.0
1718397659.7067714,0.0,0.0
1718397660.3100708,0.0,0.0
1718397661.0324683,0.0,0.0
1718397661.4818838,0.0,0.0
1718397662.0325432,0.0,0.0
1718397662.6192544,0.0,0.0
1718397663.3190422,0.0,0.0
1718397664.0605125,0.0,0.0
1718397664.7458656,0.0,0.0
1718397665.4155834,0.0,0.0
1718397666.0302675,0.0,0.0
1718397666.8832896,0.0,0.0
1718397667.632613,0.0,0.0
1718397668.0187218,0.0,0.0
1718397668.596191,0.0,0.0
1718397669.0596611,0.0,0.0
1718397669.4998956,0.0,0.0
1718397670.0411036,0.0,0.0
1718397670.5969913,0.0,0.0
1718397671.0437407,0.0,0.0
1718397671.596036,0.0,0.0
1718397672.092799,0.0,0.0
1718397672.567183,0.0,0.0
1718397673.0749352,0.0,0.0
1718397673.589619,0.0,0.0
1718397674.1638868,0.0,0.0
1718397674.6413906,0.0,0.0
1718397675.0419748,0.0,0.0
1718397675.4748578,0.0,0.0
1718397675.9666321,0.0,0.0
1718397676.379804,0.0,0.0
1718397676.83133,0.0,0.0
1718397677.3054833,0.0,0.0
1718397677.7381992,0.0,0.0
1718397678.1471937,0.0,0.0
1718397678.6452224,0.0,0.0
1718397679.0463827,0.0,0.0
1718397679.6183932,0.0,0.0
1718397680.065553,0.0,0.0
1718397680.5151021,0.0,0.0
1718397680.892437,0.0,0.0
1718397681.3358688,0.0,0.0
1718397681.6810696,0.0,0.0
1718397681.9720485,0.0,0.0
1718397682.3510118,0.0,0.0
1718397682.749673,0.0,0.0
1718397683.1998336,0.0,0.0
1718397683.4911826,0.0,0.0
1718397683.913,0.0,0.0
1718397684.39831,0.0,0.0
1718397685.025898,0.0,0.0
1718397685.6796513,0.0,0.0
1718397685.9014852,0.0,0.0
1718397686.11362,0.0,0.0
1718397686.3303075,0.0,0.0
1718397686.5462337,0.0,0.0
1718397686.7652674,0.0,0.0
1718397686.930714,0.0,0.0
1718397687.1306498,0.0,0.0
1718397687.3495715,0.0,0.0
1718397687.603115,0.0,0.0
1718397687.9666464,0.0,0.0
1718397688.3194056,0.0,0.0
1718397688.8801506,0.0,0.0
1718397689.3213243,0.0,0.0
1718397689.7103796,0.0,0.0
1718397690.0455112,0.0,0.0
1718397690.40592,0.0,0.0
1718397690.7140305,0.0,0.0
1718397691.0986407,0.0,0.0
1718397691.4285986,0.0,0.0
1718397691.8262815,0.0,0.0
1718397692.3921266,0.0,0.0
1718397692.7767432,0.0,0.0
1718397693.152343,0.0,0.0
1718397693.5451026,0.0,0.0
1718397693.8662102,0.0,0.0
1718397694.171388,0.0,0.0
1718397694.511665,0.0,0.0
1718397694.8473167,0.0,0.0
1718397695.2324398,0.0,0.0
1718397695.5579627,0.0,0.0
1718397696.0747921,0.0,0.0
1718397696.4308925,0.0,0.0
1718397696.7635055,0.0,0.0
1718397697.1343553,0.0,0.0
1718397697.5072238,0.0,0.0
1718397697.9679022,0.0,0.0
1718397698.3400269,0.0,0.0
1718397698.6990716,0.0,0.0
1718397699.2091582,0.0,0.0
1718397699.6243489,0.0,0.0
1718397699.98115,0.0,0.0
1718397700.3943775,0.0,0.0
1718397700.872054,0.0,0.0
1718397701.4872847,0.0,0.0
1718397702.26452,0.0,0.0
1718397703.0240545,0.0,0.0
1718397703.6399925,0.0,0.0
1718397704.2983444,0.0,0.0
1718397704.9214127,0.0,0.0
1718397705.3647325,0.0,0.0
1718397705.9376967,0.0,0.0
1718397706.5541806,0.0,0.0
1718397707.2317913,0.0,0.0
1718397707.7284904,0.0,0.0
1718397708.2115512,0.0,0.0
1718397708.7617552,0.0,0.0
1718397709.2886047,0.0,0.0
1718397709.8881838,0.0,0.0
1718397710.4519258,0.0,0.0
1718397710.9519773,0.0,0.0
1718397711.53205,0.0,0.0
1718397712.4511123,0.0,0.0
1718397713.0816708,0.0,0.0
1718397713.5816524,0.0,0.0
1718397714.2752025,0.0,0.0
1718397714.8654294,0.0,0.0
1718397715.446361,0.0,0.0
1718397716.0026343,0.0,0.0
1718397716.7487547,0.0,0.0
1718397717.3711884,0.0,0.0
1718397717.8688824,0.0,0.0
1718397718.432326,0.0,0.0
1718397719.0673738,0.0,0.0
1718397719.75099,0.0,0.0
1718397720.470397,0.0,0.0
1718397721.156774,0.0,0.0
1718397721.7961304,0.0,0.0
1718397722.4031112,0.0,0.0
1718397722.9447975,0.0,0.0
1718397723.6032436,0.0,0.0
1718397724.2775645,0.0,0.0
1718397724.6723044,0.0,0.0
1718397725.1443791,0.0,0.0
1718397725.6103773,0.0,0.0
1718397726.1377878,0.0,0.0
1718397726.6019013,0.0,0.0
1718397727.1728983,0.0,0.0
1718397727.6312778,0.0,0.0
1718397728.1326625,0.0,0.0
1718397728.651729,0.0,0.0
1718397729.0993311,0.0,0.0
1718397729.5796583,0.0,0.0
1718397730.117937,0.0,0.0
1718397730.6275582,0.0,0.0
1718397731.0300024,0.0,0.0
1718397731.4760213,0.0,0.0
1718397731.9272604,0.0,0.0
1718397732.360784,0.0,0.0
1718397732.8428514,0.0,0.0
1718397733.3373027,0.0,0.0
1718397733.8392224,0.0,0.0
1718397734.3218656,0.0,0.0
1718397734.8028653,0.0,0.0
1718397735.2528892,0.0,0.0
1718397735.6802437,0.0,0.0
1718397736.1324255,0.0,0.0
1718397736.569459,0.0,0.0
1718397736.9868999,0.0,0.0
1718397737.5131855,0.0,0.0
1718397737.9050536,0.0,0.0
1718397738.3950975,0.0,0.0
1718397738.7617943,0.0,0.0
1718397739.1723256,0.0,0.0
1718397739.522173,0.0,0.0
1718397739.9178443,0.0,0.0
1718397740.2253528,0.0,0.0
1718397740.6182985,0.0,0.0
1718397741.2481134,0.0,0.0
1718397742.1365535,0.0,0.0
1718397742.4441702,0.0,0.0
1718397742.668581,0.0,0.0
1718397742.8831909,0.0,0.0
1718397743.0950577,0.0,0.0
1718397743.3359694,0.0,0.0
1718397743.5580504,0.0,0.0
1718397743.791245,0.0,0.0
1718397744.0860384,0.0,0.0
1718397744.2860575,0.0,0.0
1718397744.6428866,0.0,0.0
1718397745.2737813,0.0,0.0
1718397745.740277,0.0,0.0
1718397746.120549,0.0,0.0
1718397746.4672322,0.0,0.0
1718397746.7977777,0.0,0.0
1718397747.1326842,0.0,0.0
1718397747.442385,0.0,0.0
1718397747.7706747,0.0,0.0
1718397748.1543334,0.0,0.0
1718397748.7025945,0.0,0.0
1718397749.3399432,0.0,0.0
1718397749.788148,0.0,0.0
1718397750.2270265,0.0,0.0
1718397750.6142194,0.0,0.0
1718397750.9661055,0.0,0.0
1718397751.2732482,0.0,0.0
1718397751.6163085,0.0,0.0
1718397752.0368772,0.0,0.0
1718397752.3768468,0.0,0.0
1718397752.7333996,0.0,0.0
1718397753.048924,0.0,0.0
1718397753.4476094,0.0,0.0
1718397753.8694131,0.0,0.0
1718397754.3143606,0.0,0.0
1718397754.809799,0.0,0.0
1718397755.2195804,0.0,0.0
1718397755.61326,0.0,0.0
1718397755.9889507,0.0,0.0
1718397756.5018055,0.0,0.0
1718397756.8795075,0.0,0.0
1718397757.2707949,0.0,0.0
1718397757.8089297,0.0,0.0
1718397758.5566897,0.0,0.0
1718397759.0481267,0.0,0.0
1718397759.6627343,0.0,0.0
1718397760.2441027,0.0,0.0
1718397761.0331569,0.0,0.0
1718397761.693762,0.0,0.0
1718397762.195183,0.0,0.0
1718397762.9616194,0.0,0.0
1718397763.6160314,0.0,0.0
1718397764.1007533,0.0,0.0
1718397764.644132,0.0,0.0
1718397765.1807868,0.0,0.0
1718397765.7133691,0.0,0.0
1718397766.4583724,0.0,0.0
