timestamp,gpu_util,gpu_mem
1719325999.7461905,0.0,4.0
1719325999.8819256,0.0,4.0
1719326000.0146258,0.0,4.0
1719326000.1511486,0.0,21.0
1719326000.2943149,0.0,633.0
1719326000.4310517,7.0,633.0
1719326000.5609262,7.0,633.0
1719326000.6898339,0.0,633.0
1719326000.818862,0.0,633.0
1719326000.9457595,0.0,633.0
1719326001.0730035,0.0,633.0
1719326001.198715,0.0,633.0
1719326001.3243675,0.0,633.0
1719326001.4504497,0.0,633.0
1719326001.5762994,0.0,633.0
1719326001.704559,0.0,633.0
1719326001.8325646,0.0,633.0
1719326001.9581373,0.0,633.0
1719326002.0835905,0.0,633.0
1719326002.2090125,0.0,633.0
1719326002.334597,0.0,633.0
1719326002.4601984,0.0,633.0
1719326002.588545,0.0,633.0
1719326002.7140675,0.0,633.0
1719326002.8396072,0.0,633.0
1719326002.965753,0.0,633.0
1719326003.0915031,0.0,633.0
1719326003.217325,0.0,633.0
1719326003.3446302,0.0,633.0
1719326003.4725602,0.0,633.0
1719326003.5987127,0.0,633.0
1719326003.7246697,0.0,633.0
1719326003.8501568,0.0,633.0
1719326003.9763029,0.0,633.0
1719326004.1021683,0.0,633.0
1719326004.2293522,0.0,633.0
1719326004.3551755,0.0,633.0
1719326004.4808517,0.0,633.0
1719326004.6062584,0.0,633.0
1719326004.7317805,0.0,633.0
1719326004.8572292,0.0,633.0
1719326004.9827533,0.0,633.0
1719326005.1089542,0.0,633.0
1719326005.235295,0.0,633.0
1719326005.3608415,0.0,633.0
1719326005.4863973,0.0,633.0
1719326005.61378,0.0,633.0
1719326005.7394307,0.0,633.0
1719326005.866379,0.0,633.0
1719326005.994885,0.0,633.0
1719326006.1203117,0.0,633.0
1719326006.246162,0.0,633.0
1719326006.3716557,0.0,633.0
1719326006.4969804,0.0,633.0
1719326006.6251493,0.0,633.0
1719326006.752629,0.0,633.0
1719326006.878013,0.0,633.0
1719326007.0042243,0.0,633.0
1719326007.1298401,0.0,633.0
1719326007.25523,0.0,633.0
1719326007.3809524,0.0,633.0
1719326007.5076954,0.0,633.0
1719326007.6356528,0.0,633.0
1719326007.7626746,0.0,633.0
1719326007.888573,0.0,633.0
1719326008.0154893,0.0,633.0
1719326008.142286,0.0,633.0
1719326008.271845,0.0,633.0
1719326008.3980067,0.0,633.0
1719326008.52349,0.0,633.0
1719326008.649372,0.0,633.0
1719326008.7775245,0.0,633.0
1719326008.9055254,0.0,633.0
1719326009.0354908,0.0,633.0
1719326009.1612842,0.0,633.0
1719326009.288739,0.0,633.0
1719326009.4169126,0.0,633.0
1719326009.5426874,0.0,633.0
1719326009.6692667,0.0,633.0
1719326009.7951045,0.0,633.0
1719326009.920686,0.0,633.0
1719326010.0476625,0.0,633.0
1719326010.1755867,0.0,633.0
1719326010.3013,0.0,633.0
1719326010.4271455,0.0,633.0
1719326010.552526,0.0,633.0
1719326010.6788807,0.0,633.0
1719326010.805506,0.0,633.0
1719326010.9336858,0.0,633.0
1719326011.0593984,0.0,633.0
1719326011.184955,0.0,633.0
1719326011.3104632,0.0,633.0
1719326011.4363585,0.0,633.0
1719326011.5630066,0.0,633.0
1719326011.6896172,0.0,633.0
1719326011.8167045,0.0,633.0
1719326011.9422612,0.0,633.0
1719326012.0676386,0.0,633.0
1719326012.1931586,0.0,633.0
1719326012.318777,0.0,633.0
1719326012.4446461,0.0,633.0
1719326012.5717738,0.0,633.0
1719326012.6978836,0.0,633.0
1719326012.824403,0.0,633.0
1719326012.9500973,0.0,633.0
1719326013.0759811,0.0,633.0
1719326013.2019541,0.0,633.0
1719326013.327418,0.0,633.0
1719326013.4546473,0.0,633.0
1719326013.5812848,0.0,633.0
1719326013.7076664,0.0,633.0
1719326013.833574,0.0,633.0
1719326013.9590983,0.0,633.0
1719326014.0849943,0.0,633.0
1719326014.2121542,0.0,633.0
1719326014.3395643,0.0,633.0
1719326014.4652832,0.0,633.0
1719326014.5920162,0.0,633.0
1719326014.7177033,0.0,633.0
1719326014.842955,0.0,633.0
1719326014.9695334,0.0,633.0
1719326015.0966458,0.0,633.0
1719326015.222772,0.0,633.0
1719326015.3481882,0.0,633.0
1719326015.4734457,0.0,633.0
1719326015.5990083,0.0,633.0
1719326015.7249112,0.0,633.0
1719326015.852364,0.0,633.0
1719326015.979489,0.0,633.0
1719326016.1056645,0.0,633.0
1719326016.2321079,0.0,633.0
1719326016.3588533,0.0,633.0
1719326016.4856222,0.0,633.0
1719326016.6120162,0.0,633.0
1719326016.7386289,0.0,633.0
1719326016.864034,0.0,633.0
1719326016.989773,0.0,633.0
1719326017.115437,0.0,633.0
1719326017.2408655,0.0,633.0
1719326017.3663094,0.0,633.0
1719326017.4935699,0.0,633.0
1719326017.6202462,0.0,633.0
1719326017.745812,0.0,633.0
1719326017.8712728,0.0,633.0
1719326017.9999652,0.0,633.0
1719326018.126833,0.0,633.0
1719326018.254023,0.0,633.0
1719326018.3794594,0.0,633.0
1719326018.5049222,0.0,633.0
1719326018.632174,0.0,633.0
1719326018.7578557,0.0,633.0
1719326018.883401,0.0,633.0
1719326019.0103629,0.0,633.0
1719326019.1389916,0.0,633.0
1719326019.2645829,0.0,633.0
1719326019.3900287,0.0,633.0
1719326019.5154204,0.0,633.0
1719326019.6409864,0.0,633.0
1719326019.7677135,0.0,633.0
1719326019.8951356,0.0,633.0
1719326020.0208032,0.0,633.0
1719326020.1463697,0.0,633.0
1719326020.272247,0.0,633.0
1719326020.39779,0.0,633.0
1719326020.5230966,0.0,633.0
1719326020.6504955,0.0,633.0
1719326020.7784185,0.0,633.0
1719326020.904096,0.0,633.0
1719326021.029702,0.0,633.0
1719326021.1553993,0.0,633.0
1719326021.2812064,0.0,633.0
1719326021.407746,0.0,633.0
1719326021.5359356,0.0,633.0
1719326021.6627445,0.0,633.0
1719326021.7885993,0.0,633.0
1719326021.9147997,0.0,633.0
1719326022.0404644,0.0,633.0
1719326022.1678038,0.0,633.0
1719326022.2934077,0.0,633.0
1719326022.4194615,0.0,633.0
1719326022.5451639,0.0,633.0
1719326022.6714468,0.0,633.0
1719326022.797777,0.0,633.0
1719326022.9234216,0.0,633.0
1719326023.0514421,0.0,633.0
1719326023.1769469,0.0,633.0
1719326023.3024526,0.0,633.0
1719326023.4288502,0.0,633.0
1719326023.554552,0.0,633.0
1719326023.6809535,0.0,633.0
1719326023.8075428,0.0,633.0
1719326023.9353049,0.0,633.0
1719326024.061054,0.0,633.0
1719326024.1867516,0.0,633.0
1719326024.3121681,0.0,633.0
1719326024.4377446,0.0,633.0
1719326024.56535,0.0,633.0
1719326024.6917899,0.0,633.0
1719326024.8181715,0.0,633.0
1719326024.9438205,0.0,633.0
1719326025.0692792,0.0,633.0
1719326025.1950185,0.0,633.0
1719326025.3204064,0.0,633.0
1719326025.4469569,0.0,633.0
1719326025.5744996,0.0,633.0
1719326025.7016284,0.0,633.0
1719326025.8271847,0.0,633.0
1719326025.9528618,0.0,633.0
1719326026.0792673,0.0,633.0
1719326026.2061343,0.0,633.0
1719326026.3324952,0.0,633.0
1719326026.4594693,0.0,633.0
1719326026.586577,0.0,633.0
1719326026.7123175,0.0,633.0
1719326026.8385594,0.0,633.0
1719326026.965121,0.0,633.0
1719326027.0909443,0.0,633.0
1719326027.2175648,0.0,633.0
1719326027.3431063,0.0,633.0
1719326027.4689357,0.0,633.0
1719326027.5972567,0.0,633.0
1719326027.7250886,0.0,633.0
1719326027.85068,0.0,633.0
1719326027.9761891,0.0,633.0
1719326028.1019368,0.0,633.0
1719326028.2276092,0.0,633.0
1719326028.3533173,0.0,633.0
1719326028.4795666,0.0,633.0
1719326028.6056879,0.0,633.0
1719326028.7311697,0.0,633.0
1719326028.8566947,0.0,633.0
1719326028.9820879,0.0,633.0
1719326029.10833,0.0,633.0
1719326029.233968,0.0,633.0
1719326029.3607543,0.0,633.0
1719326029.4888837,0.0,633.0
1719326029.6166277,0.0,633.0
1719326029.7444808,0.0,633.0
1719326029.8720129,0.0,633.0
1719326030.0004282,0.0,633.0
1719326030.126186,0.0,633.0
1719326030.2520812,0.0,633.0
1719326030.377748,0.0,633.0
1719326030.503627,0.0,633.0
1719326030.6322706,0.0,633.0
1719326030.7606323,0.0,633.0
1719326030.8863382,0.0,633.0
1719326031.0119295,0.0,633.0
1719326031.1453614,0.0,633.0
1719326031.2716956,0.0,633.0
1719326031.3978038,0.0,633.0
1719326031.5234315,0.0,633.0
1719326031.6511543,0.0,633.0
1719326031.777576,0.0,633.0
1719326031.9046695,0.0,633.0
1719326032.030157,0.0,633.0
1719326032.1558192,0.0,633.0
1719326032.2817519,0.0,633.0
1719326032.40817,0.0,633.0
1719326032.534736,0.0,633.0
1719326032.6629844,0.0,633.0
1719326032.7887998,0.0,633.0
1719326032.917481,0.0,633.0
1719326033.0456336,0.0,633.0
1719326033.1736143,0.0,633.0
1719326033.3013709,0.0,633.0
1719326033.4269745,0.0,633.0
1719326033.5526266,0.0,633.0
1719326033.6793756,0.0,633.0
1719326033.8049388,0.0,633.0
1719326033.9316845,0.0,633.0
1719326034.0595295,0.0,633.0
1719326034.18508,0.0,633.0
1719326034.3117425,0.0,633.0
1719326034.4372976,0.0,633.0
1719326034.56314,0.0,633.0
1719326034.6910694,0.0,633.0
1719326034.8196821,0.0,633.0
1719326034.9454525,0.0,633.0
1719326035.0709956,0.0,633.0
1719326035.1979325,0.0,633.0
1719326035.3253324,0.0,633.0
1719326035.4532976,0.0,633.0
1719326035.5790942,0.0,633.0
1719326035.705822,0.0,633.0
1719326035.831344,0.0,633.0
1719326035.9575293,0.0,633.0
1719326036.0852249,0.0,633.0
1719326036.2111495,0.0,633.0
1719326036.3373036,0.0,633.0
1719326036.4628708,0.0,633.0
1719326036.5904665,0.0,633.0
1719326036.7175412,0.0,633.0
1719326036.8472052,0.0,633.0
1719326036.9744985,0.0,633.0
1719326037.1020482,0.0,633.0
1719326037.2305694,0.0,633.0
1719326037.358126,0.0,633.0
1719326037.485525,0.0,633.0
1719326037.612728,0.0,633.0
1719326037.744642,0.0,633.0
1719326037.8710055,0.0,633.0
1719326037.9969423,0.0,633.0
1719326038.122348,0.0,633.0
1719326038.24811,0.0,633.0
1719326038.373961,0.0,633.0
1719326038.5011399,0.0,633.0
1719326038.6267378,0.0,633.0
1719326038.7527485,0.0,633.0
1719326038.8784595,0.0,633.0
1719326039.0044937,0.0,633.0
1719326039.129913,0.0,633.0
1719326039.2554674,0.0,633.0
1719326039.3819096,0.0,633.0
1719326039.509295,0.0,633.0
1719326039.6364713,0.0,633.0
1719326039.7620635,0.0,633.0
1719326039.8876379,0.0,633.0
1719326040.0132887,0.0,633.0
1719326040.140453,0.0,633.0
1719326040.2682867,0.0,633.0
1719326040.3938,0.0,633.0
1719326040.5196514,0.0,633.0
1719326040.6461918,0.0,633.0
1719326040.7717729,0.0,633.0
1719326040.8984263,0.0,633.0
1719326041.0259292,0.0,633.0
1719326041.1517484,0.0,633.0
1719326041.27739,0.0,633.0
1719326041.4032085,0.0,633.0
1719326041.528762,0.0,633.0
1719326041.6557055,0.0,633.0
1719326041.783868,0.0,633.0
1719326041.9113257,0.0,633.0
1719326042.0369084,0.0,633.0
1719326042.1627429,0.0,633.0
1719326042.2897122,0.0,633.0
1719326042.4177492,0.0,633.0
1719326042.543436,0.0,633.0
1719326042.6698284,0.0,633.0
1719326042.7958026,0.0,633.0
1719326042.9214025,0.0,633.0
1719326043.0477786,0.0,633.0
1719326043.173963,0.0,633.0
1719326043.2994633,0.0,633.0
1719326043.4253597,0.0,633.0
1719326043.5510793,0.0,633.0
1719326043.6772563,0.0,633.0
1719326043.8029957,0.0,633.0
1719326043.9303389,0.0,633.0
1719326044.0585127,0.0,633.0
1719326044.1840777,0.0,633.0
1719326044.3098493,0.0,633.0
1719326044.4361427,0.0,633.0
1719326044.5617585,0.0,633.0
1719326044.6893651,0.0,633.0
1719326044.8171623,0.0,633.0
1719326044.9437227,0.0,633.0
1719326045.0697706,0.0,633.0
1719326045.1968832,0.0,633.0
1719326045.3242922,0.0,633.0
1719326045.4524693,0.0,633.0
1719326045.5791988,0.0,633.0
1719326045.7062402,0.0,633.0
1719326045.832517,0.0,633.0
1719326045.9597805,0.0,633.0
1719326046.0886564,0.0,633.0
1719326046.2155144,0.0,633.0
1719326046.3418725,0.0,633.0
1719326046.4681127,0.0,633.0
1719326046.5963311,0.0,633.0
1719326046.72294,0.0,633.0
1719326046.8491075,0.0,633.0
1719326046.9752734,0.0,633.0
1719326047.101224,0.0,633.0
1719326047.2275932,0.0,633.0
1719326047.3555722,0.0,633.0
1719326047.4817915,0.0,633.0
1719326047.6080494,0.0,633.0
1719326047.73407,0.0,633.0
1719326047.8598158,0.0,633.0
1719326047.9858518,0.0,633.0
1719326048.1128917,0.0,633.0
1719326048.2415292,0.0,633.0
1719326048.36779,0.0,633.0
1719326048.4938228,0.0,633.0
1719326048.6210027,0.0,633.0
1719326048.7489707,0.0,633.0
1719326048.8757772,0.0,633.0
1719326049.0023327,0.0,633.0
1719326049.1285863,0.0,633.0
1719326049.2545896,0.0,633.0
1719326049.3815792,0.0,633.0
1719326049.509379,0.0,633.0
1719326049.6364202,0.0,633.0
1719326049.762688,0.0,633.0
1719326049.8883886,0.0,633.0
1719326050.0145018,0.0,633.0
1719326050.14166,0.0,633.0
1719326050.2701855,0.0,633.0
1719326050.3966086,0.0,633.0
1719326050.522875,0.0,633.0
1719326050.6498263,0.0,633.0
1719326050.7773874,0.0,633.0
1719326050.9068646,0.0,633.0
1719326051.033088,0.0,633.0
1719326051.159374,0.0,633.0
1719326051.2853007,0.0,633.0
1719326051.412753,0.0,633.0
1719326051.5407374,0.0,633.0
1719326051.668303,0.0,633.0
1719326051.7950633,0.0,633.0
1719326051.9242537,0.0,633.0
1719326052.0519414,0.0,633.0
1719326052.1781888,0.0,633.0
1719326052.304637,0.0,633.0
1719326052.4306772,0.0,633.0
1719326052.5574987,0.0,633.0
1719326052.6843193,0.0,633.0
1719326052.8103817,0.0,633.0
1719326052.9364498,0.0,633.0
1719326053.062493,0.0,633.0
1719326053.18858,0.0,633.0
1719326053.3154683,0.0,633.0
1719326053.443339,0.0,633.0
1719326053.5691962,0.0,633.0
1719326053.6960154,0.0,633.0
1719326053.8221607,0.0,633.0
1719326053.9491925,0.0,633.0
1719326054.077805,0.0,633.0
1719326054.2037122,0.0,633.0
1719326054.3296547,0.0,633.0
1719326054.4555624,0.0,633.0
1719326054.5816057,0.0,633.0
1719326054.70877,0.0,633.0
1719326054.8351707,0.0,633.0
1719326054.9612136,0.0,633.0
1719326055.0872061,0.0,633.0
1719326055.2131646,0.0,633.0
1719326055.3391438,0.0,633.0
1719326055.466168,0.0,633.0
1719326055.5942724,0.0,633.0
1719326055.7220128,0.0,633.0
1719326055.848179,0.0,633.0
1719326055.9741771,0.0,633.0
1719326056.1014683,0.0,633.0
1719326056.2299201,0.0,633.0
1719326056.3576238,0.0,633.0
1719326056.483406,0.0,633.0
1719326056.610451,0.0,633.0
1719326056.7380373,0.0,633.0
1719326056.8653343,0.0,633.0
1719326056.991076,0.0,633.0
1719326057.116693,0.0,633.0
1719326057.242571,0.0,633.0
1719326057.3684165,0.0,633.0
1719326057.4947991,0.0,633.0
1719326057.6217432,0.0,633.0
1719326057.7476022,0.0,633.0
1719326057.873494,0.0,633.0
1719326057.9989653,0.0,633.0
1719326058.1243439,0.0,633.0
1719326058.2498488,0.0,633.0
1719326058.377922,0.0,633.0
1719326058.5057502,0.0,633.0
1719326058.631953,0.0,633.0
1719326058.7574213,0.0,633.0
1719326058.8830092,0.0,633.0
1719326059.0085988,0.0,633.0
1719326059.1348484,0.0,633.0
1719326059.2621274,0.0,633.0
1719326059.3876371,0.0,633.0
1719326059.5130346,0.0,633.0
1719326059.642322,0.0,633.0
1719326059.76886,0.0,633.0
1719326059.8957398,0.0,633.0
1719326060.0238187,0.0,633.0
1719326060.1492913,0.0,633.0
1719326060.2748616,0.0,633.0
1719326060.4004085,0.0,633.0
1719326060.5259268,0.0,633.0
1719326060.6539423,0.0,633.0
1719326060.7810748,0.0,633.0
1719326060.9064932,0.0,633.0
1719326061.0317636,0.0,633.0
1719326061.1573963,0.0,633.0
1719326061.2829685,0.0,633.0
1719326061.408354,0.0,633.0
1719326061.5357385,0.0,633.0
1719326061.6630588,0.0,633.0
1719326061.78885,0.0,633.0
1719326061.9141717,0.0,633.0
1719326062.0396361,0.0,633.0
1719326062.1654508,0.0,633.0
1719326062.2935073,0.0,633.0
1719326062.4192922,0.0,633.0
1719326062.5446367,0.0,633.0
1719326062.6711326,0.0,633.0
1719326062.7964158,0.0,633.0
1719326062.9218118,0.0,633.0
1719326063.0500958,0.0,633.0
1719326063.1767206,0.0,633.0
1719326063.301998,0.0,633.0
1719326063.4275556,0.0,633.0
1719326063.552833,0.0,633.0
1719326063.6803677,0.0,633.0
1719326063.8083696,0.0,633.0
1719326063.9344528,0.0,633.0
1719326064.060889,0.0,633.0
1719326064.1872327,0.0,633.0
1719326064.3136864,0.0,633.0
1719326064.4416924,0.0,633.0
1719326064.5679383,0.0,633.0
1719326064.69463,0.0,633.0
1719326064.8205502,0.0,633.0
1719326064.9462225,0.0,633.0
1719326065.0742948,0.0,633.0
1719326065.2019458,0.0,633.0
1719326065.327468,0.0,633.0
1719326065.4528286,0.0,633.0
1719326065.5781054,0.0,633.0
1719326065.7041,0.0,633.0
1719326065.8293486,0.0,633.0
1719326065.9589863,0.0,633.0
1719326066.084312,0.0,633.0
1719326066.2097056,0.0,633.0
1719326066.3350036,0.0,633.0
1719326066.4603488,0.0,633.0
1719326066.585999,0.0,633.0
1719326066.7130632,0.0,633.0
1719326066.8404498,0.0,633.0
1719326066.9657621,0.0,633.0
1719326067.0912762,0.0,633.0
1719326067.2165983,0.0,633.0
1719326067.3420856,0.0,633.0
1719326067.4678347,0.0,633.0
1719326067.594878,0.0,633.0
1719326067.7210827,0.0,633.0
1719326067.84714,0.0,633.0
1719326067.9724913,0.0,633.0
1719326068.098068,0.0,633.0
1719326068.2238827,0.0,633.0
1719326068.3496912,0.0,633.0
1719326068.4760592,0.0,633.0
1719326068.605384,0.0,633.0
1719326068.73084,0.0,633.0
1719326068.8561077,0.0,633.0
1719326068.981516,0.0,633.0
1719326069.1069627,0.0,633.0
1719326069.2338338,0.0,633.0
1719326069.362865,0.0,633.0
1719326069.4882243,0.0,633.0
1719326069.6148052,0.0,633.0
1719326069.74084,0.0,633.0
1719326069.8661387,0.0,633.0
1719326069.9926033,0.0,633.0
1719326070.1200206,0.0,633.0
1719326070.2454615,0.0,633.0
1719326070.3707056,0.0,633.0
1719326070.4962237,0.0,633.0
1719326070.621546,0.0,633.0
1719326070.746824,0.0,633.0
1719326070.8736217,0.0,633.0
1719326071.0012226,0.0,633.0
1719326071.1267886,0.0,633.0
1719326071.2524061,0.0,633.0
1719326071.3780642,0.0,633.0
1719326071.5036016,0.0,633.0
1719326071.6312754,0.0,633.0
1719326071.7582967,0.0,633.0
1719326071.883707,0.0,633.0
1719326072.0089512,0.0,633.0
1719326072.1341393,0.0,633.0
1719326072.25952,0.0,633.0
1719326072.3872032,0.0,633.0
1719326072.514195,0.0,633.0
1719326072.6407256,0.0,633.0
1719326072.7665057,0.0,633.0
1719326072.8919704,0.0,633.0
1719326073.0172489,0.0,633.0
1719326073.1426475,0.0,633.0
1719326073.268879,0.0,633.0
1719326073.3966243,0.0,633.0
1719326073.5220473,0.0,633.0
1719326073.6489344,0.0,633.0
1719326073.7743487,0.0,633.0
1719326073.9002857,0.0,633.0
1719326074.025545,0.0,633.0
1719326074.1536171,0.0,633.0
1719326074.2790668,0.0,633.0
1719326074.4049,0.0,633.0
1719326074.5303736,0.0,633.0
1719326074.6565616,0.0,633.0
1719326074.7819502,0.0,633.0
1719326074.9079556,0.0,633.0
1719326075.0342164,0.0,633.0
1719326075.1613185,0.0,633.0
1719326075.2867005,0.0,633.0
1719326075.4122353,0.0,633.0
1719326075.5376694,0.0,633.0
1719326075.6631403,0.0,633.0
1719326075.7887976,0.0,633.0
1719326075.9155476,0.0,633.0
1719326076.0426493,0.0,633.0
1719326076.1682255,0.0,633.0
1719326076.293671,0.0,633.0
1719326076.418934,0.0,633.0
1719326076.544371,0.0,633.0
1719326076.6704092,0.0,633.0
1719326076.7980247,0.0,633.0
1719326076.9260304,0.0,633.0
1719326077.0513167,0.0,633.0
1719326077.1767466,0.0,633.0
1719326077.3023033,0.0,633.0
1719326077.428545,0.0,633.0
1719326077.5551496,0.0,633.0
1719326077.681604,0.0,633.0
1719326077.8087776,0.0,633.0
1719326077.9343796,0.0,633.0
1719326078.0596466,0.0,633.0
1719326078.1851146,0.0,633.0
1719326078.3107538,0.0,633.0
1719326078.4361372,0.0,633.0
1719326078.5653143,0.0,633.0
1719326078.6914892,0.0,633.0
1719326078.8167834,0.0,633.0
1719326078.9421735,0.0,633.0
1719326079.0676346,0.0,633.0
1719326079.1933703,0.0,633.0
1719326079.3197906,0.0,633.0
1719326079.4458375,0.0,633.0
1719326079.5714068,0.0,633.0
1719326079.6980805,0.0,633.0
1719326079.8235385,0.0,633.0
1719326079.9498484,0.0,633.0
1719326080.0751145,0.0,633.0
1719326080.2021465,0.0,633.0
1719326080.3298347,0.0,633.0
1719326080.4552455,0.0,633.0
1719326080.5810475,0.0,633.0
1719326080.706375,0.0,633.0
1719326080.8317893,0.0,633.0
1719326080.9577162,0.0,633.0
1719326081.084055,0.0,633.0
1719326081.2114444,0.0,633.0
1719326081.3366835,0.0,633.0
1719326081.4621344,0.0,633.0
1719326081.587526,0.0,633.0
1719326081.7137413,0.0,633.0
1719326081.8409214,0.0,633.0
1719326081.9689307,0.0,633.0
1719326082.0942748,0.0,633.0
1719326082.2200584,0.0,633.0
1719326082.3456712,0.0,633.0
1719326082.4710495,0.0,633.0
1719326082.5964222,0.0,633.0
1719326082.723491,0.0,633.0
1719326082.850142,0.0,633.0
1719326082.975443,0.0,633.0
1719326083.1008763,0.0,633.0
1719326083.2267158,0.0,633.0
1719326083.3521552,0.0,633.0
1719326083.4777167,0.0,633.0
1719326083.6038656,0.0,633.0
1719326083.730237,0.0,633.0
1719326083.855818,0.0,633.0
1719326083.9813328,0.0,633.0
1719326084.1066325,0.0,633.0
1719326084.2320724,0.0,633.0
1719326084.3576972,0.0,633.0
1719326084.4832056,0.0,633.0
1719326084.608791,0.0,633.0
1719326084.7368138,0.0,633.0
1719326084.8620882,0.0,633.0
1719326084.9875028,0.0,633.0
1719326085.1128826,0.0,633.0
1719326085.2380617,0.0,633.0
1719326085.3640409,0.0,633.0
1719326085.491192,0.0,633.0
1719326085.6191008,0.0,633.0
1719326085.7441976,0.0,633.0
1719326085.8698726,0.0,633.0
1719326085.9951644,0.0,633.0
1719326086.1206884,0.0,633.0
1719326086.2474506,0.0,633.0
1719326086.3752103,0.0,633.0
1719326086.5004115,0.0,633.0
1719326086.6254156,0.0,633.0
1719326086.750379,0.0,633.0
1719326086.8754766,0.0,633.0
1719326087.0007455,0.0,633.0
1719326087.1269352,0.0,633.0
1719326087.2535734,0.0,633.0
1719326087.3801563,0.0,633.0
1719326087.5054464,0.0,633.0
1719326087.6320834,0.0,633.0
1719326087.7581117,0.0,633.0
1719326087.885763,0.0,633.0
1719326088.014179,0.0,633.0
1719326088.1401625,0.0,633.0
1719326088.2662978,0.0,633.0
1719326088.3923502,0.0,633.0
1719326088.518464,0.0,633.0
1719326088.6456037,0.0,633.0
1719326088.7728856,0.0,633.0
1719326088.8989213,0.0,633.0
1719326089.0245883,0.0,633.0
1719326089.1502297,0.0,633.0
1719326089.2758183,0.0,633.0
1719326089.4035888,0.0,633.0
1719326089.532253,0.0,633.0
1719326089.659298,0.0,633.0
1719326089.7859542,0.0,633.0
1719326089.9124231,0.0,633.0
1719326090.0400112,0.0,633.0
1719326090.168225,0.0,633.0
1719326090.294588,0.0,633.0
1719326090.420406,0.0,633.0
1719326090.5465956,0.0,633.0
1719326090.675084,0.0,633.0
1719326090.8028796,0.0,633.0
1719326090.9290342,0.0,633.0
1719326091.0547593,0.0,633.0
1719326091.1805294,0.0,633.0
1719326091.3068466,0.0,633.0
1719326091.4338517,0.0,633.0
1719326091.5616698,0.0,633.0
1719326091.6890872,0.0,633.0
1719326091.8150733,0.0,633.0
1719326091.940696,0.0,633.0
1719326092.066629,0.0,633.0
1719326092.1947749,0.0,633.0
1719326092.3206613,0.0,633.0
1719326092.446737,0.0,633.0
1719326092.5727923,0.0,633.0
1719326092.6996284,0.0,633.0
1719326092.82543,0.0,633.0
1719326092.9522593,0.0,633.0
1719326093.0799649,0.0,633.0
1719326093.2058887,0.0,633.0
1719326093.332142,0.0,633.0
1719326093.4580002,0.0,633.0
1719326093.5841186,0.0,633.0
1719326093.7119884,0.0,633.0
1719326093.839667,0.0,633.0
1719326093.9653096,0.0,633.0
1719326094.090784,0.0,633.0
1719326094.2164314,0.0,633.0
1719326094.342335,0.0,633.0
1719326094.4696991,0.0,633.0
1719326094.5971305,0.0,633.0
1719326094.7239878,0.0,633.0
1719326094.8498368,0.0,633.0
1719326094.9753697,0.0,633.0
1719326095.1019955,0.0,633.0
1719326095.2294018,0.0,633.0
1719326095.3553376,0.0,633.0
1719326095.4813755,0.0,633.0
1719326095.606974,0.0,633.0
1719326095.7335563,0.0,633.0
1719326095.8595238,0.0,633.0
1719326095.9869502,0.0,633.0
1719326096.1139412,0.0,633.0
1719326096.23995,0.0,633.0
1719326096.3662016,0.0,633.0
1719326096.492298,0.0,633.0
1719326096.6203873,0.0,633.0
1719326096.747775,0.0,633.0
1719326096.873174,0.0,633.0
1719326096.9989183,0.0,633.0
1719326097.1248362,0.0,633.0
1719326097.250598,0.0,633.0
1719326097.377465,0.0,633.0
1719326097.5054042,0.0,633.0
1719326097.6331377,0.0,633.0
1719326097.7591736,0.0,633.0
1719326097.8851366,0.0,633.0
1719326098.0110974,0.0,633.0
1719326098.1394677,0.0,633.0
1719326098.2651293,0.0,633.0
1719326098.391439,0.0,633.0
1719326098.5173783,0.0,633.0
1719326098.6444044,0.0,633.0
1719326098.772691,0.0,633.0
1719326098.898614,0.0,633.0
1719326099.0244503,0.0,633.0
1719326099.150551,0.0,633.0
1719326099.2763789,0.0,633.0
1719326099.4035227,0.0,633.0
1719326099.5310373,0.0,633.0
1719326099.6578245,0.0,633.0
1719326099.7838178,0.0,633.0
1719326099.9098017,0.0,633.0
1719326100.0354173,0.0,633.0
1719326100.1626863,0.0,633.0
1719326100.291292,0.0,633.0
1719326100.4177208,0.0,633.0
1719326100.543981,0.0,633.0
1719326100.6712186,0.0,633.0
1719326100.7990456,0.0,633.0
1719326100.9265273,0.0,633.0
1719326101.0524976,0.0,633.0
1719326101.178168,0.0,633.0
1719326101.3038027,0.0,633.0
1719326101.4304423,0.0,633.0
1719326101.5570366,0.0,633.0
1719326101.68326,0.0,633.0
1719326101.8093224,0.0,633.0
1719326101.9348817,0.0,633.0
1719326102.060349,0.0,633.0
1719326102.1857874,0.0,633.0
1719326102.3115191,0.0,633.0
1719326102.4384835,0.0,633.0
1719326102.566131,0.0,633.0
1719326102.6928172,0.0,633.0
1719326102.8183389,0.0,633.0
1719326102.943736,0.0,633.0
1719326103.0727954,0.0,633.0
1719326103.199707,0.0,633.0
1719326103.326876,0.0,633.0
1719326103.4522934,0.0,633.0
1719326103.5779498,0.0,633.0
1719326103.7041056,0.0,633.0
1719326103.829486,0.0,633.0
1719326103.9563673,0.0,633.0
1719326104.0847976,0.0,633.0
1719326104.2100894,0.0,633.0
1719326104.3356488,0.0,633.0
1719326104.4611163,0.0,633.0
1719326104.5868273,0.0,633.0
1719326104.7149208,0.0,633.0
1719326104.8418849,0.0,633.0
1719326104.9673007,0.0,633.0
1719326105.0933847,0.0,633.0
1719326105.2189298,0.0,633.0
1719326105.3443956,0.0,633.0
1719326105.4698367,0.0,633.0
1719326105.5966444,0.0,633.0
1719326105.7235925,0.0,633.0
1719326105.8489437,0.0,633.0
1719326105.974323,0.0,633.0
1719326106.0996912,0.0,633.0
1719326106.2251182,0.0,633.0
1719326106.3504744,0.0,633.0
1719326106.476658,0.0,633.0
1719326106.6038196,0.0,633.0
1719326106.7302368,0.0,633.0
1719326106.8557243,0.0,633.0
1719326106.9809208,0.0,633.0
1719326107.1061838,0.0,633.0
1719326107.23153,0.0,633.0
1719326107.3567905,0.0,633.0
1719326107.4845138,0.0,633.0
1719326107.6100821,0.0,633.0
1719326107.7366695,0.0,633.0
1719326107.8622105,0.0,633.0
1719326107.9881299,0.0,633.0
1719326108.1140337,0.0,633.0
1719326108.2411356,0.0,633.0
1719326108.3685462,0.0,633.0
1719326108.494432,0.0,633.0
1719326108.6199536,0.0,633.0
1719326108.7464125,0.0,633.0
1719326108.8724616,0.0,633.0
1719326109.000393,0.0,633.0
1719326109.1262946,0.0,633.0
1719326109.2519474,0.0,633.0
1719326109.3784535,0.0,633.0
1719326109.504652,0.0,633.0
1719326109.6318154,0.0,633.0
1719326109.7585151,0.0,633.0
1719326109.885711,0.0,633.0
1719326110.011204,0.0,633.0
1719326110.1366777,0.0,633.0
1719326110.2633252,0.0,633.0
1719326110.3887665,0.0,633.0
1719326110.5151465,0.0,633.0
1719326110.6421783,0.0,633.0
1719326110.7675097,0.0,633.0
1719326110.893352,0.0,633.0
1719326111.0186696,0.0,633.0
1719326111.1439266,0.0,633.0
1719326111.2695203,0.0,633.0
1719326111.3947973,0.0,633.0
1719326111.521747,0.0,633.0
1719326111.647677,0.0,633.0
1719326111.773867,0.0,633.0
1719326111.899323,0.0,633.0
1719326112.0259519,0.0,633.0
1719326112.1511962,0.0,633.0
1719326112.2767112,0.0,633.0
1719326112.4046438,0.0,633.0
1719326112.5300076,0.0,633.0
1719326112.6561372,0.0,633.0
1719326112.7815,0.0,633.0
1719326112.906843,0.0,633.0
1719326113.0322995,0.0,633.0
1719326113.1576462,0.0,633.0
1719326113.2841816,0.0,633.0
1719326113.412607,0.0,633.0
1719326113.5383399,0.0,633.0
1719326113.6647894,0.0,633.0
1719326113.7899303,0.0,633.0
1719326113.9155703,0.0,633.0
1719326114.0407484,0.0,633.0
1719326114.166868,0.0,633.0
1719326114.2942343,0.0,633.0
1719326114.4196837,0.0,633.0
1719326114.545202,0.0,633.0
1719326114.671424,0.0,633.0
1719326114.7967167,0.0,633.0
1719326114.922007,0.0,633.0
1719326115.0489435,0.0,633.0
1719326115.1767483,0.0,633.0
1719326115.301992,0.0,633.0
1719326115.4273205,0.0,633.0
1719326115.5538914,0.0,633.0
1719326115.6819615,0.0,633.0
1719326115.8080602,0.0,633.0
1719326115.9358554,0.0,633.0
1719326116.06148,0.0,633.0
1719326116.1870866,0.0,633.0
1719326116.312668,0.0,633.0
1719326116.4383588,0.0,633.0
1719326116.563948,0.0,633.0
1719326116.691981,0.0,633.0
1719326116.8180923,0.0,633.0
1719326116.9436224,0.0,633.0
1719326117.0691326,0.0,633.0
1719326117.1945906,0.0,633.0
1719326117.320205,0.0,633.0
1719326117.4468422,0.0,633.0
1719326117.5740073,0.0,633.0
1719326117.700317,0.0,633.0
1719326117.8259711,0.0,633.0
1719326117.9514594,0.0,633.0
1719326118.0768132,0.0,633.0
1719326118.2026887,0.0,633.0
1719326118.3301713,0.0,633.0
1719326118.4573789,0.0,633.0
1719326118.5826545,0.0,633.0
1719326118.7088773,0.0,633.0
1719326118.834426,0.0,633.0
1719326118.960237,0.0,633.0
1719326119.086518,0.0,633.0
1719326119.213796,0.0,633.0
1719326119.339215,0.0,633.0
1719326119.464797,0.0,633.0
1719326119.590618,0.0,633.0
1719326119.7173908,0.0,633.0
1719326119.843262,0.0,633.0
1719326119.9707751,0.0,633.0
1719326120.098304,0.0,633.0
1719326120.2237678,0.0,633.0
1719326120.3493493,0.0,633.0
1719326120.4751108,0.0,633.0
1719326120.6012228,0.0,633.0
1719326120.72801,0.0,633.0
1719326120.8554811,0.0,633.0
1719326120.9811645,0.0,633.0
1719326121.1065722,0.0,633.0
1719326121.231963,0.0,633.0
1719326121.357662,0.0,633.0
1719326121.4833882,0.0,633.0
1719326121.611126,0.0,633.0
1719326121.7377248,0.0,633.0
1719326121.8634858,0.0,633.0
1719326121.9896574,0.0,633.0
1719326122.115243,0.0,633.0
1719326122.2410262,0.0,633.0
1719326122.3673995,0.0,633.0
1719326122.494787,0.0,633.0
1719326122.6200218,0.0,633.0
1719326122.7471921,0.0,633.0
1719326122.87265,0.0,633.0
1719326122.998042,0.0,633.0
1719326123.123426,0.0,633.0
1719326123.2513542,0.0,633.0
1719326123.376757,0.0,633.0
1719326123.5020041,0.0,633.0
1719326123.628805,0.0,633.0
1719326123.754601,0.0,633.0
1719326123.88022,0.0,633.0
1719326124.0055964,0.0,633.0
1719326124.1327739,0.0,633.0
1719326124.2589123,0.0,633.0
1719326124.3844655,0.0,633.0
1719326124.510092,0.0,633.0
1719326124.6372113,0.0,633.0
1719326124.7631717,0.0,633.0
1719326124.890566,0.0,633.0
1719326125.0175433,0.0,633.0
1719326125.143113,0.0,633.0
1719326125.2688017,0.0,633.0
1719326125.3943532,0.0,633.0
1719326125.5199351,0.0,633.0
1719326125.6471179,0.0,633.0
1719326125.7744071,0.0,633.0
1719326125.8999414,0.0,633.0
1719326126.0258472,0.0,633.0
1719326126.1515584,0.0,633.0
1719326126.2777472,0.0,633.0
1719326126.4034443,0.0,633.0
1719326126.5311742,0.0,633.0
1719326126.658146,0.0,633.0
1719326126.7837944,0.0,633.0
1719326126.9095285,0.0,633.0
1719326127.0376074,0.0,633.0
1719326127.164286,0.0,633.0
1719326127.2917557,0.0,633.0
1719326127.4175825,0.0,633.0
1719326127.5435228,0.0,633.0
1719326127.6714127,0.0,633.0
1719326127.797362,0.0,633.0
1719326127.9238663,0.0,633.0
1719326128.0516946,0.0,633.0
1719326128.1785164,0.0,633.0
1719326128.304464,0.0,633.0
1719326128.4309742,0.0,633.0
1719326128.5579855,0.0,633.0
1719326128.6856365,0.0,633.0
1719326128.811585,0.0,633.0
1719326128.9379246,0.0,633.0
1719326129.0639126,0.0,633.0
1719326129.1894667,0.0,633.0
1719326129.3162007,0.0,633.0
1719326129.4439833,0.0,633.0
1719326129.5698743,0.0,633.0
1719326129.6963415,0.0,633.0
1719326129.8218744,0.0,633.0
1719326129.9483938,0.0,633.0
1719326130.0761654,0.0,633.0
1719326130.2037444,0.0,633.0
1719326130.3295531,0.0,633.0
1719326130.4556305,0.0,633.0
1719326130.5817626,0.0,633.0
1719326130.709572,0.0,633.0
1719326130.8366485,0.0,633.0
1719326130.9634275,0.0,633.0
1719326131.0902154,0.0,633.0
1719326131.2158272,0.0,633.0
1719326131.3430827,0.0,633.0
1719326131.471937,0.0,633.0
1719326131.5983126,0.0,633.0
1719326131.7250574,0.0,633.0
1719326131.8507216,0.0,633.0
1719326131.9771783,0.0,633.0
1719326132.1045,0.0,633.0
1719326132.2301342,0.0,633.0
1719326132.3565745,0.0,633.0
1719326132.4827192,0.0,633.0
1719326132.6084445,0.0,633.0
1719326132.73502,0.0,633.0
1719326132.8624272,0.0,633.0
1719326132.9883423,0.0,633.0
1719326133.1139586,0.0,633.0
1719326133.2394924,0.0,633.0
1719326133.3652904,0.0,633.0
1719326133.4935017,0.0,633.0
1719326133.6214948,0.0,633.0
1719326133.7483466,0.0,633.0
1719326133.8741803,0.0,633.0
1719326133.9996464,0.0,633.0
1719326134.1251612,0.0,633.0
1719326134.2518868,0.0,633.0
1719326134.3794334,0.0,633.0
1719326134.5057826,0.0,633.0
1719326134.6331034,0.0,633.0
1719326134.7591958,0.0,633.0
1719326134.8849034,0.0,633.0
1719326135.011713,0.0,633.0
1719326135.140952,0.0,633.0
1719326135.2665572,0.0,633.0
1719326135.3922808,0.0,633.0
1719326135.5186584,0.0,633.0
1719326135.648212,0.0,633.0
1719326135.7755601,0.0,633.0
1719326135.9013758,0.0,633.0
1719326136.0272727,0.0,633.0
1719326136.15314,0.0,633.0
1719326136.2786007,0.0,633.0
1719326136.4051647,0.0,633.0
1719326136.5314844,0.0,633.0
1719326136.658113,0.0,633.0
1719326136.7839475,0.0,633.0
1719326136.9097493,0.0,633.0
1719326137.0355706,0.0,633.0
1719326137.1624281,0.0,633.0
1719326137.2926352,0.0,633.0
1719326137.4189575,0.0,633.0
1719326137.544433,0.0,633.0
1719326137.6708841,0.0,633.0
1719326137.7971778,0.0,633.0
1719326137.9242134,0.0,633.0
1719326138.0512035,0.0,633.0
1719326138.1767397,0.0,633.0
1719326138.3021739,0.0,633.0
1719326138.4278324,0.0,633.0
1719326138.5535166,0.0,633.0
1719326138.6799235,0.0,633.0
1719326138.80817,0.0,633.0
1719326138.9335432,0.0,633.0
1719326139.0594199,0.0,633.0
1719326139.185399,0.0,633.0
1719326139.3109918,0.0,633.0
1719326139.4364552,0.0,633.0
1719326139.5635784,0.0,633.0
1719326139.6906998,0.0,633.0
1719326139.8162577,0.0,633.0
1719326139.9427328,0.0,633.0
1719326140.0684881,0.0,633.0
1719326140.1941783,0.0,633.0
1719326140.3207178,0.0,633.0
1719326140.4472885,0.0,633.0
1719326140.5731804,0.0,633.0
1719326140.6998708,0.0,633.0
1719326140.826022,0.0,633.0
1719326140.9518309,0.0,633.0
1719326141.0819533,0.0,633.0
1719326141.2080512,0.0,633.0
1719326141.3345273,0.0,633.0
1719326141.4603887,0.0,633.0
1719326141.5862033,0.0,633.0
1719326141.7148774,0.0,633.0
1719326141.8408108,0.0,633.0
1719326141.9664311,0.0,633.0
1719326142.0920265,0.0,633.0
1719326142.217652,0.0,633.0
1719326142.3436077,0.0,633.0
1719326142.469057,0.0,633.0
1719326142.5956872,0.0,633.0
1719326142.7240171,0.0,633.0
1719326142.8501143,0.0,633.0
1719326142.9754765,0.0,633.0
1719326143.1016972,0.0,633.0
1719326143.2273264,0.0,633.0
1719326143.3544178,0.0,633.0
1719326143.4828475,0.0,633.0
1719326143.608658,0.0,633.0
1719326143.7387738,0.0,633.0
1719326143.865231,0.0,633.0
1719326143.9933205,0.0,633.0
1719326144.1189764,0.0,633.0
1719326144.2454164,0.0,633.0
1719326144.371113,0.0,633.0
1719326144.4973152,0.0,633.0
1719326144.6237712,0.0,633.0
1719326144.7510736,0.0,633.0
1719326144.8768818,0.0,633.0
1719326145.002966,0.0,633.0
1719326145.128624,0.0,633.0
1719326145.254047,0.0,633.0
1719326145.3798232,0.0,633.0
1719326145.5067787,0.0,633.0
1719326145.634575,0.0,633.0
1719326145.761014,0.0,633.0
1719326145.8876178,0.0,633.0
1719326146.0133402,0.0,633.0
1719326146.1388516,0.0,633.0
1719326146.2655067,0.0,633.0
1719326146.3929896,0.0,633.0
1719326146.5186872,0.0,633.0
1719326146.6469905,0.0,633.0
1719326146.773113,0.0,633.0
1719326146.8999631,0.0,633.0
1719326147.029589,0.0,633.0
1719326147.1553974,0.0,633.0
1719326147.281247,0.0,633.0
1719326147.4067261,0.0,633.0
1719326147.5346742,0.0,633.0
1719326147.6621113,0.0,633.0
1719326147.7879086,0.0,633.0
1719326147.91352,0.0,633.0
1719326148.0393994,0.0,633.0
1719326148.164845,0.0,633.0
1719326148.291778,0.0,633.0
1719326148.419491,0.0,633.0
1719326148.54508,0.0,633.0
1719326148.672093,0.0,633.0
1719326148.7978246,0.0,633.0
1719326148.9234548,0.0,633.0
1719326149.0503247,0.0,633.0
1719326149.1804028,0.0,633.0
1719326149.305832,0.0,633.0
1719326149.431422,0.0,633.0
1719326149.5572507,0.0,633.0
1719326149.6859102,0.0,633.0
1719326149.8144042,0.0,633.0
1719326149.9401402,0.0,633.0
1719326150.0661626,0.0,633.0
1719326150.193457,0.0,633.0
1719326150.320336,0.0,633.0
1719326150.44845,0.0,633.0
1719326150.5769022,0.0,633.0
1719326150.7033937,0.0,633.0
1719326150.829345,0.0,633.0
1719326150.9558213,0.0,633.0
1719326151.0840585,0.0,633.0
1719326151.2096863,0.0,633.0
1719326151.3352523,0.0,633.0
1719326151.461113,0.0,633.0
1719326151.586517,0.0,633.0
1719326151.7147276,0.0,633.0
1719326151.841798,0.0,633.0
1719326151.9676356,0.0,633.0
1719326152.0930686,0.0,633.0
1719326152.2191749,0.0,633.0
1719326152.3455284,0.0,633.0
1719326152.4722586,0.0,633.0
1719326152.599583,0.0,633.0
1719326152.7263503,0.0,633.0
1719326152.8524244,0.0,633.0
1719326152.9777555,0.0,633.0
1719326153.1034656,0.0,633.0
1719326153.2303095,0.0,633.0
1719326153.3581161,0.0,633.0
1719326153.4846041,0.0,633.0
1719326153.6104233,0.0,633.0
1719326153.7359693,0.0,633.0
1719326153.8619394,0.0,633.0
1719326153.9894037,0.0,633.0
1719326154.117295,0.0,633.0
1719326154.2435825,0.0,633.0
1719326154.3694918,0.0,633.0
1719326154.495056,0.0,633.0
1719326154.620557,0.0,633.0
1719326154.748005,0.0,633.0
1719326154.874967,0.0,633.0
1719326155.0005975,0.0,633.0
1719326155.1263018,0.0,633.0
1719326155.2522662,0.0,633.0
1719326155.3780916,0.0,633.0
1719326155.5050178,0.0,633.0
1719326155.635072,0.0,633.0
1719326155.7617493,0.0,633.0
1719326155.8872933,0.0,633.0
1719326156.0128422,0.0,633.0
1719326156.1399703,0.0,633.0
1719326156.2682738,0.0,633.0
1719326156.3939214,0.0,633.0
1719326156.5196607,0.0,633.0
1719326156.6469896,0.0,633.0
1719326156.7736847,0.0,633.0
1719326156.901126,0.0,633.0
1719326157.0267894,0.0,633.0
1719326157.153413,0.0,633.0
1719326157.2789898,0.0,633.0
1719326157.404991,0.0,633.0
1719326157.5315635,0.0,633.0
1719326157.6587179,0.0,633.0
1719326157.784769,0.0,633.0
1719326157.9102714,0.0,633.0
1719326158.0357966,0.0,633.0
1719326158.1616054,0.0,633.0
1719326158.2874892,0.0,633.0
1719326158.4139888,0.0,633.0
1719326158.5415654,0.0,633.0
1719326158.6682024,0.0,633.0
1719326158.7938268,0.0,633.0
1719326158.9198577,0.0,633.0
1719326159.0454173,0.0,633.0
1719326159.1721025,0.0,633.0
1719326159.299354,0.0,633.0
1719326159.4251728,0.0,633.0
1719326159.5510292,0.0,633.0
1719326159.6772616,0.0,633.0
1719326159.8029706,0.0,633.0
1719326159.930844,0.0,633.0
1719326160.0588815,0.0,633.0
1719326160.1846325,0.0,633.0
1719326160.3101315,0.0,633.0
1719326160.4356976,0.0,633.0
1719326160.561232,0.0,633.0
1719326160.6887622,0.0,633.0
1719326160.8162365,0.0,633.0
1719326160.9418526,0.0,633.0
1719326161.0675702,0.0,633.0
1719326161.1933577,0.0,633.0
1719326161.318771,0.0,633.0
1719326161.4444077,0.0,633.0
1719326161.5712776,0.0,633.0
1719326161.6980648,0.0,633.0
1719326161.823674,0.0,633.0
1719326161.9494457,0.0,633.0
1719326162.0750775,0.0,633.0
1719326162.2011483,0.0,633.0
1719326162.3275104,0.0,633.0
1719326162.4546444,0.0,633.0
1719326162.5803282,0.0,633.0
1719326162.7074673,0.0,633.0
1719326162.8334095,0.0,633.0
1719326162.9588504,0.0,633.0
1719326163.0859258,0.0,633.0
1719326163.2130032,0.0,633.0
1719326163.3385918,0.0,633.0
1719326163.4645214,0.0,633.0
1719326163.5905237,0.0,633.0
1719326163.717226,0.0,633.0
1719326163.843556,0.0,633.0
1719326163.9712124,0.0,633.0
1719326164.0986192,0.0,633.0
1719326164.2243633,0.0,633.0
1719326164.3498018,0.0,633.0
1719326164.4753008,0.0,633.0
1719326164.6016297,0.0,633.0
1719326164.7281852,0.0,633.0
1719326164.8544235,0.0,633.0
1719326164.9805374,0.0,633.0
1719326165.106087,0.0,633.0
1719326165.2319252,0.0,633.0
1719326165.357937,0.0,633.0
1719326165.4844966,0.0,633.0
1719326165.6116965,0.0,633.0
1719326165.737246,0.0,633.0
1719326165.8632405,0.0,633.0
1719326165.988758,0.0,633.0
1719326166.1151729,0.0,633.0
1719326166.2421234,0.0,633.0
1719326166.369595,0.0,633.0
1719326166.4956212,0.0,633.0
1719326166.621463,0.0,633.0
1719326166.7486036,0.0,633.0
1719326166.8743787,0.0,633.0
1719326167.0050645,0.0,633.0
1719326167.1310666,0.0,633.0
1719326167.256916,0.0,633.0
1719326167.3828547,0.0,633.0
1719326167.5087304,0.0,633.0
1719326167.6351624,0.0,633.0
1719326167.7617626,0.0,633.0
1719326167.8873532,0.0,633.0
1719326168.0129848,0.0,633.0
1719326168.13866,0.0,633.0
1719326168.264292,0.0,633.0
1719326168.3911288,0.0,633.0
1719326168.5178096,0.0,633.0
1719326168.6445498,0.0,633.0
1719326168.7707965,0.0,633.0
1719326168.896569,0.0,633.0
1719326169.022554,0.0,633.0
1719326169.148531,0.0,633.0
1719326169.2742972,0.0,633.0
1719326169.4009278,0.0,633.0
1719326169.5274615,0.0,633.0
1719326169.6545281,0.0,633.0
1719326169.780431,0.0,633.0
1719326169.9066122,0.0,633.0
1719326170.032692,0.0,633.0
1719326170.1596048,0.0,633.0
1719326170.2884068,0.0,633.0
1719326170.414015,0.0,633.0
1719326170.5396383,0.0,633.0
1719326170.666126,0.0,633.0
1719326170.7940233,0.0,633.0
1719326170.9218621,0.0,633.0
1719326171.0475965,0.0,633.0
1719326171.1731138,0.0,633.0
1719326171.2987232,0.0,633.0
1719326171.4243228,0.0,633.0
1719326171.5502446,0.0,633.0
1719326171.6782937,0.0,633.0
1719326171.8042552,0.0,633.0
1719326171.9299395,0.0,633.0
1719326172.0557573,0.0,633.0
1719326172.1819932,0.0,633.0
1719326172.3076465,0.0,633.0
1719326172.4366918,0.0,633.0
1719326172.5625513,0.0,633.0
1719326172.688946,0.0,633.0
1719326172.8145213,0.0,633.0
1719326172.940622,0.0,633.0
1719326173.0665984,0.0,633.0
1719326173.19362,0.0,633.0
1719326173.3216145,0.0,633.0
1719326173.4471934,0.0,633.0
1719326173.5734355,0.0,633.0
1719326173.6998801,0.0,633.0
1719326173.8257444,0.0,633.0
1719326173.953165,0.0,633.0
1719326174.0791025,0.0,633.0
1719326174.2046673,0.0,633.0
1719326174.330414,0.0,633.0
1719326174.456085,0.0,633.0
1719326174.5817308,0.0,633.0
1719326174.7074747,0.0,633.0
1719326174.8335783,0.0,633.0
1719326174.9605339,0.0,633.0
1719326175.08615,0.0,633.0
1719326175.2117465,0.0,633.0
1719326175.3374484,0.0,633.0
1719326175.4631345,0.0,633.0
1719326175.5892286,0.0,633.0
1719326175.7186253,0.0,633.0
1719326175.8445883,0.0,633.0
1719326175.9704757,0.0,633.0
1719326176.0971181,0.0,633.0
1719326176.2248454,0.0,633.0
1719326176.3527062,0.0,633.0
1719326176.4784071,0.0,633.0
1719326176.6040635,0.0,633.0
1719326176.7310925,0.0,633.0
1719326176.8572357,0.0,633.0
1719326176.9839935,0.0,633.0
1719326177.1116397,0.0,633.0
1719326177.237993,0.0,633.0
1719326177.3641212,0.0,633.0
1719326177.4899633,0.0,633.0
1719326177.6161299,0.0,633.0
1719326177.744221,0.0,633.0
1719326177.8728147,0.0,633.0
1719326177.9991565,0.0,633.0
1719326178.125305,0.0,633.0
1719326178.2514918,0.0,633.0
1719326178.3793888,0.0,633.0
1719326178.50717,0.0,633.0
1719326178.6329498,0.0,633.0
1719326178.7596922,0.0,633.0
1719326178.8855,0.0,633.0
1719326179.0124118,0.0,633.0
1719326179.1391103,0.0,633.0
1719326179.2653906,0.0,633.0
1719326179.3910623,0.0,633.0
1719326179.5168092,0.0,633.0
1719326179.6424701,0.0,633.0
1719326179.7766783,0.0,633.0
1719326179.9025378,0.0,633.0
1719326180.0279474,0.0,633.0
1719326180.1534266,0.0,633.0
1719326180.2800412,0.0,633.0
1719326180.4071863,0.0,633.0
1719326180.5355802,0.0,633.0
1719326180.6612551,0.0,633.0
1719326180.7867599,0.0,633.0
1719326180.9120398,0.0,633.0
1719326181.0374556,0.0,633.0
1719326181.1629846,0.0,633.0
1719326181.2894297,0.0,633.0
1719326181.4167485,0.0,633.0
1719326181.5422227,0.0,633.0
1719326181.669983,0.0,633.0
1719326181.7960448,0.0,633.0
1719326181.9219685,0.0,633.0
1719326182.04897,0.0,633.0
1719326182.1770988,0.0,633.0
1719326182.302995,0.0,633.0
1719326182.4292626,0.0,633.0
1719326182.5551653,0.0,633.0
1719326182.685045,0.0,633.0
1719326182.8123095,0.0,633.0
1719326182.938109,0.0,633.0
1719326183.064039,0.0,633.0
1719326183.19002,0.0,633.0
1719326183.3163023,0.0,633.0
1719326183.4427037,0.0,633.0
1719326183.5701792,0.0,633.0
1719326183.6969602,0.0,633.0
1719326183.82227,0.0,633.0
1719326183.947695,0.0,633.0
1719326184.0735102,0.0,633.0
1719326184.1992917,0.0,633.0
1719326184.326115,0.0,633.0
1719326184.4533706,0.0,633.0
1719326184.578852,0.0,633.0
1719326184.7051113,0.0,633.0
1719326184.8303716,0.0,633.0
1719326184.9559743,0.0,633.0
1719326185.0815172,0.0,633.0
1719326185.2084587,0.0,633.0
1719326185.3357806,0.0,633.0
1719326185.4617164,0.0,633.0
1719326185.5871735,0.0,633.0
1719326185.713238,0.0,633.0
1719326185.8386075,0.0,633.0
1719326185.9654968,0.0,633.0
1719326186.0936189,0.0,633.0
1719326186.2194023,0.0,633.0
1719326186.3447266,0.0,633.0
1719326186.470112,0.0,633.0
1719326186.5956335,0.0,633.0
1719326186.7238753,0.0,633.0
1719326186.8506124,0.0,633.0
1719326186.975943,0.0,633.0
1719326187.101246,0.0,633.0
1719326187.2269437,0.0,633.0
1719326187.3523848,0.0,633.0
1719326187.4776285,0.0,633.0
1719326187.6058671,0.0,633.0
1719326187.7320614,0.0,633.0
1719326187.857343,0.0,633.0
1719326187.9825404,0.0,633.0
1719326188.1082087,0.0,633.0
1719326188.2337081,0.0,633.0
1719326188.35921,0.0,633.0
1719326188.4855998,0.0,633.0
1719326188.6128726,0.0,633.0
1719326188.7400162,0.0,633.0
1719326188.8658745,0.0,633.0
1719326188.9915934,0.0,633.0
1719326189.1172152,0.0,633.0
1719326189.2442126,0.0,633.0
1719326189.371791,0.0,633.0
1719326189.4973328,0.0,633.0
1719326189.6229074,0.0,633.0
1719326189.7496219,0.0,633.0
1719326189.8752186,0.0,633.0
1719326190.002531,0.0,633.0
1719326190.130252,0.0,633.0
1719326190.255691,0.0,633.0
1719326190.381248,0.0,633.0
1719326190.507159,0.0,633.0
1719326190.632953,0.0,633.0
1719326190.7583973,0.0,633.0
1719326190.8858073,0.0,633.0
1719326191.0128455,0.0,633.0
1719326191.1383736,0.0,633.0
1719326191.2639832,0.0,633.0
1719326191.3893466,0.0,633.0
1719326191.5148683,0.0,633.0
1719326191.6402133,0.0,633.0
1719326191.7684665,0.0,633.0
1719326191.894604,0.0,633.0
1719326192.0203593,0.0,633.0
1719326192.146049,0.0,633.0
1719326192.27175,0.0,633.0
1719326192.3972297,0.0,633.0
1719326192.5242827,0.0,633.0
1719326192.6522853,0.0,633.0
1719326192.7790794,0.0,633.0
1719326192.9067264,0.0,633.0
1719326193.034293,0.0,633.0
1719326193.1648233,0.0,633.0
1719326193.2926147,0.0,633.0
1719326193.4202752,0.0,633.0
1719326193.5485992,0.0,633.0
1719326193.675503,0.0,633.0
1719326193.8011644,0.0,633.0
1719326193.9266958,0.0,633.0
1719326194.0521388,0.0,633.0
1719326194.1779633,0.0,633.0
1719326194.3038144,0.0,633.0
1719326194.4301388,0.0,633.0
1719326194.55778,0.0,633.0
1719326194.6846805,0.0,633.0
1719326194.810311,0.0,633.0
1719326194.9361598,0.0,633.0
1719326195.0630672,0.0,633.0
1719326195.1926994,0.0,633.0
1719326195.3180132,0.0,633.0
1719326195.443574,0.0,633.0
1719326195.5692697,0.0,633.0
1719326195.6977515,0.0,633.0
1719326195.825702,0.0,633.0
1719326195.9514127,0.0,633.0
1719326196.0767622,0.0,633.0
1719326196.2024095,0.0,633.0
1719326196.3280184,0.0,633.0
1719326196.4547465,0.0,633.0
1719326196.5821557,0.0,633.0
1719326196.707508,0.0,633.0
1719326196.83302,0.0,633.0
1719326196.9586356,0.0,633.0
1719326197.084369,0.0,633.0
1719326197.2097113,0.0,633.0
1719326197.3350246,0.0,633.0
1719326197.4627392,0.0,633.0
1719326197.5882316,0.0,633.0
1719326197.713576,0.0,633.0
1719326197.8390584,0.0,633.0
1719326197.9646463,0.0,633.0
1719326198.0901294,0.0,633.0
1719326198.2216618,0.0,633.0
1719326198.3477042,0.0,633.0
1719326198.4729297,0.0,633.0
1719326198.5982845,0.0,633.0
1719326198.7252147,0.0,633.0
1719326198.8509376,0.0,633.0
1719326198.9801202,0.0,633.0
1719326199.1056073,0.0,633.0
1719326199.2309568,0.0,633.0
1719326199.356545,0.0,633.0
1719326199.4821079,0.0,633.0
1719326199.607281,0.0,633.0
1719326199.7349703,0.0,633.0
1719326199.8617938,0.0,633.0
1719326199.9872882,0.0,633.0
1719326200.1126518,0.0,633.0
1719326200.2378833,0.0,633.0
1719326200.363368,0.0,633.0
1719326200.4901688,0.0,633.0
1719326200.6171978,0.0,633.0
1719326200.7434235,0.0,633.0
1719326200.8687675,0.0,633.0
1719326200.9945104,0.0,633.0
1719326201.119887,0.0,633.0
1719326201.2453363,0.0,633.0
1719326201.370951,0.0,633.0
1719326201.4978273,0.0,633.0
1719326201.6251602,0.0,633.0
1719326201.7537265,0.0,633.0
1719326201.8792057,0.0,633.0
1719326202.0047257,0.0,633.0
1719326202.130413,0.0,633.0
1719326202.2573524,0.0,633.0
1719326202.3851519,0.0,633.0
1719326202.511227,0.0,633.0
1719326202.6368344,0.0,633.0
1719326202.76274,0.0,633.0
1719326202.8880403,0.0,633.0
1719326203.0133114,0.0,633.0
1719326203.1395745,0.0,633.0
1719326203.2670848,0.0,633.0
1719326203.3924577,0.0,633.0
1719326203.5178099,0.0,633.0
1719326203.6435127,0.0,633.0
1719326203.7699091,0.0,633.0
1719326203.8985734,0.0,633.0
1719326204.0237951,0.0,633.0
1719326204.1493082,0.0,633.0
1719326204.2745645,0.0,633.0
1719326204.3999848,0.0,633.0
1719326204.5254433,0.0,633.0
1719326204.6507542,0.0,633.0
1719326204.7784023,0.0,633.0
1719326204.9053583,0.0,633.0
1719326205.0306807,0.0,633.0
1719326205.1561186,0.0,633.0
1719326205.2814922,0.0,633.0
1719326205.407088,0.0,633.0
1719326205.5323584,0.0,633.0
1719326205.6591048,0.0,633.0
1719326205.785804,0.0,633.0
1719326205.9113495,0.0,633.0
1719326206.036505,0.0,633.0
1719326206.161764,0.0,633.0
1719326206.287437,0.0,633.0
1719326206.4128354,0.0,633.0
1719326206.538252,0.0,633.0
1719326206.6653497,0.0,633.0
1719326206.7924008,0.0,633.0
1719326206.9178622,0.0,633.0
1719326207.043703,0.0,633.0
1719326207.1691554,0.0,633.0
1719326207.2943926,0.0,633.0
1719326207.4196055,0.0,633.0
1719326207.545917,0.0,633.0
1719326207.6723602,0.0,633.0
1719326207.798188,0.0,633.0
1719326207.9237468,0.0,633.0
1719326208.0493455,0.0,633.0
1719326208.175683,0.0,633.0
1719326208.3019974,0.0,633.0
1719326208.4289868,0.0,633.0
1719326208.556373,0.0,633.0
1719326208.6827815,0.0,633.0
1719326208.808914,0.0,633.0
1719326208.9349184,0.0,633.0
1719326209.0621426,0.0,633.0
1719326209.1899095,0.0,633.0
1719326209.3167706,0.0,633.0
1719326209.4427779,0.0,633.0
1719326209.5685768,0.0,633.0
1719326209.6961358,0.0,633.0
1719326209.824348,0.0,633.0
1719326209.9513853,0.0,633.0
1719326210.077753,0.0,633.0
1719326210.2033625,0.0,633.0
1719326210.3301194,0.0,633.0
1719326210.458294,0.0,633.0
1719326210.5852842,0.0,633.0
1719326210.7120793,0.0,633.0
1719326210.8377585,0.0,633.0
1719326210.963427,0.0,633.0
1719326211.0892024,0.0,633.0
1719326211.21474,0.0,633.0
1719326211.3415382,0.0,633.0
1719326211.4689887,0.0,633.0
1719326211.5961704,0.0,633.0
1719326211.722573,0.0,633.0
1719326211.8481295,0.0,633.0
1719326211.9751358,0.0,633.0
1719326212.1037116,0.0,633.0
1719326212.2294395,0.0,633.0
1719326212.3549397,0.0,633.0
1719326212.4808228,0.0,633.0
1719326212.6064909,0.0,633.0
1719326212.734777,0.0,633.0
1719326212.861869,0.0,633.0
1719326212.987328,0.0,633.0
1719326213.112585,0.0,633.0
1719326213.2378626,0.0,633.0
1719326213.3635108,0.0,633.0
1719326213.4887536,0.0,633.0
1719326213.6141527,0.0,633.0
1719326213.7411118,0.0,633.0
1719326213.8690064,0.0,633.0
1719326213.9942505,0.0,633.0
1719326214.1194253,0.0,633.0
1719326214.2447395,0.0,633.0
1719326214.3700016,0.0,633.0
1719326214.4954665,0.0,633.0
1719326214.6221037,0.0,633.0
1719326214.7487037,0.0,633.0
1719326214.8748739,0.0,633.0
1719326215.0000143,0.0,633.0
1719326215.1252286,0.0,633.0
1719326215.2505245,0.0,633.0
1719326215.3760252,0.0,633.0
1719326215.5013127,0.0,633.0
1719326215.6264298,0.0,633.0
1719326215.753246,0.0,633.0
1719326215.880667,0.0,633.0
1719326216.0065408,0.0,633.0
1719326216.1321058,0.0,633.0
1719326216.2579312,0.0,633.0
1719326216.3835876,0.0,633.0
1719326216.5107744,0.0,633.0
1719326216.6391048,0.0,633.0
1719326216.7659612,0.0,633.0
1719326216.891946,0.0,633.0
1719326217.0180924,0.0,633.0
1719326217.1451573,0.0,633.0
1719326217.273596,0.0,633.0
1719326217.399817,0.0,633.0
1719326217.52618,0.0,633.0
1719326217.6520188,0.0,633.0
1719326217.7793872,0.0,633.0
1719326217.9064837,0.0,633.0
1719326218.0321558,0.0,633.0
1719326218.1579986,0.0,633.0
1719326218.2834857,0.0,633.0
1719326218.4088364,0.0,633.0
1719326218.5342665,0.0,633.0
1719326218.6616187,0.0,633.0
1719326218.7874136,0.0,633.0
1719326218.9132276,0.0,633.0
1719326219.0393288,0.0,633.0
1719326219.1655178,0.0,633.0
1719326219.2926466,0.0,633.0
1719326219.4184418,0.0,633.0
1719326219.5464275,0.0,633.0
1719326219.673356,0.0,633.0
1719326219.7991378,0.0,633.0
1719326219.9249415,0.0,633.0
1719326220.0508058,0.0,633.0
1719326220.1763847,0.0,633.0
1719326220.3046174,0.0,633.0
1719326220.4310682,0.0,633.0
1719326220.5570302,0.0,633.0
1719326220.6839547,0.0,633.0
1719326220.80968,0.0,633.0
1719326220.935099,0.0,633.0
1719326221.061632,0.0,633.0
1719326221.189469,0.0,633.0
1719326221.3149686,0.0,633.0
1719326221.4404933,0.0,633.0
1719326221.5660605,0.0,633.0
1719326221.692387,0.0,633.0
1719326221.8194337,0.0,633.0
1719326221.9477923,0.0,633.0
1719326222.0734491,0.0,633.0
1719326222.1989753,0.0,633.0
1719326222.3245697,0.0,633.0
1719326222.4501147,0.0,633.0
1719326222.5785992,0.0,633.0
1719326222.7049544,0.0,633.0
1719326222.830627,0.0,633.0
1719326222.9562225,0.0,633.0
1719326223.0816286,0.0,633.0
1719326223.207182,0.0,633.0
1719326223.3329506,0.0,633.0
1719326223.4596817,0.0,633.0
1719326223.5880256,0.0,633.0
1719326223.714587,0.0,633.0
1719326223.8406777,0.0,633.0
1719326223.9663062,0.0,633.0
1719326224.093484,0.0,633.0
1719326224.221372,0.0,633.0
1719326224.3468902,0.0,633.0
1719326224.472558,0.0,633.0
1719326224.598429,0.0,633.0
1719326224.7258093,0.0,633.0
1719326224.852291,0.0,633.0
1719326224.9802327,0.0,633.0
1719326225.105841,0.0,633.0
1719326225.2312968,0.0,633.0
1719326225.3571506,0.0,633.0
1719326225.482727,0.0,633.0
1719326225.6097438,0.0,633.0
1719326225.7380185,0.0,633.0
1719326225.8633416,0.0,633.0
1719326225.9891431,0.0,633.0
1719326226.1148422,0.0,633.0
1719326226.2403996,0.0,633.0
1719326226.3661041,0.0,633.0
1719326226.4928887,0.0,633.0
1719326226.6204011,0.0,633.0
1719326226.7471836,0.0,633.0
1719326226.8726065,0.0,633.0
1719326226.9979818,0.0,633.0
1719326227.1236615,0.0,633.0
1719326227.2495923,0.0,633.0
1719326227.3766901,0.0,633.0
1719326227.5038006,0.0,633.0
1719326227.629308,0.0,633.0
1719326227.755924,0.0,633.0
1719326227.8819065,0.0,633.0
1719326228.0079935,0.0,633.0
1719326228.1342568,0.0,633.0
1719326228.261733,0.0,633.0
1719326228.3875759,0.0,633.0
1719326228.5133634,0.0,633.0
1719326228.6392426,0.0,633.0
1719326228.7657497,0.0,633.0
1719326228.8914206,0.0,633.0
1719326229.018291,0.0,633.0
1719326229.1459792,0.0,633.0
1719326229.2712307,0.0,633.0
1719326229.3969393,0.0,633.0
1719326229.5227375,0.0,633.0
1719326229.6482654,0.0,633.0
1719326229.7737918,0.0,633.0
1719326229.9003685,0.0,633.0
1719326230.027713,0.0,633.0
1719326230.1534166,0.0,633.0
1719326230.2790484,0.0,633.0
1719326230.4046588,0.0,633.0
1719326230.5304575,0.0,633.0
1719326230.6575704,0.0,633.0
1719326230.78382,0.0,633.0
1719326230.909749,0.0,633.0
1719326231.0359004,0.0,633.0
1719326231.1613057,0.0,633.0
1719326231.28763,0.0,633.0
1719326231.4131567,0.0,633.0
1719326231.5403636,0.0,633.0
1719326231.6685236,0.0,633.0
1719326231.7960863,0.0,633.0
1719326231.9218953,0.0,633.0
1719326232.0479617,0.0,633.0
1719326232.1753635,0.0,633.0
1719326232.3040571,0.0,633.0
1719326232.429941,0.0,633.0
1719326232.5563514,0.0,633.0
1719326232.6834254,0.0,633.0
1719326232.8115,0.0,633.0
1719326232.938256,0.0,633.0
1719326233.0639057,0.0,633.0
1719326233.1893172,0.0,633.0
1719326233.3149865,0.0,633.0
1719326233.4405956,0.0,633.0
1719326233.5669029,0.0,633.0
1719326233.6935184,0.0,633.0
1719326233.8192813,0.0,633.0
1719326233.9447293,0.0,633.0
1719326234.0703168,0.0,633.0
1719326234.195746,0.0,633.0
1719326234.321194,0.0,633.0
1719326234.4481335,0.0,633.0
1719326234.575907,0.0,633.0
1719326234.7021508,0.0,633.0
1719326234.827883,0.0,633.0
1719326234.95327,0.0,633.0
1719326235.0786757,0.0,633.0
1719326235.2053459,0.0,633.0
1719326235.3329628,0.0,633.0
1719326235.4582675,0.0,633.0
1719326235.5845108,0.0,633.0
1719326235.7116275,0.0,633.0
1719326235.8393517,0.0,633.0
1719326235.9671645,0.0,633.0
1719326236.093303,0.0,633.0
1719326236.219424,0.0,633.0
1719326236.3462307,0.0,633.0
1719326236.4720078,0.0,633.0
1719326236.599217,0.0,633.0
1719326236.7258523,0.0,633.0
1719326236.8516593,0.0,633.0
1719326236.9772675,0.0,633.0
1719326237.1040902,0.0,633.0
1719326237.2299488,0.0,633.0
1719326237.3570197,0.0,633.0
1719326237.4842846,0.0,633.0
1719326237.6102216,0.0,633.0
1719326237.7374446,0.0,633.0
1719326237.8629792,0.0,633.0
1719326237.9895122,0.0,633.0
1719326238.1177487,0.0,633.0
1719326238.2438293,0.0,633.0
1719326238.3693826,0.0,633.0
1719326238.4950845,0.0,633.0
1719326238.6206956,0.0,633.0
1719326238.7492936,0.0,633.0
1719326238.8758187,0.0,633.0
1719326239.0018253,0.0,633.0
1719326239.1276233,0.0,633.0
1719326239.2535436,0.0,633.0
1719326239.3789613,0.0,633.0
1719326239.5057852,0.0,633.0
1719326239.63359,0.0,633.0
1719326239.7606943,0.0,633.0
1719326239.8864794,0.0,633.0
1719326240.0130746,0.0,633.0
1719326240.1396298,0.0,633.0
1719326240.2674022,0.0,633.0
1719326240.3929346,0.0,633.0
1719326240.519454,0.0,633.0
1719326240.645752,0.0,633.0
1719326240.7729156,0.0,633.0
1719326240.9001436,0.0,633.0
1719326241.0267768,0.0,633.0
1719326241.1527317,0.0,633.0
1719326241.2795458,0.0,633.0
1719326241.4057443,0.0,633.0
1719326241.532048,0.0,633.0
1719326241.6591694,0.0,633.0
1719326241.7855754,0.0,633.0
1719326241.9114742,0.0,633.0
1719326242.0374818,0.0,633.0
1719326242.163253,0.0,633.0
1719326242.2904904,0.0,633.0
1719326242.4185927,0.0,633.0
1719326242.544853,0.0,633.0
1719326242.6706204,0.0,633.0
1719326242.7972975,0.0,633.0
1719326242.9233692,0.0,633.0
1719326243.0507715,0.0,633.0
1719326243.1776133,0.0,633.0
1719326243.303434,0.0,633.0
1719326243.4292245,0.0,633.0
1719326243.5549946,0.0,633.0
1719326243.6804469,0.0,633.0
1719326243.8079042,0.0,633.0
1719326243.9353569,0.0,633.0
1719326244.0612636,0.0,633.0
1719326244.1874282,0.0,633.0
1719326244.3128915,0.0,633.0
1719326244.4383812,0.0,633.0
1719326244.565275,0.0,633.0
1719326244.6933103,0.0,633.0
1719326244.8187397,0.0,633.0
1719326244.9438899,0.0,633.0
1719326245.0692182,0.0,633.0
1719326245.1943848,0.0,633.0
1719326245.3195746,0.0,633.0
1719326245.4447653,0.0,633.0
1719326245.5710568,0.0,633.0
1719326245.697301,0.0,633.0
1719326245.8228226,0.0,633.0
1719326245.9485073,0.0,633.0
1719326246.0737655,0.0,633.0
1719326246.1994066,0.0,633.0
1719326246.324744,0.0,633.0
1719326246.4508185,0.0,633.0
1719326246.577818,0.0,633.0
1719326246.703785,0.0,633.0
1719326246.8289168,0.0,633.0
1719326246.9553485,0.0,633.0
1719326247.080905,0.0,633.0
1719326247.2077422,0.0,633.0
1719326247.3341572,0.0,633.0
1719326247.4597263,0.0,633.0
1719326247.5853422,0.0,633.0
1719326247.7113261,0.0,633.0
1719326247.8369758,0.0,633.0
1719326247.9621153,0.0,633.0
1719326248.0881894,0.0,633.0
1719326248.2156248,0.0,633.0
1719326248.3409376,0.0,633.0
1719326248.4663455,0.0,633.0
1719326248.5925896,0.0,633.0
1719326248.7189662,0.0,633.0
1719326248.845203,0.0,633.0
1719326248.9724677,0.0,633.0
1719326249.0977883,0.0,633.0
1719326249.2231054,0.0,633.0
1719326249.3482742,0.0,633.0
1719326249.473891,0.0,633.0
1719326249.5992951,0.0,633.0
1719326249.7285864,0.0,633.0
1719326249.8546412,0.0,633.0
1719326249.9805996,0.0,633.0
1719326250.10641,0.0,633.0
1719326250.2322636,0.0,633.0
1719326250.3579214,0.0,633.0
1719326250.484469,0.0,633.0
1719326250.6122522,0.0,633.0
1719326250.7379296,0.0,633.0
1719326250.8635256,0.0,633.0
1719326250.9889524,0.0,633.0
1719326251.1145623,0.0,633.0
1719326251.241994,0.0,633.0
1719326251.3698983,0.0,633.0
1719326251.4954252,0.0,633.0
1719326251.621353,0.0,633.0
1719326251.7472348,0.0,633.0
1719326251.8730094,0.0,633.0
1719326251.9998527,0.0,633.0
1719326252.1270273,0.0,633.0
1719326252.2525969,0.0,633.0
1719326252.3785515,0.0,633.0
1719326252.504254,0.0,633.0
1719326252.6298175,0.0,633.0
1719326252.7585576,0.0,633.0
1719326252.886874,0.0,633.0
1719326253.0125325,0.0,633.0
1719326253.1381342,0.0,633.0
1719326253.2635689,0.0,633.0
1719326253.3890924,0.0,633.0
1719326253.5159402,0.0,633.0
1719326253.6437016,0.0,633.0
1719326253.7704017,0.0,633.0
1719326253.896237,0.0,633.0
1719326254.0216763,0.0,633.0
1719326254.1477516,0.0,633.0
1719326254.2743292,0.0,633.0
1719326254.4023864,0.0,633.0
1719326254.5280023,0.0,633.0
1719326254.6533134,0.0,633.0
1719326254.779875,0.0,633.0
1719326254.9054704,0.0,633.0
1719326255.0316007,0.0,633.0
1719326255.1602366,0.0,633.0
1719326255.2860503,0.0,633.0
1719326255.4129927,0.0,633.0
1719326255.5388186,0.0,633.0
1719326255.664852,0.0,633.0
1719326255.7926233,0.0,633.0
1719326255.9200625,0.0,633.0
1719326256.045631,0.0,633.0
1719326256.1713626,0.0,633.0
1719326256.296925,0.0,633.0
1719326256.4226944,0.0,633.0
1719326256.549458,0.0,633.0
1719326256.676105,0.0,633.0
1719326256.803994,0.0,633.0
1719326256.9298882,0.0,633.0
1719326257.0557015,0.0,633.0
1719326257.1815248,0.0,633.0
1719326257.3080647,0.0,633.0
1719326257.435305,0.0,633.0
1719326257.5612555,0.0,633.0
1719326257.6870377,0.0,633.0
1719326257.814212,0.0,633.0
1719326257.9399388,0.0,633.0
1719326258.0673547,0.0,633.0
1719326258.1943142,0.0,633.0
1719326258.3198373,0.0,633.0
1719326258.4452589,0.0,633.0
1719326258.5708647,0.0,633.0
1719326258.6980803,0.0,633.0
1719326258.8253896,0.0,633.0
1719326258.9530783,0.0,633.0
1719326259.0788531,0.0,633.0
1719326259.2044718,0.0,633.0
1719326259.329759,0.0,633.0
1719326259.455312,0.0,633.0
1719326259.5818005,0.0,633.0
1719326259.7084718,0.0,633.0
1719326259.834238,0.0,633.0
1719326259.9598188,0.0,633.0
1719326260.085304,0.0,633.0
1719326260.2110782,0.0,633.0
1719326260.3364258,0.0,633.0
1719326260.4619014,0.0,633.0
1719326260.588181,0.0,633.0
1719326260.714306,0.0,633.0
1719326260.8400233,0.0,633.0
1719326260.965606,0.0,633.0
1719326261.09159,0.0,633.0
1719326261.217167,0.0,633.0
1719326261.342637,0.0,633.0
1719326261.4694946,0.0,633.0
1719326261.5975695,0.0,633.0
1719326261.7240877,0.0,633.0
1719326261.8497906,0.0,633.0
1719326261.9756083,0.0,633.0
1719326262.1024928,0.0,633.0
1719326262.230918,0.0,633.0
1719326262.3565595,0.0,633.0
1719326262.4820595,0.0,633.0
1719326262.6076283,0.0,633.0
1719326262.7346473,0.0,633.0
1719326262.8611133,0.0,633.0
1719326262.9872591,0.0,633.0
1719326263.1126807,0.0,633.0
1719326263.2381873,0.0,633.0
1719326263.363774,0.0,633.0
1719326263.4894943,0.0,633.0
1719326263.615333,0.0,633.0
1719326263.74346,0.0,633.0
1719326263.8714607,0.0,633.0
1719326263.99692,0.0,633.0
1719326264.1223907,0.0,633.0
1719326264.2477355,0.0,633.0
1719326264.3730688,0.0,633.0
1719326264.4984336,0.0,633.0
1719326264.6247168,0.0,633.0
1719326264.7519352,0.0,633.0
1719326264.8775659,0.0,633.0
1719326265.0033038,0.0,633.0
1719326265.1290388,0.0,633.0
1719326265.2544074,0.0,633.0
1719326265.3801348,0.0,633.0
1719326265.5066328,0.0,633.0
1719326265.633846,0.0,633.0
1719326265.7608333,0.0,633.0
1719326265.8863864,0.0,633.0
1719326266.0118876,0.0,633.0
1719326266.1373763,0.0,633.0
1719326266.2650454,0.0,633.0
1719326266.3908775,0.0,633.0
1719326266.5166082,0.0,633.0
1719326266.642728,0.0,633.0
1719326266.7684877,0.0,633.0
1719326266.893906,0.0,633.0
1719326267.0209324,0.0,633.0
1719326267.1502512,0.0,633.0
1719326267.27575,0.0,633.0
1719326267.4017818,0.0,633.0
1719326267.5273988,0.0,633.0
1719326267.653052,0.0,633.0
1719326267.7811532,0.0,633.0
1719326267.9071145,0.0,633.0
1719326268.0328126,0.0,633.0
1719326268.1584544,0.0,633.0
1719326268.2839642,0.0,633.0
1719326268.4093986,0.0,633.0
1719326268.5359824,0.0,633.0
1719326268.6627526,0.0,633.0
1719326268.788436,0.0,633.0
1719326268.9141548,0.0,633.0
1719326269.0396466,0.0,633.0
1719326269.1653953,0.0,633.0
1719326269.2913802,0.0,633.0
1719326269.4176385,0.0,633.0
1719326269.5452793,0.0,633.0
1719326269.6708264,0.0,633.0
1719326269.7970366,0.0,633.0
1719326269.923687,0.0,633.0
1719326270.0501273,0.0,633.0
1719326270.1772273,0.0,633.0
1719326270.3052974,0.0,633.0
1719326270.4312503,0.0,633.0
1719326270.557427,0.0,633.0
1719326270.683614,0.0,633.0
1719326270.8123708,0.0,633.0
1719326270.9406867,0.0,633.0
1719326271.0669398,0.0,633.0
1719326271.1927578,0.0,633.0
1719326271.3182206,0.0,633.0
1719326271.443763,0.0,633.0
1719326271.5701315,0.0,633.0
1719326271.6971364,0.0,633.0
1719326271.823742,0.0,633.0
1719326271.9490798,0.0,633.0
1719326272.0746171,0.0,633.0
1719326272.2001925,0.0,633.0
1719326272.3259737,0.0,633.0
1719326272.4539006,0.0,633.0
1719326272.5804825,0.0,633.0
1719326272.707745,0.0,633.0
1719326272.833367,0.0,633.0
1719326272.958973,0.0,633.0
1719326273.0843837,0.0,633.0
1719326273.2108488,0.0,633.0
1719326273.3373544,0.0,633.0
1719326273.4631844,0.0,633.0
1719326273.5888076,0.0,633.0
1719326273.7158272,0.0,633.0
1719326273.8416235,0.0,633.0
1719326273.9671576,0.0,633.0
1719326274.0941737,0.0,633.0
1719326274.2211816,0.0,633.0
1719326274.3476715,0.0,633.0
1719326274.4734213,0.0,633.0
1719326274.59944,0.0,633.0
1719326274.7260668,0.0,633.0
1719326274.8524833,0.0,633.0
1719326274.9780576,0.0,633.0
1719326275.1040013,0.0,633.0
1719326275.2295322,0.0,633.0
1719326275.3551974,0.0,633.0
1719326275.4813006,0.0,633.0
1719326275.6081414,0.0,633.0
1719326275.7361379,0.0,633.0
1719326275.8623927,0.0,633.0
1719326275.9883232,0.0,633.0
1719326276.1138055,0.0,633.0
1719326276.239076,0.0,633.0
1719326276.3645535,0.0,633.0
1719326276.491586,0.0,633.0
1719326276.6185546,0.0,633.0
1719326276.7458248,0.0,633.0
1719326276.8720229,0.0,633.0
1719326276.9980145,0.0,633.0
1719326277.1252959,0.0,633.0
1719326277.253355,0.0,633.0
1719326277.3796465,0.0,633.0
1719326277.5050967,0.0,633.0
1719326277.6311846,0.0,633.0
1719326277.7582989,0.0,633.0
1719326277.8878155,0.0,633.0
1719326278.0137703,0.0,633.0
1719326278.140322,0.0,633.0
1719326278.2664497,0.0,633.0
1719326278.392464,0.0,633.0
1719326278.5192215,0.0,633.0
1719326278.6465154,0.0,633.0
1719326278.7733932,0.0,633.0
1719326278.8993785,0.0,633.0
1719326279.025567,0.0,633.0
1719326279.152999,0.0,633.0
1719326279.281051,0.0,633.0
1719326279.4072297,0.0,633.0
1719326279.533424,0.0,633.0
1719326279.6595535,0.0,633.0
1719326279.787635,0.0,633.0
1719326279.9156902,0.0,633.0
1719326280.0421562,0.0,633.0
1719326280.1685,0.0,633.0
1719326280.294225,0.0,633.0
1719326280.4200525,0.0,633.0
1719326280.5476985,0.0,633.0
1719326280.674053,0.0,633.0
1719326280.800028,0.0,633.0
1719326280.9263852,0.0,633.0
1719326281.0529335,0.0,633.0
1719326281.180069,0.0,633.0
1719326281.3077476,0.0,633.0
1719326281.4338858,0.0,633.0
1719326281.5600262,0.0,633.0
1719326281.686141,0.0,633.0
1719326281.8139458,0.0,633.0
1719326281.9418054,0.0,633.0
1719326282.0678174,0.0,633.0
1719326282.1939895,0.0,633.0
1719326282.3204074,0.0,633.0
1719326282.4467006,0.0,633.0
1719326282.575004,0.0,633.0
1719326282.701309,0.0,633.0
1719326282.8280172,0.0,633.0
1719326282.9538581,0.0,633.0
1719326283.0795195,0.0,633.0
1719326283.206834,0.0,633.0
1719326283.3346117,0.0,633.0
1719326283.4601836,0.0,633.0
1719326283.5859191,0.0,633.0
1719326283.7132745,0.0,633.0
1719326283.8388526,0.0,633.0
1719326283.9654891,0.0,633.0
1719326284.0928743,0.0,633.0
1719326284.2182047,0.0,633.0
1719326284.3435385,0.0,633.0
1719326284.4688253,0.0,633.0
1719326284.595139,0.0,633.0
1719326284.7220411,0.0,633.0
1719326284.8503127,0.0,633.0
1719326284.976322,0.0,633.0
1719326285.102094,0.0,633.0
1719326285.2281017,0.0,633.0
1719326285.3539164,0.0,633.0
1719326285.4796379,0.0,633.0
1719326285.6067932,0.0,633.0
1719326285.733513,0.0,633.0
1719326285.859548,0.0,633.0
1719326285.9850228,0.0,633.0
1719326286.1108737,0.0,633.0
1719326286.2364545,0.0,633.0
1719326286.3618555,0.0,633.0
1719326286.488866,0.0,633.0
1719326286.6163912,0.0,633.0
1719326286.7431924,0.0,633.0
1719326286.8687563,0.0,633.0
1719326286.9941852,0.0,633.0
1719326287.1198547,0.0,633.0
1719326287.2478704,0.0,633.0
1719326287.3750992,0.0,633.0
1719326287.5016718,0.0,633.0
1719326287.6274006,0.0,633.0
1719326287.7539878,0.0,633.0
1719326287.8800337,0.0,633.0
1719326288.0072355,0.0,633.0
1719326288.1356077,0.0,633.0
1719326288.2611895,0.0,633.0
1719326288.3865929,0.0,633.0
1719326288.5120919,0.0,633.0
1719326288.637745,0.0,633.0
1719326288.7655663,0.0,633.0
1719326288.892623,0.0,633.0
1719326289.0180752,0.0,633.0
1719326289.1436493,0.0,633.0
1719326289.2690258,0.0,633.0
1719326289.3949115,0.0,633.0
1719326289.5204117,0.0,633.0
1719326289.6484919,0.0,633.0
1719326289.7759423,0.0,633.0
1719326289.90113,0.0,633.0
1719326290.0263317,0.0,633.0
1719326290.151819,0.0,633.0
1719326290.277239,0.0,633.0
1719326290.4036162,0.0,633.0
1719326290.5307243,0.0,633.0
1719326290.6559849,0.0,633.0
1719326290.782343,0.0,633.0
1719326290.9076679,0.0,633.0
1719326291.0334797,0.0,633.0
1719326291.1594172,0.0,633.0
1719326291.2868629,0.0,633.0
1719326291.414558,0.0,633.0
1719326291.539541,0.0,633.0
1719326291.6646185,0.0,633.0
1719326291.7908242,0.0,633.0
1719326291.9162524,0.0,633.0
1719326292.0414882,0.0,633.0
1719326292.1686404,0.0,633.0
1719326292.2967253,0.0,633.0
1719326292.422024,0.0,633.0
1719326292.5471067,0.0,633.0
1719326292.6722395,0.0,633.0
1719326292.7981627,0.0,633.0
1719326292.9238133,0.0,633.0
1719326293.0491,0.0,633.0
1719326293.175144,0.0,633.0
1719326293.3018346,0.0,633.0
1719326293.427628,0.0,633.0
1719326293.5534081,0.0,633.0
1719326293.6791086,0.0,633.0
1719326293.805525,0.0,633.0
1719326293.9325342,0.0,633.0
1719326294.059939,0.0,633.0
1719326294.1858156,0.0,633.0
1719326294.3112388,0.0,633.0
1719326294.4370677,0.0,633.0
1719326294.5623682,0.0,633.0
1719326294.687721,0.0,633.0
1719326294.8140442,0.0,633.0
1719326294.9421475,0.0,633.0
1719326295.0674505,0.0,633.0
1719326295.1937413,0.0,633.0
1719326295.3196127,0.0,633.0
1719326295.4453526,0.0,633.0
1719326295.5718346,0.0,633.0
1719326295.6994216,0.0,633.0
1719326295.8267508,0.0,633.0
1719326295.9542885,0.0,633.0
1719326296.0798016,0.0,633.0
1719326296.206533,0.0,633.0
1719326296.335129,0.0,633.0
1719326296.460643,0.0,633.0
1719326296.586015,0.0,633.0
1719326296.7128496,0.0,633.0
1719326296.8385026,0.0,633.0
1719326296.9654434,0.0,633.0
1719326297.092687,0.0,633.0
1719326297.2179322,0.0,633.0
1719326297.343181,0.0,633.0
1719326297.4687128,0.0,633.0
1719326297.5940146,0.0,633.0
1719326297.7219274,0.0,633.0
1719326297.849975,0.0,633.0
1719326297.9753385,0.0,633.0
1719326298.100783,0.0,633.0
1719326298.2261214,0.0,633.0
1719326298.351616,0.0,633.0
1719326298.4768872,0.0,633.0
1719326298.602242,0.0,633.0
1719326298.7298274,0.0,633.0
1719326298.857555,0.0,633.0
1719326298.9830067,0.0,633.0
1719326299.1082294,0.0,633.0
1719326299.2335892,0.0,633.0
1719326299.3591273,0.0,633.0
1719326299.484474,0.0,633.0
1719326299.6117485,0.0,633.0
1719326299.7381392,0.0,633.0
1719326299.8638792,0.0,633.0
1719326299.98987,0.0,633.0
1719326300.115816,0.0,633.0
1719326300.2414012,0.0,633.0
1719326300.3676658,0.0,633.0
1719326300.4949918,0.0,633.0
1719326300.620919,0.0,633.0
1719326300.7491143,0.0,633.0
1719326300.8753664,0.0,633.0
1719326301.0023036,0.0,633.0
1719326301.130312,0.0,633.0
1719326301.255991,0.0,633.0
1719326301.381494,0.0,633.0
1719326301.5073547,0.0,633.0
1719326301.6329105,0.0,633.0
1719326301.7614837,0.0,633.0
1719326301.8895102,0.0,633.0
1719326302.0154114,0.0,633.0
1719326302.1413307,0.0,633.0
1719326302.2669148,0.0,633.0
1719326302.3925953,0.0,633.0
1719326302.5193977,0.0,633.0
1719326302.647743,0.0,633.0
1719326302.774649,0.0,633.0
1719326302.9003115,0.0,633.0
1719326303.0262764,0.0,633.0
1719326303.1529784,0.0,633.0
1719326303.2809517,0.0,633.0
1719326303.407079,0.0,633.0
1719326303.5326123,0.0,633.0
1719326303.659034,0.0,633.0
1719326303.7857409,0.0,633.0
1719326303.9144661,0.0,633.0
1719326304.0403438,0.0,633.0
1719326304.167187,0.0,633.0
1719326304.2933683,0.0,633.0
1719326304.4195657,0.0,633.0
1719326304.5475047,0.0,633.0
1719326304.676669,0.0,633.0
1719326304.8044834,0.0,633.0
1719326304.93071,0.0,633.0
1719326305.0566163,0.0,633.0
1719326305.183327,0.0,633.0
1719326305.3123395,0.0,633.0
1719326305.44296,0.0,633.0
1719326305.5790584,0.0,633.0
1719326305.7132518,0.0,633.0
1719326305.847318,0.0,633.0
1719326305.9825473,0.0,633.0
1719326306.1175742,0.0,633.0
1719326306.252177,0.0,633.0
1719326306.3840125,0.0,633.0
1719326306.5193098,0.0,633.0
1719326306.6525025,0.0,633.0
1719326306.787973,0.0,633.0
1719326306.9251375,0.0,633.0
1719326307.060075,0.0,633.0
1719326307.1956556,0.0,633.0
1719326307.33009,0.0,633.0
1719326307.4628685,0.0,633.0
1719326307.5940878,0.0,633.0
1719326307.726464,0.0,633.0
1719326307.8563488,0.0,633.0
1719326307.99109,0.0,633.0
1719326308.1230323,0.0,633.0
1719326308.2554426,0.0,633.0
1719326308.385664,0.0,633.0
1719326308.5156698,0.0,633.0
1719326308.6477978,0.0,633.0
1719326308.7786813,0.0,633.0
1719326308.90823,0.0,633.0
1719326309.0429635,0.0,633.0
1719326309.1765375,0.0,633.0
1719326309.3073478,0.0,633.0
1719326309.4389594,0.0,633.0
1719326309.7146795,0.0,633.0
1719326309.850066,0.0,633.0
1719326309.9825428,0.0,633.0
1719326310.1370068,0.0,633.0
1719326310.2685874,0.0,633.0
1719326310.398013,0.0,633.0
1719326310.5278134,0.0,633.0
1719326310.656246,0.0,633.0
1719326310.7852426,0.0,633.0
1719326310.9132597,0.0,633.0
1719326311.0426385,0.0,633.0
1719326311.1711407,0.0,633.0
1719326311.3005416,0.0,633.0
1719326311.4296765,0.0,633.0
1719326311.5588787,0.0,633.0
1719326311.68924,0.0,633.0
1719326311.8267088,0.0,633.0
1719326311.9618886,0.0,633.0
1719326312.096221,0.0,633.0
1719326312.2326167,0.0,633.0
1719326312.3665767,0.0,633.0
1719326312.5011702,0.0,633.0
1719326312.6335366,0.0,633.0
1719326312.7681262,0.0,633.0
1719326312.8996964,0.0,633.0
1719326313.034542,0.0,633.0
1719326313.1654437,0.0,633.0
1719326313.2954323,0.0,633.0
1719326313.4232876,0.0,633.0
1719326313.5518918,0.0,633.0
1719326313.6793003,0.0,633.0
1719326313.8093848,0.0,633.0
1719326313.9388263,0.0,633.0
1719326314.0741708,0.0,633.0
1719326314.2078226,0.0,633.0
1719326314.3427403,0.0,633.0
1719326314.4740787,0.0,633.0
1719326314.6058514,0.0,633.0
1719326314.7410133,0.0,633.0
1719326314.8759718,0.0,633.0
1719326315.009229,0.0,633.0
1719326315.1409655,0.0,633.0
1719326315.2750661,0.0,633.0
1719326315.4107592,0.0,633.0
1719326315.5450404,0.0,633.0
1719326315.68111,0.0,633.0
1719326315.8185403,0.0,633.0
1719326315.9537234,0.0,633.0
1719326316.08828,0.0,633.0
1719326316.2240007,0.0,633.0
1719326316.3606908,0.0,633.0
1719326316.496783,0.0,633.0
1719326316.633816,0.0,633.0
1719326316.7706327,0.0,633.0
1719326316.90916,0.0,633.0
1719326317.046621,0.0,633.0
1719326317.1828616,0.0,633.0
1719326317.318401,0.0,633.0
1719326317.4538176,0.0,633.0
1719326317.58825,0.0,633.0
1719326317.7226017,0.0,633.0
1719326317.857941,0.0,633.0
1719326317.9921114,0.0,633.0
1719326318.1268492,0.0,633.0
1719326318.2619934,0.0,633.0
1719326318.396748,0.0,633.0
1719326318.531841,0.0,633.0
1719326318.6673493,0.0,633.0
1719326318.804477,0.0,633.0
1719326318.9389706,0.0,633.0
1719326319.0756683,0.0,633.0
1719326319.210455,0.0,633.0
1719326319.3463936,0.0,633.0
1719326319.4825492,0.0,633.0
1719326319.617055,0.0,633.0
1719326319.7515755,0.0,633.0
1719326319.8851223,0.0,633.0
1719326320.0187333,0.0,633.0
1719326320.1509008,0.0,633.0
1719326320.284373,0.0,633.0
1719326320.4162621,0.0,633.0
1719326320.548167,0.0,633.0
1719326320.6803133,0.0,633.0
1719326320.8176267,0.0,633.0
1719326320.952214,0.0,633.0
1719326321.0869896,0.0,633.0
1719326321.2219653,0.0,633.0
1719326321.3544157,0.0,633.0
1719326321.487993,0.0,633.0
1719326321.6197045,0.0,633.0
1719326321.7535229,0.0,633.0
1719326321.88714,0.0,633.0
1719326322.0249689,0.0,633.0
1719326322.1617117,0.0,633.0
1719326322.2993584,0.0,633.0
1719326322.436379,0.0,633.0
1719326322.5717664,0.0,633.0
1719326322.7059014,0.0,633.0
1719326322.8406084,0.0,633.0
1719326322.975955,0.0,633.0
1719326323.1117423,0.0,633.0
1719326323.2461593,0.0,633.0
1719326323.3808036,0.0,633.0
1719326323.514826,0.0,633.0
1719326323.648642,0.0,633.0
1719326323.7850063,0.0,633.0
1719326323.917457,0.0,633.0
1719326324.0498126,0.0,633.0
1719326324.1814537,0.0,633.0
1719326324.3136973,0.0,633.0
1719326324.4443934,0.0,633.0
1719326324.5754046,0.0,633.0
1719326324.712171,0.0,633.0
1719326324.8482277,0.0,633.0
1719326324.9826894,0.0,633.0
1719326325.119978,0.0,633.0
1719326325.2544746,0.0,633.0
1719326325.3879652,0.0,633.0
1719326325.522267,0.0,633.0
1719326325.6561885,0.0,633.0
1719326325.7925305,0.0,633.0
1719326325.9274614,0.0,633.0
1719326326.0611386,0.0,633.0
1719326326.1951268,0.0,633.0
1719326326.3268452,0.0,633.0
1719326326.458065,0.0,633.0
1719326326.5885918,0.0,633.0
1719326326.7189348,0.0,633.0
1719326326.85232,0.0,633.0
1719326326.983138,0.0,633.0
1719326327.1130311,0.0,633.0
1719326327.243698,0.0,633.0
1719326327.3739793,0.0,633.0
1719326327.5121694,0.0,633.0
1719326327.642429,0.0,633.0
1719326327.773431,0.0,633.0
1719326327.9024687,0.0,633.0
1719326328.0323842,0.0,633.0
1719326328.1632404,0.0,633.0
1719326328.2926493,0.0,633.0
1719326328.4262435,0.0,633.0
1719326328.560628,0.0,633.0
1719326328.6953752,0.0,633.0
1719326328.831178,0.0,633.0
1719326328.9636343,0.0,633.0
1719326329.095189,0.0,633.0
1719326329.227315,0.0,633.0
1719326329.3614025,0.0,633.0
1719326329.4958203,0.0,633.0
1719326329.6289542,0.0,633.0
1719326329.7615314,0.0,633.0
1719326329.89364,0.0,633.0
1719326330.0269735,0.0,633.0
1719326330.1585045,0.0,633.0
1719326330.2902317,0.0,633.0
1719326330.424053,0.0,633.0
1719326330.560264,0.0,633.0
1719326330.6955917,0.0,633.0
1719326330.8309278,0.0,633.0
1719326330.964924,0.0,633.0
1719326331.0979679,0.0,633.0
1719326331.2306767,0.0,633.0
1719326331.3658266,0.0,633.0
1719326331.5014381,0.0,633.0
1719326331.6351542,0.0,633.0
1719326331.772771,0.0,633.0
1719326331.9059541,0.0,633.0
1719326332.039643,0.0,633.0
1719326332.174839,0.0,633.0
1719326332.309035,0.0,633.0
1719326332.4424539,0.0,633.0
1719326332.574,0.0,633.0
1719326332.705836,0.0,633.0
1719326332.838279,0.0,633.0
1719326332.9690328,0.0,633.0
1719326333.1015136,0.0,633.0
1719326333.2365706,0.0,633.0
1719326333.3723412,0.0,633.0
1719326333.5081787,0.0,633.0
1719326333.6429548,0.0,633.0
1719326333.7760112,0.0,633.0
1719326333.9084995,0.0,633.0
1719326334.042433,0.0,633.0
1719326334.1756408,0.0,633.0
1719326334.3148916,0.0,633.0
1719326334.4498234,0.0,633.0
1719326334.5859764,0.0,633.0
1719326334.7209358,0.0,633.0
1719326334.8551617,0.0,633.0
1719326334.9862113,0.0,633.0
1719326335.1165938,0.0,633.0
1719326335.2494402,0.0,633.0
1719326335.3794718,0.0,633.0
1719326335.5101054,0.0,633.0
1719326335.639687,0.0,633.0
1719326335.770554,0.0,633.0
1719326335.9007337,0.0,633.0
1719326336.0302548,0.0,633.0
1719326336.1597404,0.0,633.0
1719326336.289441,0.0,633.0
1719326336.4180772,0.0,633.0
1719326336.5466733,0.0,633.0
1719326336.6770363,0.0,633.0
1719326336.8066683,0.0,633.0
1719326336.9355786,0.0,633.0
1719326337.0690348,0.0,633.0
1719326337.2013965,0.0,633.0
1719326337.334014,0.0,633.0
1719326337.4682355,0.0,633.0
1719326337.6072462,0.0,633.0
1719326337.744819,0.0,633.0
1719326337.8806255,0.0,633.0
1719326338.0205166,0.0,633.0
1719326338.1595213,0.0,633.0
1719326338.2979481,0.0,633.0
1719326338.433078,0.0,633.0
1719326338.5694292,0.0,633.0
1719326338.7054024,0.0,633.0
1719326338.84149,0.0,633.0
1719326338.9788036,0.0,633.0
1719326339.1148753,0.0,633.0
1719326339.2510822,0.0,633.0
1719326339.3890524,0.0,633.0
1719326339.5250537,0.0,633.0
1719326339.6608238,0.0,633.0
1719326339.7968032,0.0,633.0
1719326339.9337177,0.0,633.0
1719326340.0671282,0.0,633.0
1719326340.201417,0.0,633.0
1719326340.3343456,0.0,633.0
1719326340.4667265,0.0,633.0
1719326340.5976355,0.0,633.0
1719326340.7276347,0.0,633.0
1719326340.8623083,0.0,633.0
1719326340.9966955,0.0,633.0
1719326341.134965,0.0,633.0
1719326341.2737255,0.0,633.0
1719326341.4106398,0.0,633.0
1719326341.5440128,0.0,633.0
1719326341.6790388,0.0,633.0
1719326341.815306,0.0,633.0
1719326341.94603,0.0,633.0
1719326342.0776854,0.0,633.0
1719326342.2147584,0.0,633.0
1719326342.3480103,0.0,633.0
1719326342.4839728,0.0,633.0
1719326342.6226473,0.0,633.0
1719326342.7625198,0.0,633.0
1719326342.900213,0.0,633.0
1719326343.0371277,0.0,633.0
1719326343.175533,0.0,633.0
1719326343.311016,0.0,633.0
1719326343.4488502,0.0,633.0
1719326343.5855553,0.0,633.0
1719326343.7208235,0.0,633.0
1719326343.8594775,0.0,633.0
1719326343.9960735,0.0,633.0
1719326344.1329927,0.0,633.0
1719326344.2691803,0.0,633.0
1719326344.4072828,0.0,633.0
1719326344.5446093,0.0,633.0
