timestamp,gpu_util,gpu_mem
1719414780.8249733,0.0,4.0
1719414780.9696693,0.0,4.0
1719414781.1093729,0.0,4.0
1719414781.2497532,0.0,20.0
1719414781.422059,0.0,423.0
1719414781.5679233,2.0,633.0
1719414781.708892,5.0,633.0
1719414781.8545709,5.0,633.0
1719414782.077185,0.0,633.0
1719414782.2268915,0.0,633.0
1719414782.3728871,0.0,633.0
1719414782.5165465,0.0,633.0
1719414782.6589098,0.0,633.0
1719414782.7981405,0.0,633.0
1719414782.9366016,0.0,633.0
1719414783.0795817,0.0,633.0
1719414783.222741,0.0,633.0
1719414783.3643036,0.0,633.0
1719414783.502561,0.0,633.0
1719414783.6401408,0.0,633.0
1719414783.7846062,0.0,633.0
1719414783.9272685,0.0,633.0
1719414784.0656245,0.0,633.0
1719414784.2087471,0.0,633.0
1719414784.3483555,0.0,633.0
1719414784.4867916,0.0,633.0
1719414784.6249833,0.0,633.0
1719414784.764568,0.0,633.0
1719414784.904313,0.0,633.0
1719414785.0448375,0.0,633.0
1719414785.1864457,0.0,633.0
1719414785.3271635,0.0,633.0
1719414785.4657009,0.0,633.0
1719414785.6048324,0.0,633.0
1719414785.7501132,0.0,633.0
1719414785.8895636,0.0,633.0
1719414786.0298195,0.0,633.0
1719414786.1703093,0.0,633.0
1719414786.3091402,0.0,633.0
1719414786.4470243,0.0,633.0
1719414786.5863411,0.0,633.0
1719414786.7251902,0.0,633.0
1719414786.8678362,0.0,633.0
1719414787.0075378,0.0,633.0
1719414787.147058,0.0,633.0
1719414787.284794,0.0,633.0
1719414787.4239829,0.0,633.0
1719414787.5635347,0.0,633.0
1719414787.70229,0.0,633.0
1719414787.8396943,0.0,633.0
1719414787.977649,0.0,633.0
1719414788.1169374,0.0,633.0
1719414788.2556329,0.0,633.0
1719414788.393018,0.0,633.0
1719414788.5313497,0.0,633.0
1719414788.669545,0.0,633.0
1719414788.809531,0.0,633.0
1719414788.9492078,0.0,633.0
1719414789.0885644,0.0,633.0
1719414789.2272985,0.0,633.0
1719414789.3669505,0.0,633.0
1719414789.5070367,0.0,633.0
1719414789.6472604,0.0,633.0
1719414789.7863932,0.0,633.0
1719414789.9240754,0.0,633.0
1719414790.0618591,0.0,633.0
1719414790.2006736,0.0,633.0
1719414790.3395545,0.0,633.0
1719414790.4771967,0.0,633.0
1719414790.6162946,0.0,633.0
1719414790.7555597,0.0,633.0
1719414790.8952327,0.0,633.0
1719414791.0356338,0.0,633.0
1719414791.1735413,0.0,633.0
1719414791.3137302,0.0,633.0
1719414791.4523807,0.0,633.0
1719414791.5908828,0.0,633.0
1719414791.7296658,0.0,633.0
1719414791.868191,0.0,633.0
1719414792.0069914,0.0,633.0
1719414792.1469045,0.0,633.0
1719414792.28627,0.0,633.0
1719414792.4246545,0.0,633.0
1719414792.5633435,0.0,633.0
1719414792.7022636,0.0,633.0
1719414792.84606,0.0,633.0
1719414792.9854891,0.0,633.0
1719414793.1243784,0.0,633.0
1719414793.262541,0.0,633.0
1719414793.4056036,0.0,633.0
1719414793.5445397,0.0,633.0
1719414793.6821477,0.0,633.0
1719414793.8252242,0.0,633.0
1719414793.9694226,0.0,633.0
1719414794.1088312,0.0,633.0
1719414794.2463844,0.0,633.0
1719414794.3841512,0.0,633.0
1719414794.5238252,0.0,633.0
1719414794.6629722,0.0,633.0
1719414794.801043,0.0,633.0
1719414794.9440193,0.0,633.0
1719414795.0864546,0.0,633.0
1719414795.2303104,0.0,633.0
1719414795.3731291,0.0,633.0
1719414795.5130906,0.0,633.0
1719414795.6524317,0.0,633.0
1719414795.795323,0.0,633.0
1719414795.938252,0.0,633.0
1719414796.077493,0.0,633.0
1719414796.2171838,0.0,633.0
1719414796.3554707,0.0,633.0
1719414796.4941437,0.0,633.0
1719414796.635513,0.0,633.0
1719414796.7740386,0.0,633.0
1719414796.91258,0.0,633.0
1719414797.052915,0.0,633.0
1719414797.1913884,0.0,633.0
1719414797.329953,0.0,633.0
1719414797.4682875,0.0,633.0
1719414797.607246,0.0,633.0
1719414797.7454517,0.0,633.0
1719414797.8838885,0.0,633.0
1719414798.0215096,0.0,633.0
1719414798.161062,0.0,633.0
1719414798.2992053,0.0,633.0
1719414798.4383497,0.0,633.0
1719414798.5777216,0.0,633.0
1719414798.7177541,0.0,633.0
1719414798.8580647,0.0,633.0
1719414798.9961739,0.0,633.0
1719414799.135904,0.0,633.0
1719414799.2765594,0.0,633.0
1719414799.4155562,0.0,633.0
1719414799.5539832,0.0,633.0
1719414799.691465,0.0,633.0
1719414799.8763523,0.0,633.0
1719414800.0153127,0.0,633.0
1719414800.1556911,0.0,633.0
1719414800.2951596,0.0,633.0
1719414800.4339294,0.0,633.0
1719414800.5719132,0.0,633.0
1719414800.7124732,0.0,633.0
1719414800.851375,0.0,633.0
1719414800.9904058,0.0,633.0
1719414801.1304486,0.0,633.0
1719414801.268138,0.0,633.0
1719414801.407429,0.0,633.0
1719414801.5470421,0.0,633.0
1719414801.686146,0.0,633.0
1719414801.8258688,0.0,633.0
1719414801.9629924,0.0,633.0
1719414802.1004393,0.0,633.0
1719414802.2393138,0.0,633.0
1719414802.3788795,0.0,633.0
1719414802.5170383,0.0,633.0
1719414802.654376,0.0,633.0
1719414802.7917695,0.0,633.0
1719414802.9311178,0.0,633.0
1719414803.071968,0.0,633.0
1719414803.210148,0.0,633.0
1719414803.3488967,0.0,633.0
1719414803.4894965,0.0,633.0
1719414803.6277733,0.0,633.0
1719414803.7678668,0.0,633.0
1719414803.9057946,0.0,633.0
1719414804.0434177,0.0,633.0
1719414804.1828647,0.0,633.0
1719414804.3222501,0.0,633.0
1719414804.459898,0.0,633.0
1719414804.598633,0.0,633.0
1719414804.7372699,0.0,633.0
1719414804.8761544,0.0,633.0
1719414805.0145087,0.0,633.0
1719414805.152011,0.0,633.0
1719414805.2912614,0.0,633.0
1719414805.43002,0.0,633.0
1719414805.569009,0.0,633.0
1719414805.7072225,0.0,633.0
1719414805.8478146,0.0,633.0
1719414805.9863973,0.0,633.0
1719414806.1269646,0.0,633.0
1719414806.2661464,0.0,633.0
1719414806.4033403,0.0,633.0
1719414806.5446515,0.0,633.0
1719414806.6837206,0.0,633.0
1719414806.8226137,0.0,633.0
1719414806.9756184,0.0,633.0
1719414807.1418464,0.0,633.0
1719414807.3070064,0.0,633.0
1719414807.4773479,0.0,633.0
1719414807.6352594,0.0,633.0
1719414807.7976356,0.0,633.0
1719414807.9574316,0.0,633.0
1719414808.1097398,0.0,633.0
1719414808.2680025,0.0,633.0
1719414808.413956,0.0,633.0
1719414808.5624044,0.0,633.0
1719414808.7250407,0.0,633.0
1719414808.8752947,0.0,633.0
1719414809.040713,0.0,633.0
1719414809.1842577,0.0,633.0
1719414809.3948772,0.0,633.0
1719414809.6028767,0.0,633.0
1719414809.776479,0.0,633.0
1719414809.979448,0.0,633.0
1719414810.187249,0.0,633.0
1719414810.3553352,0.0,633.0
1719414810.5156558,0.0,633.0
1719414810.6728387,0.0,633.0
1719414810.8258739,0.0,633.0
1719414810.9679759,0.0,633.0
1719414811.1062984,0.0,633.0
1719414811.2452223,0.0,633.0
1719414811.38368,0.0,633.0
1719414811.5214744,0.0,633.0
1719414811.6599033,0.0,633.0
1719414811.7984579,0.0,633.0
1719414811.9370317,0.0,633.0
1719414812.1281152,0.0,633.0
1719414812.2951221,0.0,633.0
1719414812.4412608,0.0,633.0
1719414812.6380138,0.0,633.0
1719414812.7984858,0.0,633.0
1719414812.982356,0.0,633.0
1719414813.1366022,0.0,633.0
1719414813.3111975,0.0,633.0
1719414813.4648824,0.0,633.0
1719414813.613819,0.0,633.0
1719414813.780305,0.0,633.0
1719414813.9471567,0.0,633.0
1719414814.0915842,0.0,633.0
1719414814.2417436,0.0,633.0
1719414814.4380333,0.0,633.0
1719414814.6441422,0.0,633.0
1719414814.8538084,0.0,633.0
1719414815.0654671,0.0,633.0
1719414815.2767665,0.0,633.0
1719414815.44514,0.0,633.0
1719414815.6192744,0.0,633.0
1719414815.7857378,0.0,633.0
1719414815.9253728,0.0,633.0
1719414816.067559,0.0,633.0
1719414816.2085798,0.0,633.0
1719414816.348319,0.0,633.0
1719414816.4861498,0.0,633.0
1719414816.6259916,0.0,633.0
1719414816.7654967,0.0,633.0
1719414816.9051518,0.0,633.0
1719414817.058171,0.0,633.0
1719414817.223365,0.0,633.0
1719414817.3798783,0.0,633.0
1719414817.5442703,0.0,633.0
1719414817.7050018,0.0,633.0
1719414817.8755925,0.0,633.0
1719414818.0250382,0.0,633.0
1719414818.1783853,0.0,633.0
1719414818.3304179,0.0,633.0
1719414818.4868662,0.0,633.0
1719414818.661886,0.0,633.0
1719414818.8219,0.0,633.0
1719414818.983029,0.0,633.0
1719414819.139476,0.0,633.0
1719414819.3568206,0.0,633.0
1719414819.5357046,0.0,633.0
1719414819.736906,0.0,633.0
1719414819.9021583,0.0,633.0
1719414820.1139355,0.0,633.0
1719414820.2640786,0.0,633.0
1719414820.4386837,0.0,633.0
1719414820.5993803,0.0,633.0
1719414820.744353,0.0,633.0
1719414820.8841186,0.0,633.0
1719414821.0224202,0.0,633.0
1719414821.1622858,0.0,633.0
1719414821.299921,0.0,633.0
1719414821.4387603,0.0,633.0
1719414821.578416,0.0,633.0
1719414821.718062,0.0,633.0
1719414821.8694417,0.0,633.0
1719414822.0508235,0.0,633.0
1719414822.224495,0.0,633.0
1719414822.3773828,0.0,633.0
1719414822.5478356,0.0,633.0
1719414822.7240386,0.0,633.0
1719414822.8883133,0.0,633.0
1719414823.0373743,0.0,633.0
1719414823.20542,0.0,633.0
1719414823.3613997,0.0,633.0
1719414823.5199246,0.0,633.0
1719414823.6726978,0.0,633.0
1719414823.8775015,0.0,633.0
1719414824.091353,0.0,633.0
1719414824.263849,0.0,633.0
1719414824.4438972,0.0,633.0
1719414824.6234324,0.0,633.0
1719414824.7816956,0.0,633.0
1719414824.9860013,0.0,633.0
1719414825.1664486,0.0,633.0
1719414825.3099208,0.0,633.0
1719414825.4841492,0.0,633.0
1719414825.6490164,0.0,633.0
1719414825.7910295,0.0,633.0
1719414825.9316456,0.0,633.0
1719414826.0709314,0.0,633.0
1719414826.2105808,0.0,633.0
1719414826.3521776,0.0,633.0
1719414826.4909508,0.0,633.0
1719414826.6303806,0.0,633.0
1719414826.7693927,0.0,633.0
1719414826.935874,0.0,633.0
1719414827.1029344,0.0,633.0
1719414827.255711,0.0,633.0
1719414827.4228563,0.0,633.0
1719414827.5921469,0.0,633.0
1719414827.7531996,0.0,633.0
1719414827.9018793,0.0,633.0
1719414828.0593045,0.0,633.0
1719414828.1966057,0.0,633.0
1719414828.3515062,0.0,633.0
1719414828.5027144,0.0,633.0
1719414828.6628695,0.0,633.0
1719414828.8129914,0.0,633.0
1719414828.9621384,0.0,633.0
1719414829.1584344,0.0,633.0
1719414829.3665988,0.0,633.0
1719414829.5802312,0.0,633.0
1719414829.7683518,0.0,633.0
1719414829.986898,0.0,633.0
1719414830.141715,0.0,633.0
1719414830.3150256,0.0,633.0
1719414830.4896817,0.0,633.0
1719414830.6316667,0.0,633.0
1719414830.7799635,0.0,633.0
1719414830.932821,0.0,633.0
1719414831.0810049,0.0,633.0
1719414831.2200768,0.0,633.0
1719414831.3581488,0.0,633.0
1719414831.4981768,0.0,633.0
1719414831.6364555,0.0,633.0
1719414831.7777889,0.0,633.0
1719414831.962152,0.0,633.0
1719414832.1244428,0.0,633.0
1719414832.2921617,0.0,633.0
1719414832.454374,0.0,633.0
1719414832.6225502,0.0,633.0
1719414832.8216884,0.0,633.0
1719414832.9837098,0.0,633.0
1719414833.141087,0.0,633.0
1719414833.3088875,0.0,633.0
1719414833.4589205,0.0,633.0
1719414833.6084075,0.0,633.0
1719414833.7683506,0.0,633.0
1719414834.11517,0.0,633.0
1719414834.258016,0.0,633.0
1719414834.466014,0.0,633.0
1719414834.6754613,0.0,633.0
1719414834.889886,0.0,633.0
1719414835.0539863,0.0,633.0
1719414835.2402654,0.0,633.0
1719414835.4264836,0.0,633.0
1719414835.6130297,0.0,633.0
1719414835.7646344,0.0,633.0
1719414835.9181547,0.0,633.0
1719414836.0590606,0.0,633.0
1719414836.1985521,0.0,633.0
1719414836.3382525,0.0,633.0
1719414836.47741,0.0,633.0
1719414836.6163669,0.0,633.0
1719414836.756385,0.0,633.0
1719414836.8958077,0.0,633.0
1719414837.0356517,0.0,633.0
1719414837.191565,0.0,633.0
1719414837.3485818,0.0,633.0
1719414837.5161405,0.0,633.0
1719414837.6777813,0.0,633.0
1719414837.8386028,0.0,633.0
1719414838.0160182,0.0,633.0
1719414838.163244,0.0,633.0
1719414838.3323674,0.0,633.0
1719414838.4774585,0.0,633.0
1719414838.639199,0.0,633.0
1719414838.8040154,0.0,633.0
1719414838.951918,0.0,633.0
1719414839.1213164,0.0,633.0
1719414839.2807496,0.0,633.0
1719414839.4754596,0.0,633.0
1719414839.6797426,0.0,633.0
1719414839.854101,0.0,633.0
1719414840.0707042,0.0,633.0
1719414840.2427907,0.0,633.0
1719414840.410057,0.0,633.0
1719414840.568742,0.0,633.0
1719414840.726099,0.0,633.0
1719414840.8764706,0.0,633.0
1719414841.0187368,0.0,633.0
1719414841.1590762,0.0,633.0
1719414841.2976494,0.0,633.0
1719414841.4370525,0.0,633.0
1719414841.5765035,0.0,633.0
1719414841.7150853,0.0,633.0
1719414841.855646,0.0,633.0
1719414842.3098817,0.0,633.0
1719414842.4618201,0.0,633.0
1719414842.6312568,0.0,633.0
1719414842.797186,0.0,633.0
1719414842.9598382,0.0,633.0
1719414843.125476,0.0,633.0
1719414843.2696414,0.0,633.0
1719414843.6493454,0.0,633.0
1719414843.7972145,0.0,633.0
1719414843.950926,0.0,633.0
1719414844.11385,0.0,633.0
1719414844.2665,0.0,633.0
1719414844.4212093,0.0,633.0
1719414844.622168,0.0,633.0
1719414844.8045728,0.0,633.0
1719414845.0094695,0.0,633.0
1719414845.176618,0.0,633.0
1719414845.373107,0.0,633.0
1719414845.5381699,0.0,633.0
1719414845.6909065,0.0,633.0
1719414845.8446653,0.0,633.0
1719414845.9950707,0.0,633.0
1719414846.1329832,0.0,633.0
1719414846.2726505,0.0,633.0
1719414846.4117973,0.0,633.0
1719414846.551152,0.0,633.0
1719414846.6885495,0.0,633.0
1719414846.8275769,0.0,633.0
1719414846.9665396,0.0,633.0
1719414847.1056812,0.0,633.0
1719414847.275711,0.0,633.0
1719414847.4356503,0.0,633.0
1719414847.5943732,0.0,633.0
1719414847.7791095,0.0,633.0
1719414847.9411106,0.0,633.0
1719414848.1236906,0.0,633.0
1719414848.2668192,0.0,633.0
1719414848.4245162,0.0,633.0
1719414848.5788398,0.0,633.0
1719414848.7384367,0.0,633.0
1719414848.909439,0.0,633.0
1719414849.0636847,0.0,633.0
1719414849.24293,0.0,633.0
1719414849.3999841,0.0,633.0
1719414849.60358,0.0,633.0
1719414849.816064,0.0,633.0
1719414850.0079017,0.0,633.0
1719414850.206143,0.0,633.0
1719414850.4040847,0.0,633.0
1719414850.591194,0.0,633.0
1719414850.7530305,0.0,633.0
1719414850.9176624,0.0,633.0
1719414851.0624974,0.0,633.0
1719414851.203104,0.0,633.0
1719414851.3442993,0.0,633.0
1719414851.485824,0.0,633.0
1719414851.6266985,0.0,633.0
1719414851.765834,0.0,633.0
1719414851.9058173,0.0,633.0
1719414852.0467067,0.0,633.0
1719414852.1858177,0.0,633.0
1719414852.3245466,0.0,633.0
1719414852.490486,0.0,633.0
1719414852.6552675,0.0,633.0
1719414852.8183653,0.0,633.0
1719414852.9851334,0.0,633.0
1719414853.162709,0.0,633.0
1719414853.3173592,0.0,633.0
1719414853.4744296,0.0,633.0
1719414853.6315625,0.0,633.0
1719414853.7823453,0.0,633.0
1719414853.9301648,0.0,633.0
1719414854.092067,0.0,633.0
1719414854.2495248,0.0,633.0
1719414854.405489,0.0,633.0
1719414854.5664077,0.0,633.0
1719414854.7830465,0.0,633.0
1719414854.992132,0.0,633.0
1719414855.1988544,0.0,633.0
1719414855.3811176,0.0,633.0
1719414855.5801399,0.0,633.0
1719414855.7390275,0.0,633.0
1719414855.8859565,0.0,633.0
1719414856.0482743,0.0,633.0
1719414856.205286,0.0,633.0
1719414856.3451407,0.0,633.0
1719414856.4842727,0.0,633.0
1719414856.6226034,0.0,633.0
1719414856.7608576,0.0,633.0
1719414856.8996367,0.0,633.0
1719414857.0391092,0.0,633.0
1719414857.180449,0.0,633.0
1719414857.31911,0.0,633.0
1719414857.7230213,0.0,633.0
1719414857.8849995,0.0,633.0
1719414858.0544,0.0,633.0
1719414858.221998,0.0,633.0
1719414858.3730552,0.0,633.0
1719414858.525906,0.0,633.0
1719414858.6746469,0.0,633.0
1719414858.835822,0.0,633.0
1719414859.0025675,0.0,633.0
1719414859.1723742,0.0,633.0
1719414859.3252273,0.0,633.0
1719414859.4769878,0.0,633.0
1719414859.694064,0.0,633.0
1719414859.8980842,0.0,633.0
1719414860.1118124,0.0,633.0
1719414860.2796464,0.0,633.0
1719414860.4850852,0.0,633.0
1719414860.6442947,0.0,633.0
1719414860.7940488,0.0,633.0
1719414860.9598377,0.0,633.0
1719414861.1250222,0.0,633.0
1719414861.264151,0.0,633.0
1719414861.4051473,0.0,633.0
1719414861.5446303,0.0,633.0
1719414861.682979,0.0,633.0
1719414861.821625,0.0,633.0
1719414861.9616346,0.0,633.0
1719414862.1015358,0.0,633.0
1719414862.2425086,0.0,633.0
1719414862.3890302,0.0,633.0
1719414862.560635,0.0,633.0
1719414862.745578,0.0,633.0
1719414862.9098842,0.0,633.0
1719414863.070596,0.0,633.0
1719414863.2520986,0.0,633.0
1719414863.3930922,0.0,633.0
1719414863.5666196,0.0,633.0
1719414863.7160947,0.0,633.0
1719414863.8675368,0.0,633.0
1719414864.0208387,0.0,633.0
1719414864.1869397,0.0,633.0
1719414864.3515604,0.0,633.0
1719414864.5182915,0.0,633.0
1719414864.6712916,0.0,633.0
1719414864.87472,0.0,633.0
1719414865.037702,0.0,633.0
1719414865.2421741,0.0,633.0
1719414865.4032428,0.0,633.0
1719414865.6296146,0.0,633.0
1719414865.7834628,0.0,633.0
1719414865.9438336,0.0,633.0
1719414866.097306,0.0,633.0
1719414866.243707,0.0,633.0
1719414866.3833485,0.0,633.0
1719414866.5225654,0.0,633.0
1719414866.6617012,0.0,633.0
1719414866.8009284,0.0,633.0
1719414866.9455714,0.0,633.0
1719414867.0896025,0.0,633.0
1719414867.2305796,0.0,633.0
1719414867.4061763,0.0,633.0
1719414867.5716288,0.0,633.0
1719414867.7436864,0.0,633.0
1719414867.9144058,0.0,633.0
1719414868.0637689,0.0,633.0
1719414868.264617,0.0,633.0
1719414868.4170096,0.0,633.0
1719414868.58139,0.0,633.0
1719414868.747264,0.0,633.0
1719414868.9033425,0.0,633.0
1719414869.0693324,0.0,633.0
1719414869.2498481,0.0,633.0
1719414869.4228358,0.0,633.0
1719414869.5710433,0.0,633.0
1719414869.7795427,0.0,633.0
1719414869.9635708,0.0,633.0
1719414870.1694582,0.0,633.0
1719414870.3209922,0.0,633.0
1719414870.5175781,0.0,633.0
1719414870.6827204,0.0,633.0
1719414870.8461668,0.0,633.0
1719414871.019822,0.0,633.0
1719414871.1728837,0.0,633.0
1719414871.3143065,0.0,633.0
1719414871.455474,0.0,633.0
1719414871.595513,0.0,633.0
1719414871.7356083,0.0,633.0
1719414871.8764424,0.0,633.0
1719414872.0173733,0.0,633.0
1719414872.156647,0.0,633.0
1719414872.298642,0.0,633.0
1719414872.4642162,0.0,633.0
1719414872.630948,0.0,633.0
1719414872.7988577,0.0,633.0
1719414872.9712207,0.0,633.0
1719414873.1288893,0.0,633.0
1719414873.2903857,0.0,633.0
1719414873.4320416,0.0,633.0
1719414873.5938358,0.0,633.0
1719414873.7411091,0.0,633.0
1719414873.8887043,0.0,633.0
1719414874.0508518,0.0,633.0
1719414874.2027073,0.0,633.0
1719414874.361066,0.0,633.0
1719414874.5135329,0.0,633.0
1719414874.7217355,0.0,633.0
1719414874.9268568,0.0,633.0
1719414875.1341386,0.0,633.0
1719414875.3188396,0.0,633.0
1719414875.5155818,0.0,633.0
1719414875.6899922,0.0,633.0
1719414875.8523953,0.0,633.0
1719414876.0139267,0.0,633.0
1719414876.1704445,0.0,633.0
1719414876.3099947,0.0,633.0
1719414876.4482641,0.0,633.0
1719414876.5885084,0.0,633.0
1719414876.7263982,0.0,633.0
1719414876.8648875,0.0,633.0
1719414877.002909,0.0,633.0
1719414877.1413517,0.0,633.0
1719414877.2811115,0.0,633.0
1719414877.4536865,0.0,633.0
1719414877.6157708,0.0,633.0
1719414877.7912815,0.0,633.0
1719414877.9541876,0.0,633.0
1719414878.1203485,0.0,633.0
1719414878.2661526,0.0,633.0
1719414878.4318492,0.0,633.0
1719414878.5756857,0.0,633.0
1719414878.731097,0.0,633.0
1719414878.899409,0.0,633.0
1719414879.0526476,0.0,633.0
1719414879.2213142,0.0,633.0
1719414879.3752222,0.0,633.0
1719414879.5277586,0.0,633.0
1719414879.733836,0.0,633.0
1719414879.8958058,0.0,633.0
1719414880.1082575,0.0,633.0
1719414880.2915342,0.0,633.0
1719414880.4823785,0.0,633.0
1719414880.625397,0.0,633.0
1719414880.8035183,0.0,633.0
1719414880.9623868,0.0,633.0
1719414881.105334,0.0,633.0
1719414881.2476265,0.0,633.0
1719414881.387802,0.0,633.0
1719414881.526011,0.0,633.0
1719414881.6693575,0.0,633.0
1719414881.8152983,0.0,633.0
1719414881.9531837,0.0,633.0
1719414882.0969746,0.0,633.0
1719414882.2395515,0.0,633.0
1719414882.4031966,0.0,633.0
1719414882.5812542,0.0,633.0
1719414882.7496612,0.0,633.0
1719414882.910585,0.0,633.0
1719414883.0744624,0.0,633.0
1719414883.2418761,0.0,633.0
1719414883.3974733,0.0,633.0
1719414883.5486484,0.0,633.0
1719414883.71828,0.0,633.0
1719414883.8657894,0.0,633.0
1719414884.0054076,0.0,633.0
1719414884.1602168,0.0,633.0
1719414884.325736,0.0,633.0
1719414884.4770079,0.0,633.0
1719414884.6903718,0.0,633.0
1719414884.898759,0.0,633.0
1719414885.096599,0.0,633.0
1719414885.3050003,0.0,633.0
1719414885.513901,0.0,633.0
1719414885.681293,0.0,633.0
1719414885.8536828,0.0,633.0
1719414886.0188608,0.0,633.0
1719414886.16216,0.0,633.0
1719414886.3015938,0.0,633.0
1719414886.4390678,0.0,633.0
1719414886.5885031,0.0,633.0
1719414886.9586365,0.0,633.0
1719414887.0983574,0.0,633.0
1719414887.23551,0.0,633.0
1719414887.4239519,0.0,633.0
1719414887.5991886,0.0,633.0
1719414887.756389,0.0,633.0
1719414887.91155,0.0,633.0
1719414888.080994,0.0,633.0
1719414888.2299778,0.0,633.0
1719414888.3947926,0.0,633.0
1719414888.5426598,0.0,633.0
1719414888.6891763,0.0,633.0
1719414888.8645234,0.0,633.0
1719414889.0221825,0.0,633.0
1719414889.1759887,0.0,633.0
1719414889.3480623,0.0,633.0
1719414889.4938831,0.0,633.0
1719414889.693838,0.0,633.0
1719414889.8968596,0.0,633.0
1719414890.097222,0.0,633.0
1719414890.2575474,0.0,633.0
1719414890.463195,0.0,633.0
1719414890.6175973,0.0,633.0
1719414890.774467,0.0,633.0
1719414890.9403226,0.0,633.0
1719414891.0848513,0.0,633.0
1719414891.2235982,0.0,633.0
1719414891.3615408,0.0,633.0
1719414891.498317,0.0,633.0
1719414891.6367526,0.0,633.0
1719414891.7739239,0.0,633.0
1719414891.910146,0.0,633.0
1719414892.0461464,0.0,633.0
1719414892.1844447,0.0,633.0
1719414892.3514395,0.0,633.0
1719414892.5421379,0.0,633.0
1719414892.6969464,0.0,633.0
1719414892.8518903,0.0,633.0
1719414893.0170908,0.0,633.0
1719414893.1683028,0.0,633.0
1719414893.3392115,0.0,633.0
1719414893.4995098,0.0,633.0
1719414893.6554544,0.0,633.0
1719414893.825933,0.0,633.0
1719414893.981353,0.0,633.0
1719414894.1389616,0.0,633.0
1719414894.293429,0.0,633.0
1719414894.478451,0.0,633.0
1719414894.6854296,0.0,633.0
1719414894.8894343,0.0,633.0
1719414895.092837,0.0,633.0
1719414895.297938,0.0,633.0
1719414895.491141,0.0,633.0
1719414895.6648242,0.0,633.0
1719414895.8327632,0.0,633.0
1719414895.9716685,0.0,633.0
1719414896.1121917,0.0,633.0
1719414896.2537866,0.0,633.0
1719414896.3940976,0.0,633.0
1719414896.5325866,0.0,633.0
1719414896.6712565,0.0,633.0
1719414896.8093963,0.0,633.0
1719414896.9482784,0.0,633.0
1719414897.1018975,0.0,633.0
1719414897.2659707,0.0,633.0
1719414897.4226577,0.0,633.0
1719414897.5717955,0.0,633.0
1719414897.722175,0.0,633.0
1719414897.9137726,0.0,633.0
1719414898.0645971,0.0,633.0
1719414898.2345328,0.0,633.0
1719414898.3811605,0.0,633.0
1719414898.5386467,0.0,633.0
1719414898.7166853,0.0,633.0
1719414898.8612385,0.0,633.0
1719414899.0124395,0.0,633.0
1719414899.17671,0.0,633.0
1719414899.3679721,0.0,633.0
1719414899.5783513,0.0,633.0
1719414899.7741652,0.0,633.0
1719414899.9729993,0.0,633.0
1719414900.177357,0.0,633.0
1719414900.3564062,0.0,633.0
1719414900.5156293,0.0,633.0
1719414900.6806247,0.0,633.0
1719414900.8230305,0.0,633.0
1719414900.9666576,0.0,633.0
1719414901.1060665,0.0,633.0
1719414901.2420766,0.0,633.0
1719414901.3784368,0.0,633.0
1719414901.5168374,0.0,633.0
1719414901.6553495,0.0,633.0
1719414901.7928832,0.0,633.0
1719414901.9591825,0.0,633.0
1719414902.104493,0.0,633.0
1719414902.2762473,0.0,633.0
1719414902.4404223,0.0,633.0
1719414902.6013744,0.0,633.0
1719414902.7676466,0.0,633.0
1719414902.9134824,0.0,633.0
1719414903.0818732,0.0,633.0
1719414903.2263613,0.0,633.0
1719414903.372483,0.0,633.0
1719414903.5377176,0.0,633.0
1719414903.694859,0.0,633.0
1719414903.8522258,0.0,633.0
1719414903.9984677,0.0,633.0
1719414904.1986065,0.0,633.0
1719414904.3950438,0.0,633.0
1719414904.5859451,0.0,633.0
1719414904.7466278,0.0,633.0
1719414904.955392,0.0,633.0
1719414905.1193984,0.0,633.0
1719414905.2798338,0.0,633.0
1719414905.4429684,0.0,633.0
1719414905.583218,0.0,633.0
1719414905.7312226,0.0,633.0
1719414905.8697143,0.0,633.0
1719414906.0061471,0.0,633.0
1719414906.1436234,0.0,633.0
1719414906.2812312,0.0,633.0
1719414906.4191136,0.0,633.0
1719414906.5561357,0.0,633.0
1719414906.7030892,0.0,633.0
1719414906.8625603,0.0,633.0
1719414907.0333858,0.0,633.0
1719414907.227527,0.0,633.0
1719414907.388732,0.0,633.0
1719414907.5576408,0.0,633.0
1719414907.70273,0.0,633.0
1719414907.8658986,0.0,633.0
1719414908.006177,0.0,633.0
1719414908.1568816,0.0,633.0
1719414908.3115716,0.0,633.0
1719414908.4706192,0.0,633.0
1719414908.6332145,0.0,633.0
1719414908.7773557,0.0,633.0
1719414908.9746742,0.0,633.0
1719414909.1847875,0.0,633.0
1719414909.3833315,0.0,633.0
1719414909.5861678,0.0,633.0
1719414909.7895374,0.0,633.0
1719414909.9624581,0.0,633.0
1719414910.132379,0.0,633.0
1719414910.2887383,0.0,633.0
1719414910.439642,0.0,633.0
1719414910.578059,0.0,633.0
1719414910.7159088,0.0,633.0
1719414910.8536637,0.0,633.0
1719414910.9918497,0.0,633.0
1719414911.1304448,0.0,633.0
1719414911.2697434,0.0,633.0
1719414911.4078298,0.0,633.0
1719414911.5483792,0.0,633.0
1719414911.6890986,0.0,633.0
1719414911.8584583,0.0,633.0
1719414912.0191982,0.0,633.0
1719414912.1741056,0.0,633.0
1719414912.3361208,0.0,633.0
1719414912.514169,0.0,633.0
1719414912.6581616,0.0,633.0
1719414912.8118036,0.0,633.0
1719414912.9608107,0.0,633.0
1719414913.1308029,0.0,633.0
1719414913.2723136,0.0,633.0
1719414913.4226067,0.0,633.0
1719414913.5909407,0.0,633.0
1719414913.7659457,0.0,633.0
1719414913.916604,0.0,633.0
1719414914.1220584,0.0,633.0
1719414914.309645,0.0,633.0
1719414914.5099254,0.0,633.0
1719414914.6644056,0.0,633.0
1719414914.8825421,0.0,633.0
1719414915.0384629,0.0,633.0
1719414915.1957119,0.0,633.0
1719414915.3549786,0.0,633.0
1719414915.4991574,0.0,633.0
1719414915.6409054,0.0,633.0
1719414915.7800877,0.0,633.0
1719414915.9183934,0.0,633.0
1719414916.057081,0.0,633.0
1719414916.1958516,0.0,633.0
1719414916.3347547,0.0,633.0
1719414916.4727383,0.0,633.0
1719414916.6116378,0.0,633.0
1719414916.7630942,0.0,633.0
1719414916.9162915,0.0,633.0
1719414917.0830002,0.0,633.0
1719414917.2519565,0.0,633.0
1719414917.4116938,0.0,633.0
1719414917.6120522,0.0,633.0
1719414917.7928584,0.0,633.0
1719414917.9516509,0.0,633.0
1719414918.1019413,0.0,633.0
1719414918.260388,0.0,633.0
1719414918.4154916,0.0,633.0
1719414918.5851655,0.0,633.0
1719414918.7500687,0.0,633.0
1719414918.8975778,0.0,633.0
1719414919.121615,0.0,633.0
1719414919.2938783,0.0,633.0
1719414919.4910946,0.0,633.0
1719414919.6540673,0.0,633.0
1719414919.8573165,0.0,633.0
1719414920.0119743,0.0,633.0
1719414920.1871395,0.0,633.0
1719414920.3491485,0.0,633.0
1719414920.49678,0.0,633.0
1719414920.6360795,0.0,633.0
1719414920.7753465,0.0,633.0
1719414920.9141505,0.0,633.0
1719414921.0534267,0.0,633.0
1719414921.1940982,0.0,633.0
1719414921.3335567,0.0,633.0
1719414921.4722817,0.0,633.0
1719414921.6124952,0.0,633.0
1719414921.76657,0.0,633.0
1719414921.922691,0.0,633.0
1719414922.0766087,0.0,633.0
1719414922.233729,0.0,633.0
1719414922.4000082,0.0,633.0
1719414922.5963845,0.0,633.0
1719414922.744032,0.0,633.0
1719414922.901723,0.0,633.0
1719414923.0485835,0.0,633.0
1719414923.2017703,0.0,633.0
1719414923.3421123,0.0,633.0
1719414923.4891572,0.0,633.0
1719414923.6458478,0.0,633.0
1719414923.8179357,0.0,633.0
1719414923.9649334,0.0,633.0
1719414924.1730583,0.0,633.0
1719414924.3468685,0.0,633.0
1719414924.554865,0.0,633.0
1719414924.7216563,0.0,633.0
1719414924.9324424,0.0,633.0
1719414925.0878408,0.0,633.0
1719414925.2558846,0.0,633.0
1719414925.4097905,0.0,633.0
1719414925.5503254,0.0,633.0
1719414925.6897194,0.0,633.0
1719414925.8301427,0.0,633.0
1719414925.9700637,0.0,633.0
1719414926.11071,0.0,633.0
1719414926.247861,0.0,633.0
1719414926.3872437,0.0,633.0
1719414926.5269935,0.0,633.0
1719414926.694177,0.0,633.0
1719414926.849689,0.0,633.0
1719414927.0005832,0.0,633.0
1719414927.1591759,0.0,633.0
1719414927.311423,0.0,633.0
1719414927.5121443,0.0,633.0
1719414927.6546743,0.0,633.0
1719414927.8005168,0.0,633.0
1719414927.9512393,0.0,633.0
1719414928.1021757,0.0,633.0
1719414928.277009,0.0,633.0
1719414928.455377,0.0,633.0
1719414928.6957195,0.0,633.0
1719414928.8842533,0.0,633.0
1719414929.051769,0.0,633.0
1719414929.3140225,0.0,633.0
1719414929.4792995,0.0,633.0
1719414929.684912,0.0,633.0
1719414929.8372285,0.0,633.0
1719414930.0152,0.0,633.0
1719414930.1698723,0.0,633.0
1719414930.311187,0.0,633.0
1719414930.4544148,0.0,633.0
1719414930.5955696,0.0,633.0
1719414930.7336438,0.0,633.0
1719414930.871686,0.0,633.0
1719414931.0159347,0.0,633.0
1719414931.162423,0.0,633.0
1719414931.3179538,0.0,633.0
1719414931.486589,0.0,633.0
1719414931.6484811,0.0,633.0
1719414931.8018546,0.0,633.0
1719414931.9501011,0.0,633.0
1719414932.1078176,0.0,633.0
1719414932.2631102,0.0,633.0
1719414932.4152732,0.0,633.0
1719414932.584394,0.0,633.0
1719414932.7334354,0.0,633.0
1719414932.8937151,0.0,633.0
1719414933.0583785,0.0,633.0
1719414933.2479854,0.0,633.0
1719414933.4075258,0.0,633.0
1719414933.5600283,0.0,633.0
1719414933.710351,0.0,633.0
1719414933.9188597,0.0,633.0
1719414934.1024983,0.0,633.0
1719414934.312021,0.0,633.0
1719414934.4742866,0.0,633.0
1719414934.6855848,0.0,633.0
1719414934.8305912,0.0,633.0
1719414934.9947248,0.0,633.0
1719414935.146165,0.0,633.0
1719414935.2913492,0.0,633.0
1719414935.4351473,0.0,633.0
1719414935.5759408,0.0,633.0
1719414935.7161896,0.0,633.0
1719414935.8549752,0.0,633.0
1719414935.9963453,0.0,633.0
1719414936.3941708,0.0,633.0
1719414936.6091318,0.0,633.0
1719414936.773428,0.0,633.0
1719414936.935759,0.0,633.0
1719414937.0932298,0.0,633.0
1719414937.269098,0.0,633.0
1719414937.6424003,0.0,633.0
1719414937.7862823,0.0,633.0
1719414937.9340792,0.0,633.0
1719414938.109666,0.0,633.0
1719414938.2931306,0.0,633.0
1719414938.4683254,0.0,633.0
1719414938.624863,0.0,633.0
1719414938.825802,0.0,633.0
1719414939.026161,0.0,633.0
1719414939.2359457,0.0,633.0
1719414939.3804708,0.0,633.0
1719414939.5891497,0.0,633.0
1719414939.7487686,0.0,633.0
1719414939.9122486,0.0,633.0
1719414940.0710576,0.0,633.0
1719414940.211666,0.0,633.0
1719414940.3655958,0.0,633.0
1719414940.5094342,0.0,633.0
1719414940.648904,0.0,633.0
1719414940.7889802,0.0,633.0
1719414940.9318984,0.0,633.0
1719414941.0700533,0.0,633.0
1719414941.2142704,0.0,633.0
1719414941.3524292,0.0,633.0
1719414941.4920914,0.0,633.0
1719414941.644984,0.0,633.0
1719414941.8110366,0.0,633.0
1719414941.9699247,0.0,633.0
1719414942.1527367,0.0,633.0
1719414942.323912,0.0,633.0
1719414942.4745142,0.0,633.0
1719414942.6394625,0.0,633.0
1719414942.7971575,0.0,633.0
1719414942.941086,0.0,633.0
1719414943.0845354,0.0,633.0
1719414943.2400115,0.0,633.0
1719414943.4064078,0.0,633.0
1719414943.5546794,0.0,633.0
1719414943.6973279,0.0,633.0
1719414943.8917046,0.0,633.0
1719414944.0986643,0.0,633.0
1719414944.2955413,0.0,633.0
1719414944.46005,0.0,633.0
1719414944.6606205,0.0,633.0
1719414944.827183,0.0,633.0
1719414944.9843533,0.0,633.0
1719414945.154987,0.0,633.0
1719414945.2961311,0.0,633.0
1719414945.4356887,0.0,633.0
1719414945.5735636,0.0,633.0
1719414945.7114987,0.0,633.0
1719414945.8501432,0.0,633.0
1719414945.989367,0.0,633.0
1719414946.1288602,0.0,633.0
1719414946.2660825,0.0,633.0
1719414946.4113455,0.0,633.0
1719414946.586862,0.0,633.0
1719414946.7472432,0.0,633.0
1719414946.906696,0.0,633.0
1719414947.0615377,0.0,633.0
1719414947.2309248,0.0,633.0
1719414947.3974528,0.0,633.0
1719414947.5584002,0.0,633.0
1719414947.7155936,0.0,633.0
1719414947.8803518,0.0,633.0
1719414948.0446925,0.0,633.0
1719414948.2093887,0.0,633.0
1719414948.3707926,0.0,633.0
1719414948.5252128,0.0,633.0
1719414948.6777382,0.0,633.0
1719414948.8947184,0.0,633.0
1719414949.0482528,0.0,633.0
1719414949.25712,0.0,633.0
1719414949.4271944,0.0,633.0
1719414949.6325743,0.0,633.0
1719414949.7740154,0.0,633.0
1719414949.9445562,0.0,633.0
1719414950.1164303,0.0,633.0
1719414950.2542644,0.0,633.0
1719414950.3920882,0.0,633.0
1719414950.531174,0.0,633.0
1719414950.6694636,0.0,633.0
1719414950.810974,0.0,633.0
1719414950.949207,0.0,633.0
1719414951.0953426,0.0,633.0
1719414951.2380013,0.0,633.0
1719414951.404174,0.0,633.0
1719414951.556153,0.0,633.0
1719414951.71723,0.0,633.0
1719414951.8756194,0.0,633.0
1719414952.0420637,0.0,633.0
1719414952.2236094,0.0,633.0
1719414952.3695002,0.0,633.0
1719414952.5346873,0.0,633.0
1719414952.6848114,0.0,633.0
1719414952.8365452,0.0,633.0
1719414953.0045986,0.0,633.0
1719414953.1576216,0.0,633.0
1719414953.3139849,0.0,633.0
1719414953.4569972,0.0,633.0
1719414953.6614275,0.0,633.0
1719414953.8693755,0.0,633.0
1719414954.0775356,0.0,633.0
1719414954.2358565,0.0,633.0
1719414954.4429839,0.0,633.0
1719414954.609828,0.0,633.0
1719414954.7701387,0.0,633.0
1719414954.933493,0.0,633.0
1719414955.0810645,0.0,633.0
1719414955.220783,0.0,633.0
1719414955.359593,0.0,633.0
1719414955.4981472,0.0,633.0
1719414955.6362536,0.0,633.0
1719414955.7755983,0.0,633.0
1719414955.913432,0.0,633.0
1719414956.051932,0.0,633.0
1719414956.1967733,0.0,633.0
1719414956.3640428,0.0,633.0
1719414956.555181,0.0,633.0
1719414956.7221143,0.0,633.0
1719414956.8883576,0.0,633.0
1719414957.0734444,0.0,633.0
1719414957.22306,0.0,633.0
1719414957.3815567,0.0,633.0
1719414957.5269954,0.0,633.0
1719414957.6735857,0.0,633.0
1719414957.8372157,0.0,633.0
1719414957.9896617,0.0,633.0
1719414958.146751,0.0,633.0
1719414958.2890697,0.0,633.0
1719414958.5013163,0.0,633.0
1719414958.7053936,0.0,633.0
1719414958.8943284,0.0,633.0
1719414959.0744483,0.0,633.0
1719414959.275815,0.0,633.0
1719414959.4536302,0.0,633.0
1719414959.613922,0.0,633.0
1719414959.7689338,0.0,633.0
1719414959.9160633,0.0,633.0
1719414960.0553112,0.0,633.0
1719414960.1941473,0.0,633.0
1719414960.3339167,0.0,633.0
1719414960.4721496,0.0,633.0
1719414960.6104655,0.0,633.0
1719414960.7486057,0.0,633.0
1719414960.8890293,0.0,633.0
1719414961.0545084,0.0,633.0
1719414961.2122924,0.0,633.0
1719414961.3652728,0.0,633.0
1719414961.536617,0.0,633.0
1719414961.70333,0.0,633.0
1719414961.8730543,0.0,633.0
1719414962.0154605,0.0,633.0
1719414962.174527,0.0,633.0
1719414962.316047,0.0,633.0
1719414962.4692304,0.0,633.0
1719414962.63639,0.0,633.0
1719414962.8017933,0.0,633.0
1719414962.9839582,0.0,633.0
1719414963.1525064,0.0,633.0
1719414963.326162,0.0,965.0
1719414963.538996,9.0,965.0
1719414963.7001212,3.0,1093.0
1719414963.909735,3.0,1221.0
1719414964.0694354,0.0,1349.0
1719414964.3103619,3.0,1349.0
1719414964.4818473,3.0,1477.0
1719414964.6465573,3.0,1605.0
1719414964.81347,3.0,1733.0
1719414964.964515,3.0,1733.0
1719414965.1127803,3.0,1861.0
1719414965.264354,3.0,1989.0
1719414965.4058292,1.0,1989.0
1719414965.5533416,5.0,2117.0
1719414965.7014554,0.0,3781.0
1719414965.8569012,0.0,5395.0
1719414966.012665,7.0,10773.0
1719414966.1706464,84.0,31675.0
1719414966.3486612,95.0,33989.0
1719414966.5311713,67.0,50895.0
1719414966.7050037,91.0,50895.0
1719414966.8846245,100.0,50897.0
1719414967.0707278,96.0,50899.0
1719414967.2429373,96.0,50913.0
1719414967.4069188,43.0,50913.0
1719414967.5944953,30.0,50913.0
1719414967.7860734,100.0,50913.0
1719414967.9546268,99.0,50913.0
1719414968.1469803,100.0,50913.0
1719414968.309921,100.0,50913.0
1719414968.5553758,100.0,50913.0
1719414968.800616,2.0,50913.0
1719414969.1031597,98.0,50913.0
1719414969.3507812,99.0,50913.0
1719414969.5295017,100.0,50913.0
1719414969.7067602,100.0,50913.0
1719414969.872252,100.0,50913.0
1719414970.037563,100.0,50913.0
1719414970.2014275,68.0,50913.0
1719414970.358968,48.0,50913.0
1719414970.5151503,100.0,50913.0
1719414970.668914,100.0,50913.0
1719414970.8237755,99.0,50913.0
1719414970.9754024,100.0,50913.0
1719414971.127218,100.0,50913.0
1719414971.3059595,100.0,50913.0
1719414971.4885876,100.0,50913.0
1719414971.6905744,22.0,50913.0
1719414971.9003038,100.0,50913.0
1719414972.1207154,98.0,50913.0
1719414972.2846406,98.0,50913.0
1719414972.470797,100.0,50913.0
1719414972.6588693,100.0,50913.0
1719414972.8380303,90.0,50913.0
1719414973.033593,11.0,50913.0
1719414973.2082534,100.0,50913.0
1719414973.394015,99.0,50913.0
1719414973.566644,100.0,50913.0
1719414973.8106847,100.0,50913.0
1719414974.0114288,100.0,50913.0
1719414974.2376688,58.0,50913.0
1719414974.474168,45.0,50913.0
1719414974.6762915,100.0,50913.0
1719414974.8627703,99.0,50913.0
1719414975.042589,100.0,50913.0
1719414975.2034922,100.0,50913.0
1719414975.3560529,100.0,50913.0
1719414975.5133948,100.0,50913.0
1719414975.7175393,100.0,50913.0
1719414975.887847,100.0,50913.0
1719414976.0454602,99.0,50913.0
1719414976.1967075,100.0,50913.0
1719414976.4081185,100.0,50913.0
1719414976.580546,100.0,50913.0
1719414976.7607799,59.0,50913.0
1719414976.9866993,42.0,50913.0
1719414977.1741683,42.0,50913.0
1719414977.3361194,100.0,50913.0
1719414977.5429955,99.0,50913.0
1719414977.7018142,100.0,50913.0
1719414977.8710728,100.0,50913.0
1719414978.0421677,100.0,50913.0
1719414978.219923,27.0,50913.0
1719414978.4031546,79.0,50913.0
1719414978.5603087,100.0,50913.0
1719414978.7959313,98.0,50913.0
1719414979.0204053,100.0,50913.0
1719414979.2773364,100.0,50913.0
1719414979.478317,94.0,50913.0
1719414979.6775253,100.0,50913.0
1719414979.8482103,93.0,50913.0
1719414980.0186224,99.0,50913.0
1719414980.2082582,96.0,50913.0
1719414980.36115,96.0,50913.0
1719414980.5143678,100.0,50913.0
1719414980.6676261,96.0,50913.0
1719414980.818373,96.0,50913.0
1719414980.974851,93.0,50913.0
1719414981.128221,93.0,50913.0
1719414981.283207,98.0,50913.0
1719414981.5003471,96.0,50913.0
1719414981.7032418,97.0,50913.0
1719414981.8793306,97.0,50913.0
1719414982.0527716,97.0,50913.0
1719414982.2344666,97.0,50913.0
1719414982.3961973,97.0,50913.0
1719414982.5695,97.0,50913.0
1719414982.7351618,94.0,50913.0
1719414982.9122555,95.0,50913.0
1719414983.0846672,100.0,50913.0
1719414983.2637715,94.0,50913.0
1719414983.4350553,94.0,50913.0
1719414983.6450276,13.0,50913.0
1719414983.8922217,100.0,50913.0
1719414984.1194026,100.0,50913.0
1719414984.3635068,100.0,50913.0
1719414984.5460038,100.0,50913.0
1719414984.7604468,100.0,50913.0
1719414984.9522965,59.0,50913.0
1719414985.1472445,70.0,50913.0
1719414985.3383918,100.0,50913.0
1719414985.498551,99.0,50913.0
1719414985.6528146,100.0,50913.0
1719414985.8047097,100.0,50913.0
1719414985.9543364,100.0,50913.0
1719414986.1168294,100.0,50913.0
1719414986.2813854,28.0,50913.0
1719414986.4348729,100.0,50913.0
1719414986.616877,100.0,50913.0
1719414986.809903,99.0,50913.0
1719414986.9790506,100.0,50913.0
1719414987.170287,100.0,50913.0
1719414987.3901596,100.0,50913.0
1719414987.5621645,43.0,50913.0
1719414987.7354527,73.0,50913.0
1719414987.897703,100.0,50913.0
1719414988.0686474,99.0,50913.0
1719414988.2550254,100.0,50913.0
1719414988.4530659,100.0,50913.0
1719414988.6338866,95.0,50913.0
1719414988.7991836,1.0,50913.0
1719414989.06499,98.0,50913.0
1719414989.2687867,99.0,50913.0
1719414989.5130181,100.0,50913.0
1719414989.744083,100.0,50913.0
1719414989.913213,100.0,50913.0
1719414990.093542,69.0,50913.0
1719414990.276793,40.0,50913.0
1719414990.4574728,100.0,50913.0
1719414990.616635,100.0,50913.0
1719414990.76956,99.0,50913.0
1719414990.9219704,100.0,50913.0
1719414991.079511,100.0,50913.0
1719414991.231033,100.0,50913.0
1719414991.397068,100.0,50913.0
1719414991.630813,31.0,50913.0
1719414991.8655403,98.0,50913.0
1719414992.0590036,100.0,50913.0
1719414992.2514222,100.0,50913.0
1719414992.4376876,100.0,50913.0
1719414992.6156552,100.0,50913.0
1719414992.7785153,68.0,50913.0
1719414992.963634,52.0,50913.0
1719414993.1366873,100.0,50913.0
1719414993.315948,94.0,50913.0
1719414993.489497,100.0,50913.0
1719414993.6678462,100.0,50913.0
1719414993.8354008,100.0,50913.0
1719414993.9997778,21.0,50913.0
1719414994.2855146,37.0,50913.0
1719414994.4870343,100.0,50913.0
1719414994.7224028,92.0,50913.0
1719414994.9508471,100.0,50913.0
1719414995.1483014,100.0,50913.0
1719414995.318405,100.0,50913.0
1719414995.5065622,37.0,50913.0
1719414995.6840212,37.0,50913.0
1719414995.8379679,80.0,50913.0
1719414995.9896889,100.0,50913.0
1719414996.1431844,99.0,50913.0
1719414996.29606,100.0,50913.0
1719414996.4667575,100.0,50913.0
1719414996.6208045,100.0,50913.0
1719414996.7761497,96.0,50913.0
1719414996.968959,100.0,50913.0
1719414997.1588924,95.0,50913.0
1719414997.3324003,100.0,50913.0
1719414997.5168953,96.0,50913.0
1719414997.7037745,100.0,50913.0
1719414997.876529,88.0,50913.0
1719414998.063696,88.0,50913.0
1719414998.2871222,100.0,50913.0
1719414998.448207,93.0,50913.0
1719414998.6291308,100.0,50913.0
1719414998.822164,96.0,50913.0
1719414998.9948094,100.0,50913.0
1719414999.1608496,97.0,50913.0
1719414999.4095309,100.0,50913.0
1719414999.5929987,97.0,50913.0
1719414999.8345587,96.0,50913.0
1719415000.0944786,100.0,50913.0
1719415000.3120155,97.0,50913.0
1719415000.5054166,100.0,50913.0
1719415000.692036,100.0,50913.0
1719415000.8521886,80.0,50913.0
1719415001.0037913,37.0,50913.0
1719415001.1648867,100.0,50913.0
1719415001.3172946,99.0,50913.0
1719415001.4772632,99.0,50913.0
1719415001.6364799,100.0,50913.0
1719415001.7900002,100.0,50913.0
1719415001.9408004,100.0,50913.0
1719415002.125628,32.0,50913.0
1719415002.3237345,88.0,50913.0
1719415002.5239043,100.0,50913.0
1719415002.7071385,97.0,50913.0
1719415002.9209595,100.0,50913.0
1719415003.1041834,100.0,50913.0
1719415003.281995,100.0,50913.0
1719415003.459051,81.0,50913.0
1719415003.6309314,32.0,50913.0
1719415003.8076453,100.0,50913.0
1719415003.9931903,95.0,50913.0
1719415004.1628034,100.0,50913.0
1719415004.3808196,100.0,50913.0
1719415004.5998833,100.0,50913.0
1719415004.7934124,41.0,50913.0
1719415005.0611196,100.0,50913.0
1719415005.3214157,99.0,50913.0
1719415005.4949129,99.0,50913.0
1719415005.6809728,100.0,50913.0
1719415005.8657796,100.0,50913.0
1719415006.0180542,100.0,50913.0
1719415006.1805167,44.0,50913.0
1719415006.333629,44.0,50913.0
1719415006.5029287,90.0,50913.0
1719415006.6538272,100.0,50913.0
1719415006.8058658,99.0,50913.0
1719415006.9611738,100.0,50913.0
1719415007.1473007,100.0,50913.0
1719415007.3318279,100.0,50913.0
1719415007.5131233,78.0,50913.0
1719415007.7093613,34.0,50913.0
1719415007.890652,100.0,50913.0
1719415008.0771658,82.0,50913.0
1719415008.2647262,100.0,50913.0
1719415008.4286728,100.0,50913.0
1719415008.5927641,100.0,50913.0
1719415008.7823832,100.0,50913.0
1719415008.971998,53.0,50913.0
1719415009.1474063,100.0,50913.0
1719415009.3106713,98.0,50913.0
1719415009.56737,100.0,50913.0
1719415009.7913702,100.0,50913.0
1719415010.0732684,100.0,50913.0
1719415010.3812506,22.0,50913.0
1719415010.5672796,100.0,50913.0
1719415010.7683148,99.0,50913.0
1719415010.9521372,99.0,50913.0
1719415011.1049695,100.0,50913.0
1719415011.2590456,100.0,50913.0
1719415011.4174173,100.0,50913.0
1719415011.5746636,31.0,50913.0
1719415011.7346394,31.0,50913.0
1719415011.887455,100.0,50913.0
1719415012.0422683,99.0,50913.0
1719415012.2486224,100.0,50913.0
1719415012.424368,100.0,50913.0
1719415012.5905182,100.0,50913.0
1719415012.7715678,56.0,50913.0
1719415012.9728515,56.0,50913.0
1719415013.1392581,34.0,50913.0
1719415013.3133416,100.0,50913.0
1719415013.4774861,97.0,50913.0
1719415013.646448,100.0,50913.0
1719415013.8430805,100.0,50913.0
1719415014.0230088,100.0,50913.0
1719415014.2100065,100.0,50913.0
1719415014.37067,100.0,50913.0
1719415014.6271675,100.0,50913.0
1719415014.8305795,100.0,50913.0
1719415015.076967,100.0,50913.0
1719415015.3455048,94.0,50913.0
1719415015.5387998,94.0,50913.0
1719415015.7551982,100.0,50913.0
1719415015.9373822,96.0,50913.0
1719415016.0941498,100.0,50913.0
1719415016.2482092,90.0,50913.0
1719415016.4039145,90.0,50913.0
1719415016.5619626,100.0,50913.0
1719415016.7187922,97.0,50913.0
1719415016.876841,100.0,50913.0
1719415017.0358553,94.0,50913.0
1719415017.205941,100.0,50913.0
1719415017.4870865,96.0,50913.0
1719415017.6751142,100.0,50913.0
1719415017.856823,95.0,50913.0
1719415018.0536535,95.0,50913.0
1719415018.2283092,100.0,50913.0
1719415018.414167,70.0,50913.0
1719415018.5849771,100.0,50913.0
1719415018.7773967,99.0,50913.0
1719415019.037681,100.0,50913.0
1719415019.303091,100.0,50913.0
1719415019.4906385,99.0,50913.0
1719415019.812643,83.0,50913.0
1719415019.9842699,100.0,50913.0
1719415020.252066,99.0,50913.0
1719415020.4157948,100.0,50913.0
1719415020.6068962,100.0,50913.0
1719415020.7860758,100.0,50913.0
1719415020.9472737,85.0,50913.0
1719415021.1110704,33.0,50913.0
1719415021.2630222,33.0,50913.0
1719415021.4150472,100.0,50913.0
1719415021.570324,99.0,50913.0
1719415021.7220426,100.0,50913.0
1719415021.8730416,100.0,50913.0
1719415022.0276997,100.0,50913.0
1719415022.2169456,100.0,50913.0
1719415022.3842888,37.0,50913.0
1719415022.5439773,72.0,50913.0
1719415022.7332132,100.0,50913.0
1719415022.913043,99.0,50913.0
1719415023.1199076,100.0,50913.0
1719415023.2833936,100.0,50913.0
1719415023.4509742,100.0,50913.0
1719415023.6162636,91.0,50913.0
1719415023.842339,37.0,50913.0
1719415024.0307333,100.0,50913.0
1719415024.232982,99.0,50913.0
1719415024.4010246,100.0,50913.0
1719415024.6453905,100.0,50913.0
1719415024.9338293,6.0,50913.0
1719415025.2255857,100.0,50913.0
1719415025.4897287,99.0,50913.0
1719415025.681002,100.0,50913.0
1719415025.858766,100.0,50913.0
1719415026.0551715,100.0,50913.0
1719415026.228253,100.0,50913.0
1719415026.3837557,63.0,50913.0
1719415026.5413995,64.0,50913.0
1719415026.6935732,100.0,50913.0
1719415026.878105,99.0,50913.0
1719415027.0299242,99.0,50913.0
1719415027.1844206,100.0,50913.0
1719415027.3394666,100.0,50913.0
1719415027.5376742,100.0,50913.0
1719415027.7737002,5.0,50913.0
1719415027.9659472,94.0,50913.0
1719415028.1540236,99.0,50913.0
1719415028.332128,100.0,50913.0
1719415028.4978137,100.0,50913.0
1719415028.6635845,100.0,50913.0
1719415028.8411934,100.0,50913.0
1719415029.0301013,73.0,50913.0
1719415029.2241101,32.0,50913.0
1719415029.4092245,100.0,50913.0
1719415029.5786529,98.0,50913.0
1719415029.851214,100.0,50913.0
1719415030.069714,100.0,50913.0
1719415030.3193488,38.0,50913.0
1719415030.5717301,46.0,50913.0
1719415030.7632864,100.0,50913.0
1719415030.9377096,99.0,50913.0
1719415031.1165428,100.0,50913.0
1719415031.2837849,100.0,50913.0
1719415031.437244,100.0,50913.0
1719415031.587991,100.0,50913.0
1719415031.7414577,97.0,50913.0
1719415031.8917625,97.0,50913.0
1719415032.043127,100.0,50913.0
1719415032.1964226,97.0,50913.0
1719415032.3480318,100.0,50913.0
1719415032.5066633,100.0,50913.0
1719415032.68234,94.0,50913.0
1719415032.855821,100.0,50913.0
1719415033.0319724,96.0,50913.0
1719415033.2123396,100.0,50913.0
1719415033.4219174,96.0,50913.0
1719415033.5783017,100.0,50913.0
1719415033.7580898,100.0,50913.0
1719415033.924118,88.0,50913.0
1719415034.1030133,100.0,50913.0
1719415034.284321,96.0,50913.0
1719415034.5293765,87.0,50913.0
1719415034.7767265,100.0,50913.0
1719415035.0214515,80.0,50913.0
1719415035.2309086,100.0,50913.0
1719415035.397103,90.0,50913.0
1719415035.6456692,100.0,50913.0
1719415035.8836846,48.0,50913.0
1719415036.0532863,66.0,50913.0
1719415036.2272973,100.0,50913.0
1719415036.3927903,99.0,50913.0
1719415036.5444329,99.0,50913.0
1719415036.6978939,100.0,50913.0
1719415036.8479147,100.0,50913.0
1719415037.0006237,100.0,50913.0
1719415037.1908467,100.0,50913.0
1719415037.343345,100.0,50913.0
1719415037.4966555,91.0,50913.0
1719415037.6952007,91.0,50913.0
1719415037.883005,100.0,50913.0
1719415038.0645256,100.0,50913.0
1719415038.2411656,100.0,50913.0
1719415038.425373,50.0,50913.0
1719415038.5978222,40.0,50913.0
1719415038.767769,100.0,50913.0
1719415038.9503684,99.0,50913.0
1719415039.1171556,100.0,50913.0
1719415039.3111818,100.0,50913.0
1719415039.4996922,100.0,50913.0
1719415039.6831195,100.0,50913.0
1719415039.8663833,29.0,50913.0
1719415040.0893223,93.0,50913.0
1719415040.30913,99.0,50913.0
1719415040.5498707,99.0,50913.0
1719415040.738494,100.0,50913.0
1719415040.9576528,100.0,50913.0
1719415041.1286008,74.0,50913.0
1719415041.3097956,37.0,50913.0
1719415041.4814744,100.0,50913.0
1719415041.6391869,99.0,50913.0
1719415041.7906861,99.0,50913.0
1719415041.9444435,100.0,50913.0
1719415042.0961745,100.0,50913.0
1719415042.2521844,100.0,50913.0
1719415042.4058094,100.0,50913.0
1719415042.5687263,88.0,50913.0
1719415042.7440197,88.0,50913.0
1719415042.9165785,100.0,50913.0
1719415043.1041412,98.0,50913.0
1719415043.2935154,100.0,50913.0
1719415043.491765,100.0,50913.0
1719415043.6807125,81.0,50913.0
1719415043.8858938,21.0,50913.0
1719415044.0468771,100.0,50913.0
1719415044.234541,99.0,50913.0
1719415044.4184031,100.0,50913.0
1719415044.5863593,100.0,50913.0
1719415044.7585948,100.0,50913.0
1719415044.9299476,48.0,50913.0
1719415045.1954925,48.0,50913.0
1719415045.4023385,89.0,50913.0
1719415045.6596649,100.0,50913.0
1719415045.9200459,91.0,50913.0
1719415046.1090572,100.0,50913.0
1719415046.2921655,100.0,50913.0
1719415046.4701529,86.0,50913.0
1719415046.6454558,39.0,50913.0
1719415046.7975578,39.0,50913.0
1719415046.9500587,100.0,50913.0
1719415047.103865,99.0,50913.0
1719415047.2567708,100.0,50913.0
1719415047.4133735,100.0,50913.0
1719415047.5801566,100.0,50913.0
1719415047.7506773,100.0,50913.0
1719415047.9330077,31.0,50913.0
1719415048.1192708,81.0,50913.0
1719415048.294043,100.0,50913.0
1719415048.4923785,99.0,50913.0
1719415048.6652021,100.0,50913.0
1719415048.8280847,100.0,50913.0
1719415049.00204,100.0,50913.0
1719415049.171678,89.0,50913.0
1719415049.3601437,100.0,50913.0
1719415049.5368464,96.0,50913.0
1719415049.6974835,100.0,50913.0
1719415049.9415176,97.0,50913.0
1719415050.1717465,97.0,50913.0
1719415050.4168265,100.0,50913.0
1719415050.6213527,88.0,50913.0
1719415050.857315,88.0,50913.0
1719415051.0234377,94.0,50913.0
1719415051.2060313,94.0,50913.0
1719415051.373092,97.0,50913.0
1719415051.5256944,100.0,50913.0
1719415051.6836586,98.0,50913.0
1719415051.8420527,96.0,50913.0
1719415051.9979548,96.0,50913.0
1719415052.1507215,96.0,50913.0
1719415052.3058515,100.0,50913.0
1719415052.5021038,98.0,50913.0
1719415052.6780043,98.0,50913.0
1719415052.8621671,98.0,50913.0
1719415053.0658557,96.0,50913.0
1719415053.2448797,96.0,50913.0
1719415053.4331367,10.0,50913.0
1719415053.6395774,99.0,50913.0
1719415053.7972677,99.0,50913.0
1719415053.9755163,100.0,50913.0
1719415054.1596076,100.0,50913.0
1719415054.355846,100.0,50913.0
1719415054.5446599,59.0,50913.0
1719415054.7588556,82.0,50913.0
1719415055.0219052,97.0,50913.0
1719415055.2374833,100.0,50913.0
1719415055.515861,100.0,50913.0
1719415055.7764094,90.0,50913.0
1719415055.9635127,19.0,50913.0
1719415056.154416,100.0,50913.0
1719415056.3134108,97.0,50913.0
1719415056.4636426,100.0,50913.0
1719415056.613645,100.0,50913.0
1719415056.7639732,100.0,50913.0
1719415056.914321,100.0,50913.0
1719415057.06298,100.0,50913.0
1719415057.222417,52.0,50913.0
1719415057.3760953,76.0,50913.0
1719415057.5584981,100.0,50913.0
1719415057.7421339,99.0,50913.0
1719415057.9208877,100.0,50913.0
1719415058.1050444,100.0,50913.0
1719415058.319213,93.0,50913.0
1719415058.4784932,93.0,50913.0
1719415058.6733902,16.0,50913.0
1719415058.8668647,100.0,50913.0
1719415059.034757,100.0,50913.0
1719415059.2477794,100.0,50913.0
1719415059.4387212,100.0,50913.0
1719415059.6262205,53.0,50913.0
1719415059.8814645,16.0,50913.0
1719415060.116416,100.0,50913.0
1719415060.3840718,98.0,50913.0
1719415060.6603208,100.0,50913.0
1719415060.8482206,100.0,50913.0
1719415061.0332792,100.0,50913.0
1719415061.2075632,52.0,50913.0
1719415061.361755,61.0,50913.0
1719415061.5135717,61.0,50913.0
1719415061.6703544,100.0,50913.0
1719415061.819555,99.0,50913.0
1719415061.974041,100.0,50913.0
1719415062.1236045,100.0,50913.0
1719415062.273077,100.0,50913.0
1719415062.424882,100.0,50913.0
1719415062.636885,10.0,50913.0
1719415062.8168786,96.0,50913.0
1719415063.0049846,99.0,50913.0
1719415063.178932,100.0,50913.0
1719415063.3855894,100.0,50913.0
1719415063.5700428,100.0,50913.0
1719415063.7400491,72.0,50913.0
1719415063.9212265,39.0,50913.0
1719415064.1213918,100.0,50913.0
1719415064.3015835,99.0,50913.0
1719415064.500127,99.0,50913.0
1719415064.692814,100.0,50913.0
1719415064.9495587,100.0,50913.0
1719415065.158626,31.0,50913.0
1719415065.4060855,18.0,50913.0
1719415065.680971,100.0,50913.0
1719415065.8430314,98.0,50913.0
1719415066.024529,100.0,50913.0
1719415066.2036552,100.0,50913.0
1719415066.3561463,100.0,50913.0
1719415066.5094793,100.0,50913.0
1719415066.6594102,97.0,50913.0
1719415066.8097184,100.0,50913.0
1719415066.9813797,98.0,50913.0
1719415067.146516,100.0,50913.0
1719415067.3139834,97.0,50913.0
1719415067.5039062,100.0,50913.0
1719415067.705074,97.0,50913.0
1719415067.9123354,100.0,50913.0
1719415068.1173487,100.0,50913.0
1719415068.2759278,96.0,50913.0
1719415068.4673188,100.0,50913.0
1719415068.6261601,97.0,50913.0
1719415068.7909422,100.0,50913.0
1719415068.9700544,100.0,50913.0
1719415069.1616864,100.0,50913.0
1719415069.3341415,97.0,50913.0
1719415069.4969635,100.0,50913.0
1719415069.7794826,97.0,50913.0
1719415069.9614136,100.0,50913.0
1719415070.2343411,97.0,50913.0
1719415070.4625235,100.0,50913.0
1719415070.6706321,27.0,50913.0
1719415070.83742,82.0,50913.0
1719415071.0211868,100.0,50913.0
1719415071.1818547,99.0,50913.0
1719415071.345623,100.0,50913.0
1719415071.5058079,100.0,50913.0
1719415071.6550097,100.0,50913.0
1719415071.8120172,87.0,50913.0
1719415071.9984624,30.0,50913.0
1719415072.1614206,100.0,50913.0
1719415072.348106,99.0,50913.0
1719415072.5380797,99.0,50913.0
1719415072.730481,100.0,50913.0
1719415072.9128487,100.0,50913.0
1719415073.117363,100.0,50913.0
1719415073.282999,40.0,50913.0
1719415073.4626029,62.0,50913.0
1719415073.6490195,100.0,50913.0
1719415073.8530495,93.0,50913.0
1719415074.019987,100.0,50913.0
1719415074.209355,100.0,50913.0
1719415074.3796456,100.0,50913.0
1719415074.6395369,12.0,50913.0
1719415074.870551,34.0,50913.0
1719415075.1065147,100.0,50913.0
1719415075.3293493,98.0,50913.0
1719415075.5212178,100.0,50913.0
1719415075.6947234,100.0,50913.0
1719415075.8826914,100.0,50913.0
1719415076.046874,100.0,50913.0
1719415076.1959465,35.0,50913.0
1719415076.3486943,81.0,50913.0
1719415076.4994078,100.0,50913.0
1719415076.6556742,99.0,50913.0
1719415076.8120906,99.0,50913.0
1719415076.998785,100.0,50913.0
1719415077.1544144,85.0,50913.0
1719415077.3666346,2.0,50913.0
1719415077.5653384,98.0,50913.0
1719415077.7865622,98.0,50913.0
1719415077.9750292,100.0,50913.0
1719415078.2230656,100.0,50913.0
1719415078.408464,100.0,50913.0
1719415078.5660696,100.0,50913.0
1719415078.740374,69.0,50913.0
1719415078.914988,40.0,50913.0
1719415079.1132085,100.0,50913.0
1719415079.3519855,98.0,50913.0
1719415079.523124,100.0,50913.0
1719415079.7465966,100.0,50913.0
1719415079.9741488,31.0,50913.0
1719415080.1828344,72.0,50913.0
1719415080.401744,72.0,50913.0
1719415080.5578246,100.0,50913.0
1719415080.7592757,99.0,50913.0
1719415080.9411547,100.0,50913.0
1719415081.0916655,100.0,50913.0
1719415081.2538042,95.0,50913.0
1719415081.4061482,95.0,50913.0
1719415081.556676,36.0,50913.0
1719415081.9193528,79.0,50913.0
1719415082.0813792,100.0,50913.0
1719415082.2489944,100.0,50913.0
1719415082.425316,100.0,50913.0
1719415082.6130192,100.0,50913.0
1719415082.8671763,57.0,50913.0
1719415083.0745168,100.0,50913.0
1719415083.2659357,99.0,50913.0
1719415083.435193,99.0,50913.0
1719415083.6115668,100.0,50913.0
1719415083.7980144,100.0,50913.0
1719415083.9730291,100.0,50913.0
1719415084.161609,95.0,50913.0
1719415084.316765,100.0,50913.0
1719415084.5268118,97.0,50913.0
1719415084.7716212,97.0,50913.0
1719415085.0180433,97.0,50913.0
1719415085.20141,97.0,50913.0
1719415085.4209933,97.0,50913.0
1719415085.580019,100.0,50913.0
1719415085.7554982,96.0,50913.0
1719415085.9433439,100.0,50913.0
1719415086.0983284,98.0,50913.0
1719415086.2509918,98.0,50913.0
1719415086.4065487,99.0,50913.0
1719415086.5622683,98.0,50913.0
1719415086.7185862,98.0,50913.0
1719415086.8726432,98.0,50913.0
1719415087.0289474,100.0,50913.0
1719415087.2274628,96.0,50913.0
1719415087.4030163,100.0,50913.0
1719415087.5829635,97.0,50913.0
1719415087.7713647,100.0,50913.0
1719415087.9613361,89.0,50913.0
1719415088.134544,29.0,50913.0
1719415088.3318086,100.0,50913.0
1719415088.5058053,99.0,50913.0
1719415088.6829112,100.0,50913.0
1719415088.8697624,100.0,50913.0
1719415089.0706284,100.0,50913.0
1719415089.2388372,100.0,50913.0
1719415089.427669,40.0,50913.0
1719415089.655201,100.0,50913.0
1719415089.8996515,99.0,50913.0
1719415090.153366,100.0,50913.0
1719415090.4079664,100.0,50913.0
1719415090.598926,90.0,50913.0
1719415090.7673893,10.0,50913.0
1719415090.9435947,100.0,50913.0
1719415091.1094055,100.0,50913.0
1719415091.2618651,99.0,50913.0
1719415091.412543,100.0,50913.0
1719415091.5640035,100.0,50913.0
1719415091.7148683,100.0,50913.0
1719415091.8695107,100.0,50913.0
1719415092.0216017,59.0,50913.0
1719415092.1869264,61.0,50913.0
1719415092.360949,61.0,50913.0
1719415092.5423594,99.0,50913.0
1719415092.727837,100.0,50913.0
1719415092.9100542,100.0,50913.0
1719415093.125189,99.0,50913.0
1719415093.3062658,99.0,50913.0
1719415093.5240753,100.0,50913.0
1719415093.6889746,100.0,50913.0
1719415093.8958688,100.0,50913.0
1719415094.0765417,100.0,50913.0
1719415094.2460005,100.0,50913.0
1719415094.4389615,58.0,50913.0
1719415094.7000847,2.0,50913.0
1719415094.8990226,2.0,50913.0
1719415095.1453424,94.0,50913.0
1719415095.3716724,94.0,50913.0
1719415095.559649,100.0,50913.0
1719415095.7460082,100.0,50913.0
1719415095.9165657,100.0,50913.0
1719415096.0748775,74.0,50913.0
1719415096.2271483,53.0,50913.0
1719415096.3802516,100.0,50913.0
1719415096.5301468,100.0,50913.0
1719415096.6832817,99.0,50913.0
1719415096.8378816,100.0,50913.0
1719415096.9909775,100.0,50913.0
1719415097.1811461,100.0,50913.0
1719415097.363523,100.0,50913.0
1719415097.549218,17.0,50913.0
1719415097.7560287,100.0,50913.0
1719415097.9594414,99.0,50913.0
1719415098.1310844,100.0,50913.0
1719415098.309161,100.0,50913.0
1719415098.4759607,100.0,50913.0
1719415098.6517258,92.0,50913.0
1719415098.8658705,28.0,50913.0
1719415099.0543268,100.0,50913.0
1719415099.2370796,99.0,50913.0
1719415099.4013784,100.0,50913.0
1719415099.6312592,100.0,50913.0
1719415099.8438985,100.0,50913.0
1719415100.0898304,42.0,50913.0
1719415100.3159518,54.0,50913.0
1719415100.488527,100.0,50913.0
1719415100.65509,99.0,50913.0
1719415100.8271496,100.0,50913.0
1719415101.014855,100.0,50913.0
1719415101.1698453,100.0,50913.0
1719415101.3222597,100.0,50913.0
1719415101.4750528,97.0,50913.0
1719415101.627535,100.0,50913.0
1719415101.783315,100.0,50913.0
1719415101.9363675,100.0,50913.0
1719415102.1207907,100.0,50913.0
1719415102.3156238,95.0,50913.0
1719415102.5035307,100.0,50913.0
1719415102.692883,97.0,50913.0
1719415102.896669,100.0,50913.0
1719415103.0600486,96.0,50913.0
1719415103.2432048,100.0,50913.0
1719415103.4038308,97.0,50913.0
1719415103.575612,100.0,50913.0
1719415103.7613266,100.0,50913.0
1719415103.9475641,96.0,50913.0
1719415104.1241906,100.0,50913.0
1719415104.2944775,94.0,50913.0
1719415104.5270112,100.0,50913.0
1719415104.7270052,94.0,50913.0
1719415104.9805255,97.0,50913.0
1719415105.2347417,97.0,50913.0
1719415105.4046092,100.0,50913.0
1719415105.5916603,20.0,50913.0
1719415105.7882335,85.0,50913.0
1719415105.9616075,85.0,50913.0
1719415106.1204386,100.0,50913.0
1719415106.2697036,100.0,50913.0
1719415106.419102,100.0,50913.0
1719415106.570144,100.0,50913.0
1719415106.7214527,67.0,50913.0
1719415106.8709908,57.0,50913.0
1719415107.022272,57.0,50913.0
1719415107.2166948,100.0,50913.0
1719415107.4167078,98.0,50913.0
1719415107.5868757,100.0,50913.0
1719415107.7635336,100.0,50913.0
1719415107.9805787,21.0,50913.0
1719415108.1986246,100.0,50913.0
1719415108.3732855,98.0,50913.0
1719415108.5727243,98.0,50913.0
1719415108.7572386,100.0,50913.0
1719415108.9463186,100.0,50913.0
1719415109.124739,100.0,50913.0
1719415109.324498,60.0,50913.0
1719415109.5905528,5.0,50913.0
1719415109.8200777,100.0,50913.0
1719415110.031657,100.0,50913.0
1719415110.2655585,100.0,50913.0
1719415110.438029,100.0,50913.0
1719415110.6187415,73.0,50913.0
1719415110.7941482,73.0,50913.0
1719415110.9506586,36.0,50913.0
1719415111.1026835,100.0,50913.0
1719415111.2537882,99.0,50913.0
1719415111.406694,99.0,50913.0
1719415111.557966,100.0,50913.0
1719415111.708671,100.0,50913.0
1719415111.8595908,100.0,50913.0
1719415112.0324929,100.0,50913.0
1719415112.248954,72.0,50913.0
1719415112.441445,100.0,50913.0
1719415112.6470122,99.0,50913.0
1719415112.8301504,99.0,50913.0
1719415113.0004933,100.0,50913.0
1719415113.1746628,100.0,50913.0
1719415113.34622,97.0,50913.0
1719415113.5322604,21.0,50913.0
1719415113.7247226,100.0,50913.0
1719415113.916143,100.0,50913.0
1719415114.0834112,100.0,50913.0
1719415114.254352,100.0,50913.0
1719415114.4843664,100.0,50913.0
1719415114.731756,48.0,50913.0
1719415115.0086997,100.0,50913.0
1719415115.2778978,98.0,50913.0
1719415115.490511,100.0,50913.0
1719415115.6848218,100.0,50913.0
1719415115.866508,100.0,50913.0
1719415116.019056,100.0,50913.0
1719415116.1984,42.0,50913.0
1719415116.3518035,91.0,50913.0
1719415116.507452,100.0,50913.0
1719415116.670339,99.0,50913.0
1719415116.8215575,99.0,50913.0
1719415116.9732413,100.0,50913.0
1719415117.1598434,100.0,50913.0
1719415117.3562071,78.0,50913.0
1719415117.554168,39.0,50913.0
1719415117.7392251,100.0,50913.0
1719415117.913397,99.0,50913.0
1719415118.0768511,99.0,50913.0
1719415118.257522,100.0,50913.0
1719415118.430866,100.0,50913.0
1719415118.6033733,100.0,50913.0
1719415118.7903721,94.0,50913.0
1719415118.9781246,100.0,50913.0
1719415119.1600974,89.0,50913.0
1719415119.3171258,100.0,50913.0
1719415119.562396,97.0,50913.0
1719415119.7703388,100.0,50913.0
1719415119.9831684,79.0,50913.0
1719415120.1881886,100.0,50913.0
1719415120.4096384,79.0,50913.0
1719415120.5704236,100.0,50913.0
1719415120.7682388,96.0,50913.0
1719415120.9501576,100.0,50913.0
1719415121.1030834,97.0,50913.0
1719415121.2562451,97.0,50913.0
1719415121.408372,100.0,50913.0
1719415121.5621538,97.0,50913.0
1719415121.7149866,97.0,50913.0
1719415121.8676052,100.0,50913.0
1719415122.0190554,97.0,50913.0
1719415122.2273457,100.0,50913.0
1719415122.410047,90.0,50913.0
1719415122.606177,100.0,50913.0
1719415122.7985365,60.0,50913.0
1719415122.9912755,57.0,50913.0
1719415123.167681,100.0,50913.0
1719415123.3578684,98.0,50913.0
1719415123.5211744,100.0,50913.0
1719415123.69507,100.0,50913.0
1719415123.8901348,100.0,50913.0
1719415124.065195,100.0,50913.0
1719415124.3197484,100.0,50913.0
1719415124.5744865,99.0,50913.0
1719415124.8236732,100.0,50913.0
1719415125.055385,100.0,50913.0
1719415125.232448,100.0,50913.0
1719415125.4669929,60.0,50913.0
1719415125.650042,32.0,50913.0
1719415125.8288157,100.0,50913.0
1719415125.9981635,99.0,50913.0
1719415126.1542847,99.0,50913.0
1719415126.3090453,100.0,50913.0
1719415126.4614794,100.0,50913.0
1719415126.6189866,100.0,50913.0
1719415126.7738583,37.0,50913.0
1719415126.9274366,37.0,50913.0
1719415127.0785813,87.0,50913.0
1719415127.343133,99.0,50913.0
1719415127.515743,100.0,50913.0
1719415127.687804,100.0,50913.0
1719415127.8701637,81.0,50913.0
1719415128.1106896,81.0,50913.0
1719415128.2831285,45.0,50913.0
1719415128.4497435,100.0,50913.0
1719415128.6399899,92.0,50913.0
1719415128.8250813,100.0,50913.0
1719415129.0148726,100.0,50913.0
1719415129.1966126,100.0,50913.0
1719415129.3717864,31.0,50913.0
1719415129.6780276,19.0,50913.0
1719415129.8616323,100.0,50913.0
1719415130.104307,100.0,50913.0
1719415130.3492732,100.0,50913.0
1719415130.5414445,100.0,50913.0
1719415130.710158,100.0,50913.0
1719415130.8965719,50.0,50913.0
1719415131.065797,54.0,50913.0
1719415131.2190866,100.0,50913.0
1719415131.3722699,100.0,50913.0
1719415131.5271063,99.0,50913.0
1719415131.6807902,100.0,50913.0
1719415131.8340247,100.0,50913.0
1719415131.988828,100.0,50913.0
1719415132.1901696,100.0,50913.0
1719415132.3893716,91.0,50913.0
1719415132.5785108,100.0,50913.0
1719415132.7798793,98.0,50913.0
1719415132.9885616,100.0,50913.0
1719415133.1552072,100.0,50913.0
1719415133.3304465,100.0,50913.0
1719415133.4953947,76.0,50913.0
1719415133.6919498,42.0,50913.0
1719415133.8728678,100.0,50913.0
1719415134.0598152,99.0,50913.0
1719415134.263811,100.0,50913.0
1719415134.4396532,100.0,50913.0
1719415134.7104077,100.0,50913.0
1719415134.9076831,62.0,50913.0
1719415135.1683302,100.0,50913.0
1719415135.4226477,99.0,50913.0
1719415135.6115422,100.0,50913.0
1719415135.80426,100.0,50913.0
1719415135.982717,100.0,50913.0
1719415136.1439264,100.0,50913.0
1719415136.3010023,97.0,50913.0
1719415136.4557,97.0,50913.0
1719415136.6105134,100.0,50913.0
1719415136.768213,98.0,50913.0
1719415136.9253464,100.0,50913.0
1719415137.0816486,98.0,50913.0
1719415137.2911441,98.0,50913.0
1719415137.47239,98.0,50913.0
1719415137.6555104,97.0,50913.0
1719415137.8320305,100.0,50913.0
1719415138.032112,96.0,50913.0
1719415138.1921313,100.0,50913.0
1719415138.386922,100.0,50913.0
1719415138.5546503,97.0,50913.0
1719415138.7320743,100.0,50913.0
1719415138.9254246,96.0,50913.0
1719415139.11486,100.0,50913.0
1719415139.2874854,97.0,50913.0
1719415139.4593503,100.0,50913.0
1719415139.7177231,87.0,50913.0
1719415139.943975,98.0,50913.0
1719415140.2160704,96.0,50913.0
1719415140.454694,100.0,50913.0
1719415140.6626685,99.0,50913.0
1719415140.8486288,100.0,50913.0
1719415141.035507,100.0,50913.0
1719415141.1949587,100.0,50913.0
1719415141.3578718,100.0,50913.0
1719415141.512952,45.0,50913.0
1719415141.6716137,96.0,50913.0
1719415141.831167,96.0,50913.0
1719415141.9883714,99.0,50913.0
1719415142.1472578,100.0,50913.0
1719415142.3307078,100.0,50913.0
1719415142.541609,100.0,50913.0
1719415142.7257574,72.0,50913.0
1719415142.9076123,62.0,50913.0
1719415143.0940065,100.0,50913.0
1719415143.271987,98.0,50913.0
1719415143.4798675,100.0,50913.0
1719415143.6597373,100.0,50913.0
1719415143.8363945,100.0,50913.0
1719415144.028584,100.0,50913.0
1719415144.2240353,37.0,50913.0
1719415144.3944402,100.0,50913.0
1719415144.6024768,92.0,50913.0
1719415144.7688954,100.0,50913.0
1719415145.035349,100.0,50913.0
1719415145.2714436,48.0,50913.0
1719415145.5253775,41.0,50913.0
1719415145.7602713,100.0,50913.0
1719415145.9532442,98.0,50913.0
1719415146.1190827,100.0,50913.0
1719415146.298146,100.0,50913.0
1719415146.484747,100.0,50913.0
1719415146.64504,100.0,50913.0
1719415146.858141,100.0,50913.0
1719415147.023056,100.0,50913.0
1719415147.18159,99.0,50913.0
1719415147.3371117,100.0,50913.0
1719415147.4914973,100.0,50913.0
1719415147.6450858,100.0,50913.0
1719415147.828576,100.0,50913.0
1719415148.0561864,59.0,50913.0
1719415148.2385728,62.0,50913.0
1719415148.4308443,99.0,50913.0
1719415148.6477957,99.0,50913.0
1719415148.8257978,100.0,50913.0
1719415148.9921763,100.0,50913.0
1719415149.173577,100.0,50913.0
1719415149.3652937,19.0,50913.0
1719415149.5410562,100.0,50913.0
1719415149.717816,99.0,50913.0
1719415149.8980668,100.0,50913.0
1719415150.1313963,100.0,50913.0
1719415150.4015667,100.0,50913.0
1719415150.6942892,29.0,50913.0
1719415150.9506004,100.0,50913.0
1719415151.1508298,99.0,50913.0
1719415151.332295,100.0,50913.0
1719415151.5187201,100.0,50913.0
1719415151.6804433,100.0,50913.0
1719415151.8416255,100.0,50913.0
1719415152.0224862,38.0,50913.0
1719415152.1747944,92.0,50913.0
1719415152.3277397,100.0,50913.0
1719415152.481848,100.0,50913.0
1719415152.637331,93.0,50913.0
1719415152.8464222,100.0,50913.0
1719415153.0522196,100.0,50913.0
1719415153.2310019,96.0,50913.0
1719415153.4067953,100.0,50913.0
1719415153.5904746,96.0,50913.0
1719415153.754855,100.0,50913.0
1719415153.9275076,96.0,50913.0
1719415154.0953267,96.0,50913.0
1719415154.271799,100.0,50913.0
1719415154.4418592,85.0,50913.0
1719415154.6267285,100.0,50913.0
1719415154.8024948,97.0,50913.0
1719415154.974592,100.0,50913.0
1719415155.1970544,97.0,50913.0
1719415155.4291947,100.0,50913.0
1719415155.6919947,97.0,50913.0
1719415155.9052718,100.0,50913.0
1719415156.1346195,82.0,50913.0
1719415156.2996073,96.0,50913.0
1719415156.4802501,96.0,50913.0
1719415156.6601362,99.0,50913.0
1719415156.8268325,97.0,50913.0
1719415156.9861639,100.0,50913.0
1719415157.1405604,91.0,50913.0
1719415157.2943025,91.0,50913.0
1719415157.4573345,40.0,50913.0
1719415157.625,100.0,50913.0
1719415157.793988,99.0,50913.0
1719415157.9971476,100.0,50913.0
1719415158.1988714,100.0,50913.0
1719415158.3881965,100.0,50913.0
1719415158.5580935,100.0,50913.0
1719415158.762391,72.0,50913.0
1719415158.9180233,100.0,50913.0
1719415159.1015975,100.0,50913.0
1719415159.257137,99.0,50913.0
1719415159.421348,100.0,50913.0
1719415159.622848,100.0,50913.0
1719415159.7995455,100.0,50913.0
1719415159.9786556,17.0,50913.0
1719415160.147992,100.0,50913.0
1719415160.3905704,99.0,50913.0
1719415160.6367977,100.0,50913.0
1719415160.8875,100.0,50913.0
1719415161.0898216,100.0,50913.0
1719415161.3191633,52.0,50913.0
1719415161.4899542,65.0,50913.0
1719415161.6740677,100.0,50913.0
1719415161.866175,95.0,50913.0
1719415162.0298657,100.0,50913.0
1719415162.188698,100.0,50913.0
1719415162.342061,100.0,50913.0
1719415162.506474,100.0,50913.0
1719415162.6746016,30.0,50913.0
1719415162.8341098,100.0,50913.0
1719415162.9925585,100.0,50913.0
1719415163.173685,99.0,50913.0
1719415163.3486738,100.0,50913.0
1719415163.5275497,100.0,50913.0
1719415163.7116895,100.0,50913.0
1719415163.8868237,49.0,50913.0
1719415164.0873623,65.0,50913.0
1719415164.2772825,100.0,50913.0
1719415164.4465666,99.0,50913.0
1719415164.647816,100.0,50913.0
1719415164.8337772,100.0,50913.0
1719415165.0200145,100.0,50913.0
1719415165.2169864,15.0,50913.0
1719415165.3834186,100.0,50913.0
1719415165.6564214,98.0,50913.0
1719415165.897413,100.0,50913.0
1719415166.1636233,100.0,50913.0
1719415166.4289339,59.0,50913.0
1719415166.623741,45.0,50913.0
1719415166.8151865,100.0,50913.0
1719415166.995452,99.0,50913.0
1719415167.15828,99.0,50913.0
1719415167.316509,100.0,50913.0
1719415167.469755,100.0,50913.0
1719415167.6276197,100.0,50913.0
1719415167.78314,100.0,50913.0
1719415167.94187,50.0,50913.0
1719415168.0965593,100.0,50913.0
1719415168.255972,99.0,50913.0
1719415168.4446442,100.0,50913.0
1719415168.6223679,100.0,50913.0
1719415168.7987604,100.0,50913.0
1719415168.9874794,100.0,50913.0
1719415169.2211363,66.0,50913.0
1719415169.4037771,100.0,50913.0
1719415169.6228065,99.0,50913.0
1719415169.7973034,100.0,50913.0
1719415169.9608226,100.0,50913.0
1719415170.1384642,100.0,50913.0
1719415170.3291528,98.0,50913.0
1719415170.503045,95.0,50913.0
1719415170.6789422,100.0,50913.0
1719415170.932808,97.0,50913.0
1719415171.1181045,100.0,50913.0
1719415171.3827155,99.0,50913.0
1719415171.6228254,99.0,50913.0
1719415171.8013532,98.0,50913.0
1719415171.9710438,98.0,50913.0
1719415172.168003,99.0,50913.0
1719415172.335177,97.0,50913.0
1719415172.4898257,100.0,50913.0
1719415172.642831,100.0,50913.0
1719415172.796993,94.0,50913.0
1719415172.9488144,98.0,50913.0
1719415173.110291,97.0,50913.0
1719415173.271489,97.0,50913.0
1719415173.4231002,85.0,50913.0
1719415173.6315527,96.0,50913.0
1719415173.8018942,96.0,50913.0
1719415173.9794736,100.0,50913.0
1719415174.172178,97.0,50913.0
1719415174.3734612,100.0,50913.0
1719415174.5765784,6.0,50913.0
1719415174.7448988,100.0,50913.0
1719415174.9057097,99.0,50913.0
1719415175.0921621,100.0,50913.0
1719415175.3048337,100.0,50913.0
1719415175.4916646,100.0,50913.0
1719415175.6886368,66.0,50913.0
1719415175.8475237,50.0,50913.0
1719415176.1111505,100.0,50913.0
1719415176.3340096,100.0,50913.0
1719415176.6180139,100.0,50913.0
1719415176.873703,100.0,50913.0
1719415177.06471,100.0,50913.0
1719415177.2695234,21.0,50913.0
1719415177.4570053,66.0,50913.0
1719415177.6656296,99.0,50913.0
1719415177.8228981,99.0,50913.0
1719415177.9813378,100.0,50913.0
1719415178.1341505,100.0,50913.0
1719415178.2871482,100.0,50913.0
1719415178.4423559,100.0,50913.0
1719415178.6204057,21.0,50913.0
1719415178.8676693,100.0,50913.0
1719415179.0512896,100.0,50913.0
1719415179.2425067,100.0,50913.0
1719415179.4424334,100.0,50913.0
1719415179.637242,51.0,50913.0
1719415179.8299112,51.0,50913.0
1719415180.0079415,77.0,50913.0
1719415180.1756577,100.0,50913.0
1719415180.358406,99.0,50913.0
1719415180.5347197,100.0,50913.0
1719415180.7352784,100.0,50913.0
1719415180.9283118,92.0,50913.0
1719415181.0999446,32.0,50913.0
1719415181.3473375,100.0,50913.0
1719415181.5745506,98.0,50913.0
1719415181.859366,100.0,50913.0
1719415182.0857244,100.0,50913.0
1719415182.290279,100.0,50913.0
1719415182.489945,38.0,50913.0
1719415182.6913342,77.0,50913.0
1719415182.895101,99.0,50913.0
1719415183.052534,99.0,50913.0
1719415183.209998,100.0,50913.0
1719415183.3640835,100.0,50913.0
1719415183.5229437,92.0,50913.0
1719415183.6766453,92.0,50913.0
1719415183.8341775,46.0,50913.0
1719415184.0213912,100.0,50913.0
1719415184.225498,92.0,50913.0
1719415184.4075074,100.0,50913.0
1719415184.6150212,100.0,50913.0
1719415184.8138855,100.0,50913.0
1719415184.9965174,34.0,50913.0
1719415185.2028027,100.0,50913.0
1719415185.3846068,99.0,50913.0
1719415185.5621667,100.0,50913.0
1719415185.7538345,100.0,50913.0
1719415185.9290597,100.0,50913.0
1719415186.1252375,67.0,50913.0
1719415186.309005,62.0,50913.0
1719415186.5762615,100.0,50913.0
1719415186.7808728,98.0,50913.0
1719415187.0486493,100.0,50913.0
1719415187.2989013,100.0,50913.0
1719415187.484098,100.0,50913.0
1719415187.676372,93.0,50913.0
1719415187.8683755,100.0,50913.0
1719415188.024389,96.0,50913.0
1719415188.1846535,96.0,50913.0
1719415188.3400173,97.0,50913.0
1719415188.5001006,100.0,50913.0
1719415188.678148,100.0,50913.0
1719415188.8338323,98.0,50913.0
1719415189.0012732,100.0,50913.0
1719415189.1977086,97.0,50913.0
1719415189.3905282,100.0,50913.0
1719415189.581145,97.0,50913.0
1719415189.760784,99.0,50913.0
1719415190.0033185,97.0,50913.0
1719415190.1722279,98.0,50913.0
1719415190.3604991,99.0,50913.0
1719415190.5348554,99.0,50913.0
1719415190.7030306,91.0,50913.0
1719415190.877813,97.0,50913.0
1719415191.0812786,100.0,50913.0
1719415191.2566044,96.0,50913.0
1719415191.4459794,100.0,50913.0
1719415191.743646,86.0,50913.0
1719415192.009833,100.0,50913.0
1719415192.2331915,96.0,50913.0
1719415192.459075,100.0,50913.0
1719415192.628943,100.0,50913.0
1719415192.8319716,86.0,50913.0
1719415193.0193026,40.0,50913.0
1719415193.1779263,100.0,50913.0
1719415193.3334625,100.0,50913.0
1719415193.491033,99.0,50913.0
1719415193.6453001,100.0,50913.0
1719415193.7998013,100.0,50913.0
1719415193.9570432,100.0,50913.0
1719415194.114754,100.0,50913.0
1719415194.2776651,41.0,50913.0
1719415194.4722104,100.0,50913.0
1719415194.665278,99.0,50913.0
1719415194.8323236,100.0,50913.0
1719415195.0260162,100.0,50913.0
1719415195.2456646,100.0,50913.0
1719415195.4103281,57.0,50913.0
1719415195.6107135,61.0,50913.0
1719415195.7965765,100.0,50913.0
1719415195.966164,99.0,50913.0
1719415196.1516204,100.0,50913.0
1719415196.361846,100.0,50913.0
1719415196.5494504,100.0,50913.0
1719415196.7326643,9.0,50913.0
1719415197.023835,93.0,50913.0
1719415197.261546,100.0,50913.0
1719415197.4788063,100.0,50913.0
1719415197.7418532,100.0,50913.0
1719415197.92069,100.0,50913.0
1719415198.0992641,76.0,50913.0
1719415198.2869112,42.0,50913.0
1719415198.445326,100.0,50913.0
1719415198.5994573,99.0,50913.0
1719415198.756267,99.0,50913.0
1719415198.9120386,100.0,50913.0
1719415199.0670397,100.0,50913.0
1719415199.2259164,100.0,50913.0
1719415199.3840613,100.0,50913.0
1719415199.5900183,35.0,50913.0
1719415199.7933903,89.0,50913.0
1719415199.9824526,100.0,50913.0
1719415200.1762114,100.0,50913.0
1719415200.3664882,100.0,50913.0
1719415200.5448844,100.0,50913.0
1719415200.7541614,70.0,50913.0
1719415200.926691,61.0,50913.0
1719415201.1095,100.0,50913.0
1719415201.321698,99.0,50913.0
1719415201.514434,100.0,50913.0
1719415201.703337,100.0,50913.0
1719415201.8788795,100.0,50913.0
1719415202.1302762,48.0,50913.0
1719415202.3747642,100.0,50913.0
1719415202.6282861,99.0,50913.0
1719415202.894805,100.0,50913.0
1719415203.0664332,100.0,50913.0
1719415203.2474632,100.0,50913.0
1719415203.4315484,42.0,50913.0
1719415203.6020186,42.0,50913.0
1719415203.815825,100.0,50913.0
1719415203.980371,96.0,50913.0
1719415204.133283,100.0,50913.0
1719415204.2950032,100.0,50913.0
1719415204.4604683,100.0,50913.0
1719415204.62562,96.0,50913.0
1719415204.8135574,96.0,50913.0
1719415205.0032773,100.0,50913.0
1719415205.1794956,96.0,50913.0
1719415205.3748283,100.0,50913.0
1719415205.5624337,96.0,50913.0
1719415205.7232056,100.0,50913.0
1719415205.9218903,94.0,50913.0
1719415206.0889003,100.0,50913.0
1719415206.2836635,96.0,50913.0
1719415206.491247,100.0,50913.0
1719415206.6713977,97.0,50913.0
1719415206.842088,97.0,50913.0
1719415207.0088446,97.0,50913.0
1719415207.255804,100.0,50913.0
1719415207.4861755,97.0,50913.0
1719415207.7271538,100.0,50913.0
1719415207.9030545,93.0,50913.0
1719415208.1453295,100.0,50913.0
1719415208.3185515,90.0,50913.0
1719415208.5127413,100.0,50913.0
1719415208.688668,100.0,50913.0
1719415208.8539295,44.0,50913.0
1719415209.0108073,72.0,50913.0
1719415209.1665561,100.0,50913.0
1719415209.3215795,99.0,50913.0
1719415209.4726856,99.0,50913.0
1719415209.6248605,100.0,50913.0
1719415209.8205721,100.0,50913.0
1719415210.007815,8.0,50913.0
1719415210.227374,8.0,50913.0
1719415210.4298255,100.0,50913.0
1719415210.634937,98.0,50913.0
1719415210.8041422,100.0,50913.0
1719415210.97299,100.0,50913.0
1719415211.1362236,100.0,50913.0
1719415211.311337,100.0,50913.0
1719415211.5001497,78.0,50913.0
1719415211.694783,100.0,50913.0
1719415211.8914347,99.0,50913.0
1719415212.0556965,100.0,50913.0
1719415212.2900972,100.0,50913.0
1719415212.5176637,92.0,50913.0
1719415212.8473253,63.0,50913.0
1719415213.0964065,63.0,50913.0
1719415213.283985,100.0,50913.0
1719415213.4532645,100.0,50913.0
1719415213.6339495,100.0,50913.0
1719415213.7991796,100.0,50913.0
1719415213.956322,100.0,50913.0
1719415214.14705,31.0,50913.0
1719415214.3027868,100.0,50913.0
1719415214.461742,100.0,50913.0
1719415214.621992,99.0,50913.0
1719415214.7789497,100.0,50913.0
1719415214.9880555,100.0,50913.0
1719415215.1669056,100.0,50913.0
1719415215.3547351,45.0,50913.0
1719415215.5460804,67.0,50913.0
1719415215.7429948,100.0,50913.0
1719415215.9181616,98.0,50913.0
1719415216.0912602,98.0,50913.0
1719415216.259855,100.0,50913.0
1719415216.4259784,100.0,50913.0
1719415216.6154785,96.0,50913.0
1719415216.7846127,17.0,50913.0
1719415216.9811504,100.0,50913.0
1719415217.1533525,99.0,50913.0
1719415217.3311486,100.0,50913.0
1719415217.5503328,100.0,50913.0
1719415217.7798533,100.0,50913.0
1719415218.0895245,43.0,50913.0
1719415218.3387744,43.0,50913.0
1719415218.5220206,100.0,50913.0
1719415218.698106,99.0,50913.0
1719415218.8638024,100.0,50913.0
1719415219.0217054,100.0,50913.0
1719415219.1740685,100.0,50913.0
1719415219.3318894,28.0,50913.0
1719415219.4886603,28.0,50913.0
1719415219.6432726,97.0,50913.0
1719415219.7940917,99.0,50913.0
1719415219.95014,100.0,50913.0
1719415220.1155493,100.0,50913.0
1719415220.2991495,100.0,50913.0
1719415220.4850307,100.0,50913.0
1719415220.6701353,69.0,50913.0
1719415220.8621223,49.0,50913.0
1719415221.0797968,100.0,50913.0
1719415221.2514513,99.0,50913.0
1719415221.4291508,100.0,50913.0
1719415221.6235383,100.0,50913.0
1719415221.8002138,100.0,50913.0
1719415221.9669333,100.0,50913.0
1719415222.1402643,84.0,50913.0
1719415222.3074088,100.0,50913.0
1719415222.4748409,100.0,50913.0
1719415222.7297373,97.0,50913.0
1719415222.9257238,100.0,50913.0
1719415223.1834116,97.0,50913.0
1719415223.4386368,100.0,50913.0
1719415223.6421206,97.0,50913.0
1719415223.8275795,100.0,50913.0
1719415224.014554,96.0,50913.0
1719415224.1796315,100.0,50913.0
1719415224.3304913,100.0,50913.0
1719415224.480657,98.0,50913.0
1719415224.6352148,100.0,50913.0
1719415224.7859004,98.0,50913.0
1719415224.9374175,98.0,50913.0
1719415225.0881166,100.0,50913.0
1719415225.2621796,98.0,50913.0
1719415225.4703028,100.0,50913.0
1719415225.6604383,96.0,50913.0
1719415225.849676,100.0,50913.0
1719415226.0489836,13.0,50913.0
1719415226.203884,96.0,50913.0
1719415226.3953533,99.0,50913.0
1719415226.5606775,100.0,50913.0
1719415226.7446697,100.0,50913.0
1719415226.9144213,100.0,50913.0
1719415227.151317,71.0,50913.0
1719415227.4144466,16.0,50913.0
1719415227.6455247,100.0,50913.0
1719415227.8618171,98.0,50913.0
1719415228.0444355,100.0,50913.0
1719415228.2973995,100.0,50913.0
1719415228.5049264,100.0,50913.0
1719415228.6821878,54.0,50913.0
1719415228.876628,43.0,50913.0
1719415229.0388546,100.0,50913.0
1719415229.187868,100.0,50913.0
1719415229.3391085,99.0,50913.0
1719415229.4908972,100.0,50913.0
1719415229.6425254,100.0,50913.0
1719415229.793212,100.0,50913.0
1719415229.994383,100.0,50913.0
1719415230.1833808,27.0,50913.0
1719415230.3573856,77.0,50913.0
1719415230.5357306,100.0,50913.0
1719415230.7261097,99.0,50913.0
1719415230.900338,100.0,50913.0
1719415231.096951,100.0,50913.0
1719415231.268439,92.0,50913.0
1719415231.449555,24.0,50913.0
1719415231.6198547,24.0,50913.0
1719415231.7951133,99.0,50913.0
1719415231.9753077,99.0,50913.0
1719415232.1341136,100.0,50913.0
1719415232.3732464,100.0,50913.0
1719415232.6095722,44.0,50913.0
1719415232.8881855,2.0,50913.0
1719415233.1281364,99.0,50913.0
1719415233.3276353,99.0,50913.0
1719415233.4930139,100.0,50913.0
1719415233.6670964,100.0,50913.0
1719415233.8319848,100.0,50913.0
1719415233.999544,100.0,50913.0
1719415234.1802952,67.0,50913.0
1719415234.3328044,68.0,50913.0
1719415234.4854224,100.0,50913.0
1719415234.6474004,95.0,50913.0
1719415234.8032842,100.0,50913.0
1719415234.982559,100.0,50913.0
1719415235.1724377,100.0,50913.0
1719415235.3463075,99.0,50913.0
1719415235.580442,7.0,50913.0
1719415235.8256207,96.0,50913.0
1719415236.0025284,97.0,50913.0
1719415236.193081,100.0,50913.0
1719415236.3616965,100.0,50913.0
1719415236.5315187,100.0,50913.0
1719415236.715972,74.0,50913.0
1719415236.9067492,43.0,50913.0
1719415237.0940976,100.0,50913.0
1719415237.2510982,99.0,50913.0
1719415237.4786427,100.0,50913.0
1719415237.7188714,100.0,50913.0
1719415237.9417243,100.0,50913.0
1719415238.191727,27.0,50913.0
1719415238.402835,62.0,50913.0
1719415238.5728133,100.0,50913.0
1719415238.7451372,99.0,50913.0
1719415238.9508822,100.0,50913.0
1719415239.1022892,100.0,50913.0
1719415239.2530406,100.0,50913.0
1719415239.4031599,100.0,50913.0
1719415239.5557852,97.0,50913.0
1719415239.7070413,100.0,50913.0
1719415239.8576496,98.0,50913.0
1719415240.055259,94.0,50913.0
1719415240.230973,94.0,50913.0
1719415240.421144,92.0,50913.0
1719415240.5943148,100.0,50913.0
1719415240.8118942,96.0,50913.0
1719415240.9770942,100.0,50913.0
1719415241.152597,96.0,50913.0
1719415241.3175073,100.0,50913.0
1719415241.476837,100.0,50913.0
1719415241.6539257,97.0,50913.0
1719415241.8500955,100.0,50913.0
1719415242.0330877,96.0,50913.0
1719415242.1997397,100.0,50913.0
1719415242.4373097,97.0,50913.0
1719415242.625848,100.0,50913.0
1719415242.8530786,96.0,50913.0
1719415243.0305388,96.0,50913.0
1719415243.2428038,93.0,50913.0
1719415243.4107382,6.0,50913.0
1719415243.6266372,6.0,50913.0
1719415243.7891028,98.0,50913.0
1719415243.9395497,99.0,50913.0
1719415244.1008286,100.0,50913.0
1719415244.252779,100.0,50913.0
1719415244.4066122,100.0,50913.0
1719415244.5585935,100.0,50913.0
1719415244.7236242,69.0,50913.0
1719415244.9138527,58.0,50913.0
1719415245.1119418,100.0,50913.0
1719415245.3078365,99.0,50913.0
1719415245.496317,100.0,50913.0
1719415245.6823196,100.0,50913.0
1719415245.8583548,100.0,50913.0
1719415246.0352194,100.0,50913.0
1719415246.2713935,17.0,50913.0
1719415246.4362762,100.0,50913.0
1719415246.6154308,99.0,50913.0
1719415246.8006728,100.0,50913.0
1719415246.982405,100.0,50913.0
1719415247.1688986,100.0,50913.0
1719415247.3445678,65.0,50913.0
1719415247.5902674,42.0,50913.0
1719415247.7987447,100.0,50913.0
1719415248.049853,100.0,50913.0
1719415248.2952373,100.0,50913.0
1719415248.4995186,100.0,50913.0
1719415248.6871781,100.0,50913.0
1719415248.897042,80.0,50913.0
1719415249.0654757,80.0,50913.0
1719415249.2192044,100.0,50913.0
1719415249.3730216,99.0,50913.0
1719415249.5341365,100.0,50913.0
1719415249.691055,100.0,50913.0
1719415249.847855,100.0,50913.0
1719415250.0058928,88.0,50913.0
1719415250.235193,24.0,50913.0
1719415250.4273527,100.0,50913.0
1719415250.6080031,99.0,50913.0
1719415250.7961023,100.0,50913.0
1719415250.9885654,100.0,50913.0
1719415251.1540751,100.0,50913.0
1719415251.3611565,45.0,50913.0
1719415251.533253,64.0,50913.0
1719415251.7006803,100.0,50913.0
1719415251.8870175,100.0,50913.0
1719415252.069956,98.0,50913.0
1719415252.2575483,100.0,50913.0
1719415252.433107,100.0,50913.0
1719415252.7025845,6.0,50913.0
1719415252.9300487,76.0,50913.0
1719415253.1569004,100.0,50913.0
1719415253.3755698,95.0,50913.0
1719415253.5708504,100.0,50913.0
1719415253.7522156,100.0,50913.0
1719415253.941113,100.0,50913.0
1719415254.1119533,91.0,50913.0
1719415254.2692106,44.0,50913.0
1719415254.42468,100.0,50913.0
1719415254.5821528,99.0,50913.0
1719415254.7328336,99.0,50913.0
1719415254.885306,100.0,50913.0
1719415255.0438917,100.0,50913.0
1719415255.214328,100.0,50913.0
1719415255.4012108,30.0,50913.0
1719415255.580925,30.0,50913.0
1719415255.7653084,54.0,50913.0
1719415255.9558814,98.0,50913.0
1719415256.1482975,100.0,50913.0
1719415256.3055947,100.0,50913.0
1719415256.4852207,100.0,50913.0
1719415256.6515656,100.0,50913.0
1719415256.8172343,97.0,50913.0
1719415257.0035894,100.0,50913.0
1719415257.1959357,88.0,50913.0
1719415257.3777826,88.0,50913.0
1719415257.572098,97.0,50913.0
1719415257.82005,100.0,50913.0
1719415258.0233693,90.0,50913.0
1719415258.2706757,100.0,50913.0
1719415258.5067167,89.0,50913.0
1719415258.6830566,100.0,50913.0
1719415258.870175,96.0,50913.0
1719415259.043423,100.0,50913.0
1719415259.203558,91.0,50913.0
1719415259.3564386,91.0,50913.0
1719415259.506358,100.0,50913.0
1719415259.6570299,97.0,50913.0
1719415259.8121953,100.0,50913.0
1719415259.964386,100.0,50913.0
1719415260.1172652,98.0,50913.0
1719415260.2937326,100.0,50913.0
1719415260.4756362,96.0,50913.0
1719415260.6563227,100.0,50913.0
1719415260.84009,23.0,50913.0
1719415261.0261064,85.0,50913.0
1719415261.223318,100.0,50913.0
1719415261.4024448,90.0,50913.0
1719415261.5654356,100.0,50913.0
1719415261.7386746,100.0,50913.0
1719415261.944244,100.0,50913.0
1719415262.127236,93.0,50913.0
1719415262.3123791,33.0,50913.0
1719415262.4768865,100.0,50913.0
1719415262.7214592,98.0,50913.0
1719415262.9799404,100.0,50913.0
1719415263.2434237,100.0,50913.0
1719415263.4714904,38.0,50913.0
1719415263.6762626,77.0,50913.0
1719415263.85096,100.0,50913.0
1719415264.0471103,92.0,50913.0
1719415264.2045057,100.0,50913.0
1719415264.360804,100.0,50913.0
1719415264.5146103,100.0,50913.0
1719415264.667706,98.0,50913.0
1719415264.8420224,98.0,50913.0
1719415265.0084817,34.0,50913.0
1719415265.1613662,100.0,50913.0
1719415265.3425508,99.0,50913.0
1719415265.5511825,100.0,50913.0
1719415265.7282434,100.0,50913.0
1719415265.9021513,100.0,50913.0
1719415266.0852067,34.0,50913.0
1719415266.2474627,34.0,50913.0
1719415266.4232898,100.0,50913.0
1719415266.616347,99.0,50913.0
1719415266.7854857,99.0,50913.0
1719415266.9594107,100.0,50913.0
1719415267.134816,100.0,50913.0
1719415267.3254223,80.0,50913.0
1719415267.4990258,39.0,50913.0
1719415267.7640765,100.0,50913.0
1719415267.9759064,100.0,50913.0
1719415268.2201586,100.0,50913.0
1719415268.4840279,100.0,50913.0
1719415268.6857314,47.0,50913.0
1719415268.8843453,47.0,50913.0
1719415269.078166,100.0,50913.0
1719415269.2403984,99.0,50913.0
1719415269.407056,99.0,50913.0
1719415269.5678306,100.0,50913.0
1719415269.722819,100.0,50913.0
1719415269.881327,100.0,50913.0
1719415270.0443556,27.0,50913.0
1719415270.2126865,27.0,50913.0
1719415270.372003,100.0,50913.0
1719415270.5693715,99.0,50913.0
1719415270.7695074,100.0,50913.0
1719415270.9684498,100.0,50913.0
1719415271.1448226,100.0,50913.0
1719415271.348605,52.0,50913.0
1719415271.5092843,70.0,50913.0
1719415271.7014132,70.0,50913.0
1719415271.8704536,100.0,50913.0
1719415272.073414,100.0,50913.0
1719415272.262378,100.0,50913.0
1719415272.4746985,92.0,50913.0
1719415272.6480694,18.0,50913.0
1719415272.834797,100.0,50913.0
1719415273.0961783,100.0,50913.0
1719415273.256489,99.0,50913.0
1719415273.4920578,100.0,50913.0
1719415273.7425568,100.0,50913.0
1719415273.9376028,96.0,50913.0
1719415274.1031156,100.0,50913.0
1719415274.276457,96.0,50913.0
1719415274.4487238,96.0,50913.0
1719415274.6013756,100.0,50913.0
1719415274.7524002,92.0,50913.0
1719415274.9063208,100.0,50913.0
1719415275.0592334,100.0,50913.0
1719415275.2133186,98.0,50913.0
1719415275.3643677,100.0,50913.0
1719415275.5206103,97.0,50913.0
1719415275.7082288,100.0,50913.0
1719415275.8910947,95.0,50913.0
1719415276.0655434,95.0,50913.0
1719415276.281118,97.0,50913.0
1719415276.4560912,97.0,50913.0
1719415276.6500113,100.0,50913.0
1719415276.818101,96.0,50913.0
1719415276.9996257,100.0,50913.0
1719415277.1753352,87.0,50913.0
1719415277.3512094,100.0,50913.0
1719415277.5318284,96.0,50913.0
1719415277.7241597,100.0,50913.0
1719415277.893623,52.0,50913.0
1719415278.0903683,65.0,50913.0
1719415278.2833152,65.0,50913.0
1719415278.5412042,99.0,50913.0
1719415278.7845504,100.0,50913.0
1719415279.0186033,100.0,50913.0
1719415279.2747447,100.0,50913.0
1719415279.4390137,10.0,50913.0
1719415279.622189,100.0,50913.0
1719415279.7986681,99.0,50913.0
1719415279.9707077,100.0,50913.0
1719415280.1259594,100.0,50913.0
1719415280.282668,100.0,50913.0
1719415280.4380896,100.0,50913.0
1719415280.5934646,62.0,50913.0
1719415280.7533462,67.0,50913.0
1719415280.904085,67.0,50913.0
1719415281.0640502,100.0,50913.0
1719415281.2384374,99.0,50913.0
1719415281.4301941,100.0,50913.0
1719415281.6416135,100.0,50913.0
1719415281.830878,100.0,50913.0
1719415282.0346801,3.0,50913.0
1719415282.2231238,94.0,50913.0
1719415282.3969789,94.0,50913.0
1719415282.5749998,100.0,50913.0
1719415282.7669501,100.0,50913.0
1719415282.9689631,100.0,50913.0
1719415283.140337,73.0,50913.0
1719415283.3325822,39.0,50913.0
1719415283.5906794,100.0,50913.0
1719415283.7873135,99.0,50913.0
1719415284.0351784,100.0,50913.0
1719415284.3141148,100.0,50913.0
1719415284.4902039,100.0,50913.0
1719415284.6797254,31.0,50913.0
1719415284.8567727,60.0,50913.0
1719415285.0112286,60.0,50913.0
1719415285.1652553,100.0,50913.0
1719415285.3182595,99.0,50913.0
1719415285.4710317,100.0,50913.0
1719415285.6228693,100.0,50913.0
1719415285.773539,100.0,50913.0
1719415285.9302957,100.0,50913.0
1719415286.0877032,36.0,50913.0
1719415286.278384,100.0,50913.0
1719415286.45205,99.0,50913.0
1719415286.6478708,100.0,50913.0
1719415286.8215215,100.0,50913.0
1719415287.0256617,100.0,50913.0
1719415287.197716,41.0,50913.0
1719415287.3836787,41.0,50913.0
1719415287.5439456,64.0,50913.0
1719415287.7129617,100.0,50913.0
1719415287.900043,99.0,50913.0
1719415288.0769558,100.0,50913.0
1719415288.253815,100.0,50913.0
1719415288.44809,5.0,50913.0
1719415288.8096995,60.0,50913.0
1719415289.074785,96.0,50913.0
1719415289.3275297,100.0,50913.0
1719415289.533088,100.0,50913.0
1719415289.7185078,100.0,50913.0
1719415289.9082546,100.0,50913.0
1719415290.0701616,23.0,50913.0
1719415290.2272565,100.0,50913.0
1719415290.3830373,100.0,50913.0
1719415290.5439966,99.0,50913.0
1719415290.69506,100.0,50913.0
1719415290.8484528,100.0,50913.0
1719415291.0001688,100.0,50913.0
1719415291.1905162,100.0,50913.0
1719415291.3765266,94.0,50913.0
1719415291.5843663,100.0,50913.0
1719415291.7659922,96.0,50913.0
1719415292.0099342,100.0,50913.0
1719415292.1843297,100.0,50913.0
1719415292.3584428,100.0,50913.0
1719415292.5256364,96.0,50913.0
1719415292.7210743,100.0,50913.0
1719415292.8953664,89.0,50913.0
1719415293.0745904,100.0,50913.0
1719415293.248089,97.0,50913.0
1719415293.4900382,100.0,50913.0
1719415293.7290902,97.0,50913.0
1719415294.009193,97.0,50913.0
1719415294.2589648,100.0,50913.0
1719415294.4601789,100.0,50913.0
1719415294.6270719,96.0,50913.0
1719415294.8002677,96.0,50913.0
1719415294.9736712,96.0,50913.0
1719415295.1318493,100.0,50913.0
1719415295.2861466,48.0,50913.0
1719415295.4408236,82.0,50913.0
1719415295.597448,82.0,50913.0
1719415295.7562325,100.0,50913.0
1719415295.911304,99.0,50913.0
1719415296.0675995,100.0,50913.0
1719415296.2561893,100.0,50913.0
1719415296.4541855,85.0,50913.0
1719415296.6619418,85.0,50913.0
1719415296.8636389,24.0,50913.0
1719415297.053354,99.0,50913.0
1719415297.2541673,100.0,50913.0
1719415297.427335,100.0,50913.0
1719415297.604714,100.0,50913.0
1719415297.8247232,100.0,50913.0
1719415298.043929,45.0,50913.0
1719415298.2208972,50.0,50913.0
1719415298.4364996,99.0,50913.0
1719415298.6828754,100.0,50913.0
1719415298.8676465,100.0,50913.0
1719415299.1164412,100.0,50913.0
1719415299.3451204,20.0,50913.0
1719415299.543544,66.0,50913.0
1719415299.7257102,100.0,50913.0
1719415299.9202783,90.0,50913.0
1719415300.076198,100.0,50913.0
1719415300.2295697,100.0,50913.0
1719415300.3832757,100.0,50913.0
1719415300.5366602,100.0,50913.0
1719415300.7029545,100.0,50913.0
1719415300.8572164,39.0,50913.0
1719415301.0500493,99.0,50913.0
1719415301.2573366,100.0,50913.0
1719415301.4469483,100.0,50913.0
1719415301.6310406,100.0,50913.0
1719415301.8188198,100.0,50913.0
1719415302.025652,41.0,50913.0
1719415302.2106974,68.0,50913.0
1719415302.3899744,100.0,50913.0
1719415302.5549974,99.0,50913.0
1719415302.725205,100.0,50913.0
1719415302.9103944,100.0,50913.0
1719415303.113677,99.0,50913.0
1719415303.337394,24.0,50913.0
1719415303.5180533,100.0,50913.0
1719415303.7734587,99.0,50913.0
1719415303.950165,100.0,50913.0
1719415304.1878695,100.0,50913.0
1719415304.452728,45.0,50913.0
1719415304.6670134,45.0,50913.0
1719415304.8548794,62.0,50913.0
1719415305.091352,98.0,50913.0
1719415305.2463622,98.0,50913.0
1719415305.3970442,100.0,50913.0
1719415305.5498784,100.0,50913.0
1719415305.701255,100.0,50913.0
1719415305.85319,100.0,50913.0
1719415306.0186355,17.0,50913.0
1719415306.171704,100.0,50913.0
1719415306.3465953,92.0,50913.0
1719415306.536607,92.0,50913.0
1719415306.7161014,100.0,50913.0
1719415306.8994415,100.0,50913.0
1719415307.0907094,65.0,50913.0
1719415307.3183393,48.0,50913.0
1719415307.4991097,100.0,50913.0
1719415307.661318,100.0,50913.0
1719415307.8288395,99.0,50913.0
1719415308.0419152,100.0,50913.0
1719415308.2363799,100.0,50913.0
1719415308.4048796,100.0,50913.0
1719415308.5645885,96.0,50913.0
1719415308.8150024,100.0,50913.0
1719415309.0506642,97.0,50913.0
1719415309.313688,97.0,50913.0
1719415309.5911696,100.0,50913.0
1719415309.7857172,96.0,50913.0
1719415309.9665267,100.0,50913.0
1719415310.1482236,85.0,50913.0
1719415310.3027651,85.0,50913.0
1719415310.460131,100.0,50913.0
1719415310.6137707,97.0,50913.0
1719415310.7663696,100.0,50913.0
1719415310.9194412,100.0,50913.0
1719415311.0743504,96.0,50913.0
1719415311.226825,100.0,50913.0
1719415311.418036,97.0,50913.0
1719415311.6118305,100.0,50913.0
1719415311.786477,96.0,50913.0
1719415311.9572027,100.0,50913.0
1719415312.150349,94.0,50913.0
1719415312.3772867,100.0,50913.0
1719415312.5743153,100.0,50913.0
1719415312.7287128,98.0,50913.0
1719415312.9051943,98.0,50913.0
1719415313.0740983,99.0,50913.0
1719415313.230149,100.0,50913.0
1719415313.4393327,100.0,50913.0
1719415313.6196349,100.0,50913.0
1719415313.7833908,70.0,50913.0
1719415314.0358093,10.0,50913.0
1719415314.256984,92.0,50913.0
1719415314.510998,100.0,50913.0
1719415314.7163234,100.0,50913.0
1719415314.917637,100.0,50913.0
1719415315.100356,100.0,50913.0
1719415315.2990432,66.0,50913.0
1719415315.469041,61.0,50913.0
1719415315.6284158,100.0,50913.0
1719415315.787393,100.0,50913.0
1719415315.9589972,100.0,50913.0
1719415316.113562,100.0,50913.0
1719415316.2676027,100.0,50913.0
1719415316.4239447,100.0,50913.0
1719415316.5981572,39.0,50913.0
1719415316.786536,100.0,50913.0
1719415316.9918776,99.0,50913.0
1719415317.1620913,100.0,50913.0
1719415317.343288,100.0,50913.0
1719415317.5314243,100.0,50913.0
1719415317.6945999,100.0,50913.0
1719415317.8655357,40.0,50913.0
1719415318.0305383,40.0,50913.0
1719415318.2220497,100.0,50913.0
1719415318.4209018,99.0,50913.0
1719415318.6257315,100.0,50913.0
1719415318.8117282,100.0,50913.0
1719415318.9828277,78.0,50913.0
1719415319.2374196,15.0,50913.0
1719415319.4576533,100.0,50913.0
1719415319.7143316,100.0,50913.0
1719415319.9734302,100.0,50913.0
1719415320.1635437,100.0,50913.0
1719415320.354624,100.0,50913.0
1719415320.5282488,53.0,50913.0
1719415320.6892848,64.0,50913.0
1719415320.8435156,64.0,50913.0
1719415320.9974828,99.0,50913.0
1719415321.1535163,99.0,50913.0
1719415321.308563,100.0,50913.0
1719415321.4661477,100.0,50913.0
1719415321.6203823,97.0,50913.0
1719415321.7745452,97.0,50913.0
1719415322.0038276,37.0,50913.0
1719415322.2076278,99.0,50913.0
1719415322.4014168,100.0,50913.0
1719415322.597701,100.0,50913.0
1719415322.8211002,100.0,50913.0
1719415323.0276165,39.0,50913.0
1719415323.2143784,39.0,50913.0
1719415323.3894954,67.0,50913.0
1719415323.6150675,100.0,50913.0
1719415323.8099449,100.0,50913.0
1719415323.9860716,100.0,50913.0
1719415324.1729212,100.0,50913.0
1719415324.364899,1.0,50913.0
1719415324.658157,71.0,50913.0
1719415324.8869112,100.0,50913.0
1719415325.093455,93.0,50913.0
1719415325.3620927,100.0,50913.0
1719415325.519953,100.0,50913.0
1719415325.705149,100.0,50913.0
1719415325.8918223,95.0,50913.0
1719415326.0552492,96.0,50913.0
1719415326.2089772,96.0,50913.0
1719415326.360769,96.0,50913.0
1719415326.5113022,100.0,50913.0
1719415326.6656723,98.0,50913.0
1719415326.8169901,98.0,50913.0
1719415326.9764745,100.0,50913.0
1719415327.156842,98.0,50913.0
1719415327.352613,99.0,50913.0
1719415327.5387866,96.0,50913.0
1719415327.715381,98.0,50913.0
1719415327.9039648,98.0,50913.0
1719415328.067485,98.0,50913.0
1719415328.2434993,96.0,50913.0
1719415328.4023478,90.0,50913.0
1719415328.569054,100.0,50913.0
1719415328.771432,97.0,50913.0
1719415328.9626236,100.0,50913.0
1719415329.140388,95.0,50913.0
1719415329.301041,100.0,50913.0
1719415329.5514078,97.0,50913.0
1719415329.7738068,0.0,50913.0
1719415330.0308032,72.0,50913.0
1719415330.2094283,100.0,50913.0
1719415330.4333704,100.0,50913.0
1719415330.6565964,98.0,50913.0
1719415330.87648,100.0,50913.0
1719415331.0372677,100.0,50913.0
1719415331.1959915,96.0,50913.0
1719415331.3603964,26.0,50913.0
1719415331.511266,100.0,50913.0
1719415331.6637802,100.0,50913.0
1719415331.8174484,99.0,50913.0
1719415331.9693024,100.0,50913.0
1719415332.1705806,100.0,50913.0
1719415332.3806565,100.0,50913.0
1719415332.5527158,43.0,50913.0
1719415332.7497149,66.0,50913.0
1719415332.9367347,100.0,50913.0
1719415333.1164563,99.0,50913.0
