timestamp,gpu_util,gpu_mem
1719344888.7011566,0.0,4.0
1719344888.8337958,0.0,4.0
1719344888.968937,0.0,4.0
1719344889.1044657,0.0,21.0
1719344889.2477622,1.0,617.0
1719344889.3854358,6.0,633.0
1719344889.5159442,6.0,633.0
1719344889.6460812,0.0,633.0
1719344889.7771583,0.0,633.0
1719344889.9138708,0.0,633.0
1719344890.0773048,0.0,633.0
1719344890.212069,0.0,633.0
1719344890.3467152,0.0,965.0
1719344890.5569706,9.0,965.0
1719344890.6916585,0.0,965.0
1719344890.8232038,0.0,965.0
1719344890.9560788,0.0,965.0
1719344891.086284,0.0,965.0
1719344891.2173123,0.0,965.0
1719344891.3486567,0.0,965.0
1719344891.4784963,0.0,965.0
1719344891.6107812,0.0,965.0
1719344891.7411654,0.0,965.0
1719344891.875008,0.0,965.0
1719344892.0090604,0.0,965.0
1719344892.1429396,0.0,965.0
1719344892.2726934,0.0,965.0
1719344892.4028413,0.0,965.0
1719344892.5337985,0.0,965.0
1719344892.6634626,0.0,965.0
1719344892.7926724,0.0,965.0
1719344892.923621,0.0,965.0
1719344893.0565445,0.0,965.0
1719344893.1927884,0.0,965.0
1719344893.3588428,0.0,965.0
1719344893.4923196,0.0,965.0
1719344893.6278577,0.0,965.0
1719344893.7632794,0.0,965.0
1719344893.8980935,0.0,965.0
1719344894.0332105,0.0,965.0
1719344894.1672156,0.0,965.0
1719344894.301394,0.0,965.0
1719344894.4333224,0.0,965.0
1719344894.5668137,0.0,965.0
1719344894.697688,0.0,965.0
1719344894.8283932,0.0,965.0
1719344894.958525,0.0,965.0
1719344895.088403,0.0,965.0
1719344895.2212145,0.0,965.0
1719344895.3554041,0.0,965.0
1719344895.4909189,0.0,965.0
1719344895.6260319,0.0,965.0
1719344895.7616465,0.0,965.0
1719344895.8961213,0.0,965.0
1719344896.0283475,0.0,965.0
1719344896.1631787,0.0,965.0
1719344896.2971437,0.0,965.0
1719344896.431934,0.0,965.0
1719344896.566273,0.0,965.0
1719344896.703967,0.0,965.0
1719344896.8417025,0.0,965.0
1719344896.9834447,0.0,965.0
1719344897.1250107,0.0,965.0
1719344897.2671995,0.0,965.0
1719344897.4070501,0.0,965.0
1719344897.5419145,0.0,965.0
1719344897.677964,0.0,965.0
1719344897.8123026,0.0,965.0
1719344897.947366,0.0,965.0
1719344898.0840526,0.0,965.0
1719344898.2181513,0.0,965.0
1719344898.354684,0.0,965.0
1719344898.4886434,0.0,965.0
1719344898.6246924,0.0,965.0
1719344898.7592185,0.0,965.0
1719344898.8932772,0.0,965.0
1719344899.0279844,0.0,965.0
1719344899.1627464,0.0,965.0
1719344899.2967489,0.0,965.0
1719344899.4303524,0.0,965.0
1719344899.5644546,0.0,965.0
1719344899.6986778,0.0,965.0
1719344899.8353975,0.0,965.0
1719344899.9706535,0.0,965.0
1719344900.1056378,0.0,965.0
1719344900.243084,0.0,965.0
1719344900.377038,0.0,965.0
1719344900.5119157,0.0,965.0
1719344900.64708,0.0,965.0
1719344900.7811542,0.0,965.0
1719344900.915995,0.0,965.0
1719344901.0507867,0.0,965.0
1719344901.1862023,0.0,965.0
1719344901.3201265,0.0,965.0
1719344901.4540465,0.0,965.0
1719344901.588387,0.0,965.0
1719344901.7223725,0.0,965.0
1719344901.8581839,0.0,965.0
1719344901.9926715,0.0,965.0
1719344902.1271915,0.0,965.0
1719344902.2621846,0.0,965.0
1719344902.397733,0.0,965.0
1719344902.5316257,0.0,965.0
1719344902.6673465,0.0,965.0
1719344902.8034978,0.0,965.0
1719344902.9372237,0.0,965.0
1719344903.072764,0.0,965.0
1719344903.2101948,0.0,965.0
1719344903.3446772,0.0,965.0
1719344903.4803069,0.0,965.0
1719344903.6153805,0.0,965.0
1719344903.7507322,0.0,965.0
1719344903.8867402,0.0,965.0
1719344904.021613,0.0,965.0
1719344904.1588445,0.0,965.0
1719344904.295406,0.0,965.0
1719344904.4306567,0.0,965.0
1719344904.566509,0.0,965.0
1719344904.7025855,0.0,965.0
1719344904.839593,0.0,965.0
1719344904.9752932,0.0,965.0
1719344905.1103077,0.0,965.0
1719344905.2455838,0.0,965.0
1719344905.380674,0.0,965.0
1719344905.515481,0.0,965.0
1719344905.65129,0.0,965.0
1719344905.7851145,0.0,965.0
1719344905.92068,0.0,965.0
1719344906.055763,0.0,965.0
1719344906.190632,0.0,965.0
1719344906.327512,0.0,965.0
1719344906.4630098,0.0,965.0
1719344906.599125,0.0,965.0
1719344906.7351205,0.0,965.0
1719344906.8703048,0.0,965.0
1719344907.007307,0.0,965.0
1719344907.1449826,0.0,965.0
1719344907.280112,0.0,965.0
1719344907.4167264,0.0,965.0
1719344907.550548,0.0,965.0
1719344907.6850288,0.0,965.0
1719344907.8180606,0.0,965.0
1719344907.9518566,0.0,965.0
1719344908.0843446,0.0,965.0
1719344908.2169356,0.0,965.0
1719344908.3493795,0.0,965.0
1719344908.483644,0.0,965.0
1719344908.616588,0.0,965.0
1719344908.7509577,0.0,965.0
1719344908.8835747,0.0,965.0
1719344909.0169837,0.0,965.0
1719344909.149627,0.0,965.0
1719344909.282777,0.0,965.0
1719344909.4153848,0.0,965.0
1719344909.5486948,0.0,965.0
1719344909.6815386,0.0,965.0
1719344909.8158886,0.0,965.0
1719344909.9507902,0.0,965.0
1719344910.085534,0.0,965.0
1719344910.2218063,0.0,965.0
1719344910.3570952,0.0,965.0
1719344910.494246,0.0,965.0
1719344910.6299007,0.0,965.0
1719344910.7646224,0.0,965.0
1719344910.8999503,0.0,965.0
1719344911.0344439,0.0,965.0
1719344911.169078,0.0,965.0
1719344911.3057554,0.0,965.0
1719344911.439869,0.0,965.0
1719344911.5760906,0.0,965.0
1719344911.712797,0.0,965.0
1719344911.8466587,0.0,965.0
1719344911.9822147,0.0,965.0
1719344912.1174772,0.0,965.0
1719344912.252792,0.0,965.0
1719344912.389314,0.0,965.0
1719344912.5245154,0.0,965.0
1719344912.6609066,0.0,965.0
1719344912.7972581,0.0,965.0
1719344912.9328797,0.0,965.0
1719344913.0688922,0.0,965.0
1719344913.2051547,0.0,965.0
1719344913.344471,0.0,965.0
1719344913.4808085,0.0,965.0
1719344913.6175275,0.0,965.0
1719344913.7553627,0.0,965.0
1719344913.8908508,0.0,965.0
1719344914.0264242,0.0,965.0
1719344914.1631472,0.0,965.0
1719344914.2996547,0.0,965.0
1719344914.4361565,0.0,965.0
1719344914.5713613,0.0,965.0
1719344914.7070332,0.0,965.0
1719344914.843266,0.0,965.0
1719344914.9785707,0.0,965.0
1719344915.1143003,0.0,965.0
1719344915.2497272,0.0,965.0
1719344915.385882,0.0,965.0
1719344915.5222933,0.0,965.0
1719344915.6572766,0.0,965.0
1719344915.7933016,0.0,965.0
1719344915.9271045,0.0,965.0
1719344916.0617304,0.0,965.0
1719344916.1968052,0.0,965.0
1719344916.3300145,0.0,965.0
1719344916.4632847,0.0,965.0
1719344916.596906,0.0,965.0
1719344916.731965,0.0,965.0
1719344916.8645785,0.0,965.0
1719344916.998272,0.0,965.0
1719344917.1315176,0.0,965.0
1719344917.2669284,0.0,965.0
1719344917.398471,0.0,965.0
1719344917.5315766,0.0,965.0
1719344917.6634421,0.0,965.0
1719344917.796043,0.0,965.0
1719344917.9281,0.0,965.0
1719344918.0631835,0.0,965.0
1719344918.1984556,0.0,965.0
1719344918.333546,0.0,965.0
1719344918.48036,0.0,965.0
1719344918.6580384,0.0,965.0
1719344918.8204355,0.0,965.0
1719344918.9825485,0.0,965.0
1719344919.1329412,0.0,965.0
1719344919.3119073,0.0,965.0
1719344919.4599545,0.0,965.0
1719344919.6168122,0.0,965.0
1719344919.7578332,0.0,965.0
1719344919.9133196,0.0,965.0
1719344920.081343,0.0,965.0
1719344920.2417245,0.0,965.0
1719344920.3958273,0.0,965.0
1719344920.5511293,0.0,965.0
1719344920.7639263,0.0,965.0
1719344920.9454923,0.0,965.0
1719344921.1367257,0.0,965.0
1719344921.2793736,0.0,965.0
1719344921.4950047,0.0,965.0
1719344921.6498706,0.0,965.0
1719344921.8200288,0.0,965.0
1719344921.9721246,0.0,965.0
1719344922.10737,0.0,965.0
1719344922.2433715,0.0,965.0
1719344922.379224,0.0,2569.0
1719344922.5153182,0.0,4179.0
1719344922.6532147,1.0,7827.0
1719344922.791101,73.0,30521.0
1719344922.9326746,73.0,30521.0
1719344923.1166224,86.0,32835.0
1719344923.3194165,49.0,49741.0
1719344923.4761224,83.0,49741.0
1719344923.6421194,100.0,49743.0
1719344923.836414,83.0,49745.0
1719344923.9919634,92.0,49759.0
1719344924.1629603,9.0,49759.0
1719344924.3133323,9.0,49759.0
1719344924.4726756,0.0,49759.0
1719344924.6441932,0.0,49759.0
1719344924.8238559,0.0,49759.0
1719344924.9896266,0.0,49759.0
1719344925.2266915,0.0,49759.0
1719344925.4251113,0.0,49759.0
1719344925.6586857,0.0,49759.0
1719344925.8470764,0.0,49759.0
1719344926.0193534,0.0,49759.0
1719344926.1669958,0.0,49759.0
1719344926.3370967,0.0,49759.0
1719344926.5107918,0.0,49759.0
1719344926.6566834,0.0,49759.0
1719344926.8026264,0.0,49759.0
1719344926.9484634,0.0,49759.0
1719344927.09563,67.0,49759.0
1719344927.2436194,100.0,49759.0
1719344927.3911455,100.0,49759.0
1719344927.5659966,94.0,49759.0
1719344927.7448857,100.0,49759.0
1719344927.9030504,100.0,49759.0
1719344928.073537,100.0,49759.0
1719344928.253497,14.0,49759.0
1719344928.4027572,0.0,49759.0
1719344928.5711403,0.0,49759.0
1719344928.736484,0.0,49759.0
1719344928.8975832,0.0,49759.0
1719344929.0559523,0.0,49759.0
1719344929.223111,0.0,49759.0
1719344929.3791027,0.0,49759.0
1719344929.5949304,0.0,49759.0
1719344929.8190515,0.0,49759.0
1719344930.024335,0.0,49759.0
1719344930.2197692,0.0,49759.0
1719344930.4158401,0.0,49759.0
1719344930.5784016,0.0,49759.0
1719344930.7448466,0.0,49759.0
1719344930.9050992,0.0,49759.0
1719344931.049615,0.0,49759.0
1719344931.1936786,0.0,49759.0
1719344931.3381348,4.0,49759.0
1719344931.487278,100.0,49759.0
1719344931.6328075,100.0,49759.0
1719344931.7821739,99.0,49759.0
1719344931.965593,100.0,49759.0
1719344932.1337693,100.0,49759.0
1719344932.2907705,100.0,49759.0
1719344932.4653487,77.0,49759.0
1719344932.6385572,0.0,49759.0
1719344932.7944129,0.0,49759.0
1719344932.9645174,0.0,49759.0
1719344933.1252599,0.0,49759.0
1719344933.2825243,0.0,49759.0
1719344933.46183,0.0,49759.0
1719344933.637444,0.0,49759.0
1719344933.7968416,0.0,49759.0
1719344934.0107648,0.0,49759.0
1719344934.2301714,0.0,49759.0
1719344934.4480002,0.0,49759.0
1719344934.615452,0.0,49759.0
1719344934.823143,0.0,49759.0
1719344934.9701805,0.0,49759.0
1719344935.1639228,0.0,49759.0
1719344935.3297884,0.0,49759.0
1719344935.4748268,0.0,49759.0
1719344935.6200943,0.0,49759.0
1719344935.764572,0.0,49759.0
1719344935.9150517,72.0,49759.0
1719344936.0655487,100.0,49759.0
1719344936.2175848,100.0,49759.0
1719344936.3961399,98.0,49759.0
1719344936.5842197,100.0,49759.0
1719344936.76486,100.0,49759.0
1719344936.9432917,5.0,49759.0
1719344937.1735969,5.0,49759.0
1719344937.3503344,0.0,49759.0
1719344937.5123289,0.0,49759.0
1719344937.6739259,0.0,49759.0
1719344937.843449,0.0,49759.0
1719344938.013294,0.0,49759.0
1719344938.175685,0.0,49759.0
1719344938.374996,0.0,49759.0
1719344938.5955727,0.0,49759.0
1719344938.7828465,0.0,49759.0
1719344938.9943829,0.0,49759.0
1719344939.214492,0.0,49759.0
1719344939.3943825,0.0,49759.0
1719344939.5905995,0.0,49759.0
1719344939.7535486,0.0,49759.0
1719344939.9015317,0.0,49759.0
1719344940.0475538,0.0,49759.0
1719344940.1936975,0.0,49759.0
1719344940.3418455,91.0,49759.0
1719344940.4853642,91.0,49759.0
1719344940.6334097,100.0,49759.0
1719344940.8226278,100.0,49759.0
1719344940.9886818,100.0,49759.0
1719344941.153208,100.0,49759.0
1719344941.3290749,88.0,49759.0
1719344941.520575,0.0,49759.0
1719344941.6708384,0.0,49759.0
1719344941.8342786,0.0,49759.0
1719344941.9941118,0.0,49759.0
1719344942.1808484,0.0,49759.0
1719344942.3550377,0.0,49759.0
1719344942.526081,0.0,49759.0
1719344942.6848705,0.0,49759.0
1719344942.9256127,0.0,49759.0
1719344943.1115422,0.0,49759.0
1719344943.3202732,0.0,49759.0
1719344943.5313854,0.0,49759.0
1719344943.7261522,0.0,49759.0
1719344943.8935406,0.0,49759.0
1719344944.0759525,0.0,49759.0
1719344944.224876,0.0,49759.0
1719344944.3712783,0.0,49759.0
1719344944.517362,0.0,49759.0
1719344944.6658301,96.0,49759.0
1719344944.8149736,96.0,49759.0
1719344944.9598398,100.0,49759.0
1719344945.1540258,99.0,49759.0
1719344945.3343925,100.0,49759.0
1719344945.4973419,100.0,49759.0
1719344945.6797245,83.0,49759.0
1719344945.870082,83.0,49759.0
1719344946.0558417,0.0,49759.0
1719344946.227606,0.0,49759.0
1719344946.3841481,0.0,49759.0
1719344946.5732574,0.0,49759.0
1719344946.7306826,0.0,49759.0
1719344946.899549,0.0,49759.0
1719344947.0551574,0.0,49759.0
1719344947.259404,0.0,49759.0
1719344947.450933,0.0,49759.0
1719344947.6554976,0.0,49759.0
1719344947.8244293,0.0,49759.0
1719344948.026478,0.0,49759.0
1719344948.1936827,0.0,49759.0
1719344948.3665648,0.0,49759.0
1719344948.5255716,0.0,49759.0
1719344948.6804516,0.0,49759.0
1719344948.8258982,0.0,49759.0
1719344948.9708667,47.0,49759.0
1719344949.11815,47.0,49759.0
1719344949.267843,100.0,49759.0
1719344949.415296,99.0,49759.0
1719344949.5819013,100.0,49759.0
1719344949.753672,100.0,49759.0
1719344949.9263854,100.0,49759.0
1719344950.105038,100.0,49759.0
1719344950.3003159,0.0,49759.0
1719344950.4808624,0.0,49759.0
1719344950.642803,0.0,49759.0
1719344950.8081586,0.0,49759.0
1719344950.9930444,0.0,49759.0
1719344951.1604388,0.0,49759.0
1719344951.341508,0.0,49759.0
1719344951.5053642,0.0,49759.0
1719344951.7505474,0.0,49759.0
1719344951.9438474,0.0,49759.0
1719344952.159151,0.0,49759.0
1719344952.3725178,0.0,49759.0
1719344952.5430894,0.0,49759.0
1719344952.7162547,0.0,49759.0
1719344952.8908424,0.0,49759.0
1719344953.0414386,0.0,49759.0
1719344953.1889598,0.0,49759.0
1719344953.3336468,0.0,49759.0
1719344953.4790678,0.0,49759.0
1719344953.626696,99.0,49759.0
1719344953.7715166,99.0,49759.0
1719344953.9437733,100.0,49759.0
1719344954.117553,100.0,49759.0
1719344954.2969732,100.0,49759.0
1719344954.4728487,81.0,49759.0
1719344954.6491826,0.0,49759.0
1719344954.869856,0.0,49759.0
1719344955.0248423,0.0,49759.0
1719344955.1956859,0.0,49759.0
1719344955.35943,0.0,49759.0
1719344955.5213091,0.0,49759.0
1719344955.6811817,0.0,49759.0
1719344955.8456767,0.0,49759.0
1719344956.0221477,0.0,49759.0
1719344956.255166,0.0,49759.0
1719344956.4795642,0.0,49759.0
1719344956.6972888,0.0,49759.0
1719344956.8708482,0.0,49759.0
1719344957.0771196,0.0,49759.0
1719344957.2238588,0.0,49759.0
1719344957.398441,0.0,49759.0
1719344957.5611765,0.0,49759.0
1719344957.7125306,0.0,49759.0
1719344957.8590364,0.0,49759.0
1719344958.0068316,24.0,49759.0
1719344958.1528628,100.0,49759.0
1719344958.2987375,100.0,49759.0
1719344958.4446657,99.0,49759.0
1719344958.6073442,100.0,49759.0
1719344958.7751365,100.0,49759.0
1719344958.9545984,100.0,49759.0
1719344959.128783,59.0,49759.0
1719344959.312939,0.0,49759.0
1719344959.4906654,0.0,49759.0
1719344959.6607554,0.0,49759.0
1719344959.8268483,0.0,49759.0
1719344959.981617,0.0,49759.0
1719344960.162182,0.0,49759.0
1719344960.3293624,0.0,49759.0
1719344960.5178127,0.0,49759.0
1719344960.6771998,0.0,49759.0
1719344960.9266672,0.0,49759.0
1719344961.1386087,0.0,49759.0
1719344961.3341541,0.0,49759.0
1719344961.5633252,0.0,49759.0
1719344961.7178252,0.0,49759.0
1719344961.8926923,0.0,49759.0
1719344962.093257,0.0,49759.0
1719344962.2379844,0.0,49759.0
1719344962.3833098,0.0,49759.0
1719344962.5304618,0.0,49759.0
1719344962.6804452,76.0,49759.0
1719344962.826619,100.0,49759.0
1719344962.9760008,95.0,49759.0
1719344963.1500552,95.0,49759.0
1719344963.3372777,100.0,49759.0
1719344963.5046756,100.0,49759.0
1719344963.6876872,100.0,49759.0
1719344963.8840458,93.0,49759.0
1719344964.041739,100.0,49759.0
1719344964.2209115,6.0,49759.0
1719344964.3780904,6.0,49759.0
1719344964.553561,0.0,49759.0
1719344964.7240252,0.0,49759.0
1719344964.9180312,0.0,49759.0
1719344965.163475,0.0,49759.0
1719344965.3834672,0.0,49759.0
1719344965.5675182,0.0,49759.0
1719344965.7288308,0.0,49759.0
1719344965.942444,0.0,49759.0
1719344966.0980616,0.0,49759.0
1719344966.279891,0.0,49759.0
1719344966.4460285,0.0,49759.0
1719344966.593057,0.0,49759.0
1719344966.7439997,0.0,49759.0
1719344966.890396,17.0,49759.0
1719344967.0428133,100.0,49759.0
1719344967.1910744,100.0,49759.0
1719344967.3766909,99.0,49759.0
1719344967.5803182,100.0,49759.0
1719344967.73928,100.0,49759.0
1719344967.9162502,100.0,49759.0
1719344968.0803232,64.0,49759.0
1719344968.26946,0.0,49759.0
1719344968.4260309,0.0,49759.0
1719344968.591439,0.0,49759.0
1719344968.7539372,0.0,49759.0
1719344968.9173996,0.0,49759.0
1719344969.0884438,0.0,49759.0
1719344969.2578282,0.0,49759.0
1719344969.422147,0.0,49759.0
1719344969.6555753,0.0,49759.0
1719344969.8715317,0.0,49759.0
1719344970.0905266,0.0,49759.0
1719344970.244308,0.0,49759.0
1719344970.458667,0.0,49759.0
1719344970.6156788,0.0,49759.0
1719344970.7926364,0.0,49759.0
1719344970.9732206,0.0,49759.0
1719344971.1197152,0.0,49759.0
1719344971.2685194,0.0,49759.0
1719344971.414625,0.0,49759.0
1719344971.5616758,70.0,49759.0
1719344971.7046206,100.0,49759.0
1719344971.8631341,99.0,49759.0
1719344972.0535378,99.0,49759.0
1719344972.2234578,100.0,49759.0
1719344972.3991055,100.0,49759.0
1719344972.5695045,7.0,49759.0
1719344972.7589824,7.0,49759.0
1719344972.9127216,0.0,49759.0
1719344973.0939362,0.0,49759.0
1719344973.251938,0.0,49759.0
1719344973.4133885,0.0,49759.0
1719344973.5851722,0.0,49759.0
1719344973.7692354,0.0,49759.0
1719344973.9493802,0.0,49759.0
1719344974.1189642,0.0,49759.0
1719344974.3366272,0.0,49759.0
1719344974.5196607,0.0,49759.0
1719344974.7307825,0.0,49759.0
1719344974.943224,0.0,49759.0
1719344975.1140366,0.0,49759.0
1719344975.2681618,0.0,49759.0
1719344975.4349117,0.0,49759.0
1719344975.591241,0.0,49759.0
1719344975.7415683,0.0,49759.0
1719344975.8883054,0.0,49759.0
1719344976.036296,100.0,49759.0
1719344976.1825376,100.0,49759.0
1719344976.3277442,99.0,49759.0
1719344976.5099308,100.0,49759.0
1719344976.700812,100.0,49759.0
1719344976.8660629,100.0,49759.0
1719344977.0301604,72.0,49759.0
1719344977.2126403,72.0,49759.0
1719344977.3664312,0.0,49759.0
1719344977.5451803,0.0,49759.0
1719344977.6986527,0.0,49759.0
1719344977.8626049,0.0,49759.0
1719344978.0287974,0.0,49759.0
1719344978.200625,0.0,49759.0
1719344978.3714101,0.0,49759.0
1719344978.525637,0.0,49759.0
1719344978.7636523,0.0,49759.0
1719344978.9614356,0.0,49759.0
1719344979.2106657,0.0,49759.0
1719344979.4294634,0.0,49759.0
1719344979.6164584,0.0,49759.0
1719344979.7762356,0.0,49759.0
1719344979.9523783,0.0,49759.0
1719344980.1068099,0.0,49759.0
1719344980.2569592,0.0,49759.0
1719344980.4029672,0.0,49759.0
1719344980.5517614,65.0,49759.0
1719344980.696959,65.0,49759.0
1719344980.8421724,99.0,49759.0
1719344981.0154939,99.0,49759.0
1719344981.1914122,100.0,49759.0
1719344981.3613358,100.0,49759.0
1719344981.5303452,100.0,49759.0
1719344981.7070498,10.0,49759.0
1719344981.912014,10.0,49759.0
1719344982.0746164,0.0,49759.0
1719344982.2296004,0.0,49759.0
1719344982.3840356,0.0,49759.0
1719344982.558315,0.0,49759.0
1719344982.7162132,0.0,49759.0
1719344982.8937666,0.0,49759.0
1719344983.053916,0.0,49759.0
1719344983.2829003,0.0,49759.0
1719344983.494626,0.0,49759.0
1719344983.7002199,0.0,49759.0
1719344983.883986,0.0,49759.0
1719344984.0830948,0.0,49759.0
1719344984.2345483,0.0,49759.0
1719344984.4018483,0.0,49759.0
1719344984.5709462,0.0,49759.0
1719344984.7220635,0.0,49759.0
1719344984.8689234,0.0,49759.0
1719344985.014859,16.0,49759.0
1719344985.161366,100.0,49759.0
1719344985.304944,100.0,49759.0
1719344985.4851625,98.0,49759.0
1719344985.6786804,100.0,49759.0
1719344985.864253,100.0,49759.0
1719344986.037131,100.0,49759.0
1719344986.2088413,67.0,49759.0
1719344986.3696876,0.0,49759.0
1719344986.527838,0.0,49759.0
1719344986.6846068,0.0,49759.0
1719344986.8427908,0.0,49759.0
1719344987.0029259,0.0,49759.0
1719344987.1791966,0.0,49759.0
1719344987.3996205,0.0,49759.0
1719344987.6045206,0.0,49759.0
1719344987.8381617,0.0,49759.0
1719344988.025684,0.0,49759.0
1719344988.2017605,0.0,49759.0
1719344988.4218068,0.0,49759.0
1719344988.5753415,0.0,49759.0
1719344988.7535312,0.0,49759.0
1719344988.9419708,0.0,49759.0
1719344989.088298,0.0,49759.0
1719344989.2336948,0.0,49759.0
1719344989.37991,19.0,49759.0
1719344989.5276537,19.0,49759.0
1719344989.671992,100.0,49759.0
1719344989.814996,99.0,49759.0
1719344989.9875162,100.0,49759.0
1719344990.1539562,100.0,49759.0
1719344990.3274865,100.0,49759.0
1719344990.502898,63.0,49759.0
1719344990.695504,0.0,49759.0
1719344990.8612342,0.0,49759.0
1719344991.0312138,0.0,49759.0
1719344991.181414,0.0,49759.0
1719344991.351399,0.0,49759.0
1719344991.5157318,0.0,49759.0
1719344991.69714,0.0,49759.0
1719344991.8728611,0.0,49759.0
1719344992.0364408,0.0,49759.0
1719344992.2518904,0.0,49759.0
1719344992.435691,0.0,49759.0
1719344992.6394477,0.0,49759.0
1719344992.859999,0.0,49759.0
1719344993.0234656,0.0,49759.0
1719344993.1915438,0.0,49759.0
1719344993.3700063,0.0,49759.0
1719344993.525555,0.0,49759.0
1719344993.6787229,0.0,49759.0
1719344993.830156,0.0,49759.0
1719344993.981964,75.0,49759.0
1719344994.1404548,75.0,49759.0
1719344994.3176596,99.0,49759.0
1719344994.514668,100.0,49759.0
1719344994.6849074,100.0,49759.0
1719344994.8637094,100.0,49759.0
1719344995.0352368,100.0,49759.0
1719344995.219288,2.0,49759.0
1719344995.3732018,0.0,49759.0
1719344995.5360491,0.0,49759.0
1719344995.6964076,0.0,49759.0
1719344995.8539817,0.0,49759.0
1719344996.0315294,0.0,49759.0
1719344996.2078142,0.0,49759.0
1719344996.3544798,0.0,49759.0
1719344996.53674,0.0,49759.0
1719344996.6936955,0.0,49759.0
1719344996.9321234,0.0,49759.0
1719344997.1106493,0.0,49759.0
1719344997.3292325,0.0,49759.0
1719344997.5636852,0.0,49759.0
1719344997.7486026,0.0,49759.0
1719344997.92945,0.0,49759.0
1719344998.0956767,0.0,49759.0
1719344998.2655072,0.0,49759.0
1719344998.41196,0.0,49759.0
1719344998.5568445,0.0,49759.0
1719344998.7032282,31.0,49759.0
1719344998.8503892,100.0,49759.0
1719344999.0021677,99.0,49759.0
1719344999.188497,99.0,49759.0
1719344999.350188,100.0,49759.0
1719344999.54102,100.0,49759.0
1719344999.7113802,53.0,49759.0
1719344999.9039528,53.0,49759.0
1719345000.0583708,0.0,49759.0
1719345000.2204359,0.0,49759.0
1719345000.3700752,0.0,49759.0
1719345000.5249476,0.0,49759.0
1719345000.6909223,0.0,49759.0
1719345000.8644626,0.0,49759.0
1719345001.0346522,0.0,49759.0
1719345001.1909308,0.0,49759.0
1719345001.435632,0.0,49759.0
1719345001.589467,0.0,49759.0
1719345001.8165908,0.0,49759.0
1719345002.033392,0.0,49759.0
1719345002.2248228,0.0,49759.0
1719345002.3941784,0.0,49759.0
1719345002.565704,0.0,49759.0
1719345002.7207215,0.0,49759.0
1719345002.8684266,0.0,49759.0
1719345003.013665,0.0,49759.0
1719345003.158601,24.0,49759.0
1719345003.3076556,100.0,49759.0
1719345003.4518192,99.0,49759.0
1719345003.617439,100.0,49759.0
1719345003.8065584,100.0,49759.0
1719345003.980341,100.0,49759.0
1719345004.1473148,59.0,49759.0
1719345004.3337567,59.0,49759.0
1719345004.493033,0.0,49759.0
1719345004.663733,0.0,49759.0
1719345004.8230221,0.0,49759.0
1719345004.9798672,0.0,49759.0
1719345005.1482599,0.0,49759.0
1719345005.3223958,0.0,49759.0
1719345005.4847455,0.0,49759.0
1719345005.6464348,0.0,49759.0
1719345005.8683865,0.0,49759.0
1719345006.0521557,0.0,49759.0
1719345006.2690597,0.0,49759.0
1719345006.5082471,0.0,49759.0
1719345006.6736095,0.0,49759.0
1719345006.8480747,0.0,49759.0
1719345007.0612109,0.0,49759.0
1719345007.2069254,0.0,49759.0
1719345007.3516688,0.0,49759.0
1719345007.4992237,10.0,49759.0
1719345007.646522,10.0,49759.0
1719345007.7922146,99.0,49759.0
1719345007.9548252,99.0,49759.0
1719345008.128057,100.0,49759.0
1719345008.3233478,100.0,49759.0
1719345008.4830472,100.0,49759.0
1719345008.662025,89.0,49759.0
1719345008.8366284,100.0,49759.0
1719345009.0057878,100.0,49759.0
1719345009.1643183,77.0,49759.0
1719345009.3282855,0.0,49759.0
1719345009.4999352,0.0,49759.0
1719345009.6708593,0.0,49759.0
1719345009.827809,0.0,49759.0
1719345010.004199,0.0,49759.0
1719345010.156047,0.0,49759.0
1719345010.3754559,0.0,49759.0
1719345010.5667093,0.0,49759.0
1719345010.7909453,0.0,49759.0
1719345010.980248,0.0,49759.0
1719345011.1520536,0.0,49759.0
1719345011.3222072,0.0,49759.0
1719345011.5010595,0.0,49759.0
1719345011.6730516,0.0,49759.0
1719345011.824156,0.0,49759.0
1719345011.970682,0.0,49759.0
1719345012.1166694,52.0,49759.0
1719345012.2620902,100.0,49759.0
1719345012.410162,100.0,49759.0
1719345012.5590792,99.0,49759.0
1719345012.745609,100.0,49759.0
1719345012.9287753,100.0,49759.0
1719345013.1068773,100.0,49759.0
1719345013.2736719,22.0,49759.0
1719345013.4529943,22.0,49759.0
1719345013.6034584,0.0,49759.0
1719345013.762935,0.0,49759.0
1719345013.9397728,0.0,49759.0
1719345014.0929568,0.0,49759.0
1719345014.2620745,0.0,49759.0
1719345014.4470139,0.0,49759.0
1719345014.6092305,0.0,49759.0
1719345014.843455,0.0,49759.0
1719345015.060221,0.0,49759.0
1719345015.275481,0.0,49759.0
1719345015.5065546,0.0,49759.0
1719345015.6817513,0.0,49759.0
1719345015.8310134,0.0,49759.0
1719345015.998949,0.0,49759.0
1719345016.1696804,0.0,49759.0
1719345016.317717,0.0,49759.0
1719345016.4685986,0.0,49759.0
1719345016.6142292,0.0,49759.0
1719345016.7611034,42.0,49759.0
1719345016.9106705,100.0,49759.0
1719345017.056533,99.0,49759.0
1719345017.2419512,99.0,49759.0
1719345017.4113662,100.0,49759.0
1719345017.5969455,100.0,49759.0
1719345017.7850454,100.0,49759.0
1719345017.9556468,40.0,49759.0
1719345018.109274,0.0,49759.0
1719345018.2842379,0.0,49759.0
1719345018.4398658,0.0,49759.0
1719345018.6026745,0.0,49759.0
1719345018.7725956,0.0,49759.0
1719345018.937534,0.0,49759.0
1719345019.111477,0.0,49759.0
1719345019.2893803,0.0,49759.0
1719345019.5310037,0.0,49759.0
1719345019.7512527,0.0,49759.0
1719345019.9691494,0.0,49759.0
1719345020.1517262,0.0,49759.0
1719345020.348725,0.0,49759.0
1719345020.4997604,0.0,49759.0
1719345020.673578,0.0,49759.0
1719345020.8320682,0.0,49759.0
1719345020.9810581,0.0,49759.0
1719345021.1284525,0.0,49759.0
1719345021.2748103,55.0,49759.0
1719345021.4262366,55.0,49759.0
1719345021.5766363,100.0,49759.0
1719345021.7305756,96.0,49759.0
1719345021.9019701,100.0,49759.0
1719345022.0774348,100.0,49759.0
1719345022.2734067,100.0,49759.0
1719345022.4435122,100.0,49759.0
1719345022.6238246,22.0,49759.0
1719345022.7750323,0.0,49759.0
1719345022.9599473,0.0,49759.0
1719345023.1132538,0.0,49759.0
1719345023.281331,0.0,49759.0
1719345023.4444828,0.0,49759.0
1719345023.6180892,0.0,49759.0
1719345023.7859573,0.0,49759.0
1719345023.951452,0.0,49759.0
1719345024.171759,0.0,49759.0
1719345024.34638,0.0,49759.0
1719345024.5547647,0.0,49759.0
1719345024.74801,0.0,49759.0
1719345024.9296167,0.0,49759.0
1719345025.103722,0.0,49759.0
1719345025.2796078,0.0,49759.0
1719345025.4519496,0.0,49759.0
1719345025.5986795,0.0,49759.0
1719345025.7462218,0.0,49759.0
1719345025.8923888,0.0,49759.0
1719345026.038531,54.0,49759.0
1719345026.1846924,100.0,49759.0
1719345026.3338516,99.0,49759.0
1719345026.5101871,100.0,49759.0
1719345026.7055347,100.0,49759.0
1719345026.9046183,100.0,49759.0
1719345027.0724335,19.0,49759.0
1719345027.263522,19.0,49759.0
1719345027.4141765,0.0,49759.0
1719345027.589141,0.0,49759.0
1719345027.7435293,0.0,49759.0
1719345027.9045477,0.0,49759.0
1719345028.0774634,0.0,49759.0
1719345028.2534568,0.0,49759.0
1719345028.423581,0.0,49759.0
1719345028.635782,0.0,49759.0
1719345028.8574042,0.0,49759.0
1719345029.0874617,0.0,49759.0
1719345029.2609198,0.0,49759.0
1719345029.4689274,0.0,49759.0
1719345029.6236856,0.0,49759.0
1719345029.802706,0.0,49759.0
1719345029.977692,0.0,49759.0
1719345030.1231542,0.0,49759.0
1719345030.270551,0.0,49759.0
1719345030.4162931,48.0,49759.0
1719345030.5614593,48.0,49759.0
1719345030.7162373,100.0,49759.0
1719345030.8632638,99.0,49759.0
1719345031.0407186,100.0,49759.0
1719345031.213107,100.0,49759.0
1719345031.4039793,100.0,49759.0
1719345031.5701745,24.0,49759.0
1719345031.7571304,0.0,49759.0
1719345031.9169555,0.0,49759.0
1719345032.0795639,0.0,49759.0
1719345032.2484663,0.0,49759.0
1719345032.409092,0.0,49759.0
1719345032.5675979,0.0,49759.0
1719345032.7456515,0.0,49759.0
1719345032.909937,0.0,49759.0
1719345033.1443133,0.0,49759.0
1719345033.359327,0.0,49759.0
1719345033.572648,0.0,49759.0
1719345033.7593255,0.0,49759.0
1719345033.94254,0.0,49759.0
1719345034.0931365,0.0,49759.0
1719345034.261049,0.0,49759.0
1719345034.4373324,0.0,49759.0
1719345034.5825634,0.0,49759.0
1719345034.7290606,0.0,49759.0
1719345034.8758433,0.0,49759.0
1719345035.0254464,0.0,49759.0
1719345035.1715028,100.0,49759.0
1719345035.3469074,99.0,49759.0
1719345035.5401778,100.0,49759.0
1719345035.7196345,100.0,49759.0
1719345035.9009671,100.0,49759.0
1719345036.0709844,92.0,49759.0
1719345036.2655969,0.0,49759.0
1719345036.4203649,0.0,49759.0
1719345036.5995286,0.0,49759.0
1719345036.7489624,0.0,49759.0
1719345036.907093,0.0,49759.0
1719345037.0949287,0.0,49759.0
1719345037.2602804,0.0,49759.0
1719345037.437244,0.0,49759.0
1719345037.6684048,0.0,49759.0
1719345037.8795958,0.0,49759.0
1719345038.0963888,0.0,49759.0
1719345038.2887702,0.0,49759.0
1719345038.495457,0.0,49759.0
1719345038.6666725,0.0,49759.0
1719345038.858363,0.0,49759.0
1719345039.0354762,0.0,49759.0
1719345039.1851351,0.0,49759.0
1719345039.3295856,0.0,49759.0
1719345039.476083,52.0,49759.0
1719345039.6220515,52.0,49759.0
1719345039.7696478,100.0,49759.0
1719345039.9321413,99.0,49759.0
1719345040.1131976,100.0,49759.0
1719345040.2829826,100.0,49759.0
1719345040.4568198,100.0,49759.0
1719345040.6201243,21.0,49759.0
1719345040.821064,0.0,49759.0
1719345040.9770038,0.0,49759.0
1719345041.1379986,0.0,49759.0
1719345041.3085852,0.0,49759.0
1719345041.498823,0.0,49759.0
1719345041.672503,0.0,49759.0
1719345041.8463273,0.0,49759.0
1719345042.0069363,0.0,49759.0
1719345042.2231033,0.0,49759.0
1719345042.4239101,0.0,49759.0
1719345042.627448,0.0,49759.0
1719345042.8153086,0.0,49759.0
1719345043.0017073,0.0,49759.0
1719345043.174527,0.0,49759.0
1719345043.340207,0.0,49759.0
1719345043.5073404,0.0,49759.0
1719345043.6535096,0.0,49759.0
1719345043.8003993,0.0,49759.0
1719345043.9471052,0.0,49759.0
1719345044.095499,76.0,49759.0
1719345044.2400842,100.0,49759.0
1719345044.3933182,99.0,49759.0
1719345044.5783691,100.0,49759.0
1719345044.7866814,100.0,49759.0
1719345044.9526246,100.0,49759.0
1719345045.1335385,99.0,49759.0
1719345045.3212097,0.0,49759.0
1719345045.4757292,0.0,49759.0
1719345045.6317585,0.0,49759.0
1719345045.778795,0.0,49759.0
1719345045.946874,0.0,49759.0
1719345046.1146343,0.0,49759.0
1719345046.292442,0.0,49759.0
1719345046.4589925,0.0,49759.0
1719345046.6524746,0.0,49759.0
1719345046.8725586,0.0,49759.0
1719345047.0626411,0.0,49759.0
1719345047.280442,0.0,49759.0
1719345047.4955347,0.0,49759.0
1719345047.6619456,0.0,49759.0
1719345047.854157,0.0,49759.0
1719345048.0356514,0.0,49759.0
1719345048.181214,0.0,49759.0
1719345048.3255618,0.0,49759.0
1719345048.473661,64.0,49759.0
1719345048.6243157,64.0,49759.0
1719345048.8194013,100.0,49759.0
1719345049.0048013,100.0,49759.0
1719345049.1863408,100.0,49759.0
1719345049.37818,100.0,49759.0
1719345049.5785563,100.0,49759.0
1719345049.751962,12.0,49759.0
1719345049.8995125,0.0,49759.0
1719345050.083251,0.0,49759.0
1719345050.2369063,0.0,49759.0
1719345050.4124258,0.0,49759.0
1719345050.575985,0.0,49759.0
1719345050.739559,0.0,49759.0
1719345050.9100199,0.0,49759.0
1719345051.0659876,0.0,49759.0
1719345051.297621,0.0,49759.0
1719345051.4759874,0.0,49759.0
1719345051.686537,0.0,49759.0
1719345051.8994374,0.0,49759.0
1719345052.0965,0.0,49759.0
1719345052.2650173,0.0,49759.0
1719345052.432113,0.0,49759.0
1719345052.582613,0.0,49759.0
1719345052.7281206,0.0,49759.0
1719345052.8741422,6.0,49759.0
1719345053.018884,6.0,49759.0
1719345053.1660979,100.0,49759.0
1719345053.312539,100.0,49759.0
1719345053.4602277,100.0,49759.0
1719345053.6379325,99.0,49759.0
1719345053.8015804,100.0,49759.0
1719345053.979531,100.0,49759.0
1719345054.143664,96.0,49759.0
1719345054.331822,100.0,49759.0
1719345054.4921467,74.0,49759.0
1719345054.6638482,0.0,49759.0
1719345054.823343,0.0,49759.0
1719345054.9995902,0.0,49759.0
1719345055.1678243,0.0,49759.0
1719345055.3351674,0.0,49759.0
1719345055.5037642,0.0,49759.0
1719345055.7156563,0.0,49759.0
1719345055.9264908,0.0,49759.0
1719345056.0830228,0.0,49759.0
1719345056.2681482,0.0,49759.0
1719345056.4758906,0.0,49759.0
1719345056.6460361,0.0,49759.0
1719345056.8392289,0.0,49759.0
1719345057.009084,0.0,49759.0
1719345057.1566393,0.0,49759.0
1719345057.3037586,0.0,49759.0
1719345057.449601,1.0,49759.0
1719345057.5973172,100.0,49759.0
1719345057.7413728,100.0,49759.0
1719345057.8913977,100.0,49759.0
1719345058.0718884,100.0,49759.0
1719345058.2631323,100.0,49759.0
1719345058.4516137,100.0,49759.0
1719345058.6165297,79.0,49759.0
1719345058.7911685,0.0,49759.0
1719345058.9534779,0.0,49759.0
1719345059.1118636,0.0,49759.0
1719345059.2805467,0.0,49759.0
1719345059.4331698,0.0,49759.0
1719345059.6026995,0.0,49759.0
1719345059.779211,0.0,49759.0
1719345059.939602,0.0,49759.0
1719345060.1608264,0.0,49759.0
1719345060.3803444,0.0,49759.0
1719345060.608006,0.0,49759.0
1719345060.7918968,0.0,49759.0
1719345060.9745076,0.0,49759.0
1719345061.1355507,0.0,49759.0
1719345061.3316014,0.0,49759.0
1719345061.4927723,0.0,49759.0
1719345061.6388943,0.0,49759.0
1719345061.7845073,0.0,49759.0
1719345061.929697,76.0,49759.0
1719345062.0767994,76.0,49759.0
1719345062.2216828,100.0,49759.0
1719345062.368403,99.0,49759.0
1719345062.5409737,100.0,49759.0
1719345062.7347867,100.0,49759.0
1719345062.9143012,97.0,49759.0
1719345063.0839455,97.0,49759.0
1719345063.319097,4.0,49759.0
1719345063.4743807,0.0,49759.0
1719345063.6373103,0.0,49759.0
1719345063.7872155,0.0,49759.0
1719345063.9551396,0.0,49759.0
1719345064.1234977,0.0,49759.0
1719345064.2878323,0.0,49759.0
1719345064.452144,0.0,49759.0
1719345064.6061823,0.0,49759.0
1719345064.8369036,0.0,49759.0
1719345065.0533233,0.0,49759.0
1719345065.2964022,0.0,49759.0
1719345065.488307,0.0,49759.0
1719345065.669273,0.0,49759.0
1719345065.8398774,0.0,49759.0
1719345066.0148852,0.0,49759.0
1719345066.1769445,0.0,49759.0
1719345066.3248916,0.0,49759.0
1719345066.4719517,0.0,49759.0
1719345066.618648,72.0,49759.0
1719345066.7639937,72.0,49759.0
1719345066.928988,100.0,49759.0
1719345067.1046073,99.0,49759.0
1719345067.2864952,100.0,49759.0
1719345067.4659672,100.0,49759.0
1719345067.634319,100.0,49759.0
1719345067.8016539,4.0,49759.0
1719345067.9515686,0.0,49759.0
1719345068.1271486,0.0,49759.0
1719345068.2965462,0.0,49759.0
1719345068.4646397,0.0,49759.0
1719345068.6522655,0.0,49759.0
1719345068.8172204,0.0,49759.0
1719345068.969818,0.0,49759.0
1719345069.204207,0.0,49759.0
1719345069.4009633,0.0,49759.0
1719345069.6347432,0.0,49759.0
1719345069.8239021,0.0,49759.0
1719345070.0020447,0.0,49759.0
1719345070.1650622,0.0,49759.0
1719345070.332809,0.0,49759.0
1719345070.4902823,0.0,49759.0
1719345070.6382434,0.0,49759.0
1719345070.786546,0.0,49759.0
1719345070.9354115,0.0,49759.0
1719345071.084068,76.0,49759.0
1719345071.230534,76.0,49759.0
1719345071.3793852,95.0,49759.0
1719345071.562977,100.0,49759.0
1719345071.7299554,100.0,49759.0
1719345071.9087996,100.0,49759.0
1719345072.0774405,100.0,49759.0
1719345072.2612512,4.0,49759.0
1719345072.4238236,0.0,49759.0
1719345072.5991342,0.0,49759.0
1719345072.7522821,0.0,49759.0
1719345072.9158392,0.0,49759.0
1719345073.0899475,0.0,49759.0
1719345073.2602234,0.0,49759.0
1719345073.4258611,0.0,49759.0
1719345073.5804446,0.0,49759.0
1719345073.796507,0.0,49759.0
1719345073.9911594,0.0,49759.0
1719345074.1964428,0.0,49759.0
1719345074.3824942,0.0,49759.0
1719345074.5775766,0.0,49759.0
1719345074.7419462,0.0,49759.0
1719345074.909008,0.0,49759.0
1719345075.076216,0.0,49759.0
1719345075.2237945,0.0,49759.0
1719345075.370565,0.0,49759.0
1719345075.5225372,0.0,49759.0
1719345075.6740973,99.0,49759.0
1719345075.8238738,99.0,49759.0
1719345075.9841745,94.0,49759.0
1719345076.1693656,100.0,49759.0
1719345076.3349884,100.0,49759.0
1719345076.5104601,100.0,49759.0
1719345076.6864533,86.0,49759.0
1719345076.8513968,0.0,49759.0
1719345077.0056002,0.0,49759.0
1719345077.180736,0.0,49759.0
1719345077.3326273,0.0,49759.0
1719345077.5072293,0.0,49759.0
1719345077.6699855,0.0,49759.0
1719345077.8519328,0.0,49759.0
1719345078.0211937,0.0,49759.0
1719345078.1798515,0.0,49759.0
1719345078.3954847,0.0,49759.0
1719345078.55264,0.0,49759.0
1719345078.7626061,0.0,49759.0
1719345078.99613,0.0,49759.0
1719345079.1857414,0.0,49759.0
1719345079.3446026,0.0,49759.0
1719345079.5184195,0.0,49759.0
1719345079.682944,0.0,49759.0
1719345079.830609,0.0,49759.0
1719345079.977675,0.0,49759.0
1719345080.1236138,35.0,49759.0
1719345080.2721374,100.0,49759.0
1719345080.4163764,100.0,49759.0
1719345080.5646305,99.0,49759.0
1719345080.7521973,100.0,49759.0
1719345080.9265497,100.0,49759.0
1719345081.1033785,100.0,49759.0
1719345081.274727,49.0,49759.0
1719345081.4882164,0.0,49759.0
1719345081.6524904,0.0,49759.0
1719345081.8220756,0.0,49759.0
1719345081.986082,0.0,49759.0
1719345082.1859612,0.0,49759.0
1719345082.3609655,0.0,49759.0
1719345082.5287018,0.0,49759.0
1719345082.688192,0.0,49759.0
1719345082.9077322,0.0,49759.0
1719345083.0835392,0.0,49759.0
1719345083.300162,0.0,49759.0
1719345083.488801,0.0,49759.0
1719345083.667987,0.0,49759.0
1719345083.8297458,0.0,49759.0
1719345084.012833,0.0,49759.0
1719345084.1787646,0.0,49759.0
1719345084.3252645,0.0,49759.0
1719345084.471944,0.0,49759.0
1719345084.6185117,0.0,49759.0
1719345084.7668521,80.0,49759.0
1719345084.9140775,80.0,49759.0
1719345085.0644548,99.0,49759.0
1719345085.234849,100.0,49759.0
1719345085.408256,100.0,49759.0
1719345085.5759988,100.0,49759.0
1719345085.7481487,98.0,49759.0
1719345085.9450061,0.0,49759.0
1719345086.1017134,0.0,49759.0
1719345086.2629638,0.0,49759.0
1719345086.4137914,0.0,49759.0
1719345086.5838525,0.0,49759.0
1719345086.7506683,0.0,49759.0
1719345086.9359126,0.0,49759.0
1719345087.1066685,0.0,49759.0
1719345087.2715762,0.0,49759.0
1719345087.4878187,0.0,49759.0
1719345087.6566882,0.0,49759.0
1719345087.8793964,0.0,49759.0
1719345088.0712993,0.0,49759.0
1719345088.2450979,0.0,49759.0
1719345088.4114225,0.0,49759.0
1719345088.589848,0.0,49759.0
1719345088.7457526,0.0,49759.0
1719345088.8916826,0.0,49759.0
1719345089.0372825,0.0,49759.0
1719345089.1831346,10.0,49759.0
1719345089.330549,10.0,49759.0
1719345089.4744306,100.0,49759.0
1719345089.6642632,98.0,49759.0
1719345089.8430927,100.0,49759.0
1719345090.0313475,100.0,49759.0
1719345090.2144973,100.0,49759.0
1719345090.3820722,74.0,49759.0
1719345090.5610714,0.0,49759.0
1719345090.7233942,0.0,49759.0
1719345090.8809576,0.0,49759.0
1719345091.044707,0.0,49759.0
1719345091.225246,0.0,49759.0
1719345091.4570353,0.0,49759.0
1719345091.6928263,0.0,49759.0
1719345091.9265695,0.0,49759.0
1719345092.1285582,0.0,49759.0
1719345092.3257337,0.0,49759.0
1719345092.5435164,0.0,49759.0
1719345092.7128901,0.0,49759.0
1719345092.8919783,0.0,49759.0
1719345093.0514703,0.0,49759.0
1719345093.201233,0.0,49759.0
1719345093.3463206,0.0,49759.0
1719345093.4898021,0.0,49759.0
1719345093.6406176,86.0,49759.0
1719345093.7842042,100.0,49759.0
1719345093.9347372,100.0,49759.0
1719345094.1135204,99.0,49759.0
1719345094.28807,100.0,49759.0
1719345094.461143,100.0,49759.0
1719345094.6288404,92.0,49759.0
1719345094.816983,0.0,49759.0
1719345094.9755147,0.0,49759.0
1719345095.1474588,0.0,49759.0
1719345095.3017046,0.0,49759.0
1719345095.4624283,0.0,49759.0
1719345095.6355233,0.0,49759.0
1719345095.8057032,0.0,49759.0
1719345095.9775796,0.0,49759.0
1719345096.169198,0.0,49759.0
1719345096.3970335,0.0,49759.0
1719345096.5715144,0.0,49759.0
1719345096.774954,0.0,49759.0
1719345096.9915912,0.0,49759.0
1719345097.1620243,0.0,49759.0
1719345097.3299334,0.0,49759.0
1719345097.4942431,0.0,49759.0
1719345097.6426914,0.0,49759.0
1719345097.791131,0.0,49759.0
1719345097.9373171,0.0,49759.0
1719345098.0868428,21.0,49759.0
1719345098.23333,100.0,49759.0
1719345098.381957,99.0,49759.0
1719345098.5603406,100.0,49759.0
1719345098.7487936,100.0,49759.0
1719345098.9282222,100.0,49759.0
1719345099.1137352,96.0,49759.0
1719345099.3027794,96.0,49759.0
1719345099.4587164,100.0,49759.0
1719345099.64976,58.0,49759.0
1719345099.8125038,0.0,49759.0
1719345099.9751263,0.0,49759.0
1719345100.1574726,0.0,49759.0
1719345100.3279283,0.0,49759.0
1719345100.5021772,0.0,49759.0
1719345100.714832,0.0,49759.0
1719345100.9190304,0.0,49759.0
1719345101.1221669,0.0,49759.0
1719345101.314478,0.0,49759.0
1719345101.518736,0.0,49759.0
1719345101.689258,0.0,49759.0
1719345101.8730364,0.0,49759.0
1719345102.0481446,0.0,49759.0
1719345102.1953619,0.0,49759.0
1719345102.3466713,0.0,49759.0
1719345102.4942577,0.0,49759.0
1719345102.6468675,98.0,49759.0
1719345102.7953918,98.0,49759.0
1719345102.9497874,100.0,49759.0
1719345103.1175325,100.0,49759.0
1719345103.2869985,100.0,49759.0
1719345103.4627385,100.0,49759.0
1719345103.6282246,82.0,49759.0
1719345103.8100164,0.0,49759.0
1719345103.9634187,0.0,49759.0
1719345104.1252964,0.0,49759.0
1719345104.278791,0.0,49759.0
1719345104.4368203,0.0,49759.0
1719345104.618102,0.0,49759.0
1719345104.7873585,0.0,49759.0
1719345104.9654756,0.0,49759.0
1719345105.1554515,0.0,49759.0
1719345105.3956723,0.0,49759.0
1719345105.612215,0.0,49759.0
1719345105.8069618,0.0,49759.0
1719345106.0111027,0.0,49759.0
1719345106.1867418,0.0,49759.0
1719345106.3397062,0.0,49759.0
1719345106.502821,0.0,49759.0
1719345106.663704,0.0,49759.0
1719345106.8100348,0.0,49759.0
1719345106.9568412,2.0,49759.0
1719345107.107366,2.0,49759.0
1719345107.2544508,100.0,49759.0
1719345107.4004564,100.0,49759.0
1719345107.553694,95.0,49759.0
1719345107.7335198,100.0,49759.0
1719345107.9266253,100.0,49759.0
1719345108.0941725,100.0,49759.0
1719345108.2674005,82.0,49759.0
1719345108.4629772,0.0,49759.0
1719345108.617699,0.0,49759.0
1719345108.7819953,0.0,49759.0
1719345108.9412606,0.0,49759.0
1719345109.1049244,0.0,49759.0
1719345109.2801623,0.0,49759.0
1719345109.4578507,0.0,49759.0
1719345109.6145005,0.0,49759.0
1719345109.8440292,0.0,49759.0
1719345110.0555284,0.0,49759.0
1719345110.260964,0.0,49759.0
1719345110.4205596,0.0,49759.0
1719345110.630175,0.0,49759.0
1719345110.7839775,0.0,49759.0
1719345110.9576378,0.0,49759.0
1719345111.131183,0.0,49759.0
1719345111.2792692,0.0,49759.0
1719345111.4283288,0.0,49759.0
1719345111.5785508,0.0,49759.0
1719345111.7243679,74.0,49759.0
1719345111.8703122,74.0,49759.0
1719345112.0165455,94.0,49759.0
1719345112.2115324,100.0,49759.0
1719345112.3932273,100.0,49759.0
1719345112.5636892,100.0,49759.0
1719345112.7496927,8.0,49759.0
1719345112.9651833,8.0,49759.0
1719345113.124237,0.0,49759.0
1719345113.293594,0.0,49759.0
1719345113.4547348,0.0,49759.0
1719345113.606231,0.0,49759.0
1719345113.7802155,0.0,49759.0
1719345113.9465556,0.0,49759.0
1719345114.1155736,0.0,49759.0
1719345114.2911935,0.0,49759.0
1719345114.5074856,0.0,49759.0
1719345114.6972306,0.0,49759.0
1719345114.9112654,0.0,49759.0
1719345115.1185849,0.0,49759.0
1719345115.3055727,0.0,49759.0
1719345115.4781804,0.0,49759.0
1719345115.64089,0.0,49759.0
1719345115.7872787,0.0,49759.0
1719345115.934033,0.0,49759.0
1719345116.0806675,10.0,49759.0
1719345116.2303176,100.0,49759.0
1719345116.3769343,100.0,49759.0
1719345116.5222826,99.0,49759.0
1719345116.7355695,100.0,49759.0
1719345116.9134216,100.0,49759.0
1719345117.0733433,100.0,49759.0
1719345117.2538416,72.0,49759.0
1719345117.4451668,72.0,49759.0
1719345117.6275256,0.0,49759.0
1719345117.8033953,0.0,49759.0
1719345117.9721327,0.0,49759.0
1719345118.1745114,0.0,49759.0
1719345118.3432772,0.0,49759.0
1719345118.5073984,0.0,49759.0
1719345118.660605,0.0,49759.0
1719345118.875245,0.0,49759.0
1719345119.0773897,0.0,49759.0
1719345119.3284392,0.0,49759.0
1719345119.54449,0.0,49759.0
1719345119.736061,0.0,49759.0
1719345119.8950322,0.0,49759.0
1719345120.070411,0.0,49759.0
1719345120.235413,0.0,49759.0
1719345120.3847737,0.0,49759.0
1719345120.5304985,10.0,49759.0
1719345120.6776104,100.0,49759.0
1719345120.821624,100.0,49759.0
1719345120.9670668,99.0,49759.0
1719345121.1411085,100.0,49759.0
1719345121.3336425,100.0,49759.0
1719345121.5284607,100.0,49759.0
1719345121.7101653,72.0,49759.0
1719345121.90166,0.0,49759.0
1719345122.0519102,0.0,49759.0
1719345122.209898,0.0,49759.0
1719345122.364377,0.0,49759.0
1719345122.5219991,0.0,49759.0
1719345122.6919167,0.0,49759.0
1719345122.87363,0.0,49759.0
1719345123.0512912,0.0,49759.0
1719345123.2671576,0.0,49759.0
1719345123.47218,0.0,49759.0
1719345123.6920493,0.0,49759.0
1719345123.8567686,0.0,49759.0
1719345124.0754602,0.0,49759.0
1719345124.2235353,0.0,49759.0
1719345124.4099443,0.0,49759.0
1719345124.5862026,0.0,49759.0
1719345124.7317958,0.0,49759.0
1719345124.8772454,0.0,49759.0
1719345125.0231147,0.0,49759.0
1719345125.1707463,86.0,49759.0
1719345125.315804,100.0,49759.0
1719345125.4613955,99.0,49759.0
1719345125.6324968,99.0,49759.0
1719345125.823149,100.0,49759.0
1719345125.995977,100.0,49759.0
1719345126.1729338,91.0,49759.0
1719345126.3562398,0.0,49759.0
1719345126.5093844,0.0,49759.0
1719345126.6962097,0.0,49759.0
1719345126.8623805,0.0,49759.0
1719345127.0276377,0.0,49759.0
1719345127.225025,0.0,49759.0
1719345127.4588993,0.0,49759.0
1719345127.6486611,0.0,49759.0
1719345127.8412054,0.0,49759.0
1719345128.0228295,0.0,49759.0
1719345128.1971304,0.0,49759.0
1719345128.4323137,0.0,49759.0
1719345128.593263,0.0,49759.0
1719345128.771332,0.0,49759.0
1719345128.9438655,0.0,49759.0
1719345129.0907545,0.0,49759.0
1719345129.2367404,0.0,49759.0
1719345129.3848977,42.0,49759.0
1719345129.5333824,100.0,49759.0
1719345129.6777875,100.0,49759.0
1719345129.8291757,99.0,49759.0
1719345130.0071173,100.0,49759.0
1719345130.1744146,100.0,49759.0
1719345130.3356977,100.0,49759.0
1719345130.5168166,39.0,49759.0
1719345130.7040422,0.0,49759.0
1719345130.864815,0.0,49759.0
1719345131.0249372,0.0,49759.0
1719345131.178158,0.0,49759.0
1719345131.3485935,0.0,49759.0
1719345131.5175033,0.0,49759.0
1719345131.7059314,0.0,49759.0
1719345131.8737154,0.0,49759.0
1719345132.1045954,0.0,49759.0
1719345132.3228905,0.0,49759.0
1719345132.5406458,0.0,49759.0
1719345132.7161858,0.0,49759.0
1719345132.9340336,0.0,49759.0
1719345133.100937,0.0,49759.0
1719345133.2706752,0.0,49759.0
1719345133.441826,0.0,49759.0
1719345133.5886421,0.0,49759.0
1719345133.735165,0.0,49759.0
1719345133.8807528,0.0,49759.0
1719345134.0277543,73.0,49759.0
1719345134.1721892,73.0,49759.0
1719345134.3165023,99.0,49759.0
1719345134.5018559,100.0,49759.0
1719345134.6770542,100.0,49759.0
1719345134.8634818,100.0,49759.0
1719345135.0519977,100.0,49759.0
1719345135.3248,5.0,49759.0
1719345135.4949963,0.0,49759.0
1719345135.6508827,0.0,49759.0
1719345135.8167558,0.0,49759.0
1719345135.9763796,0.0,49759.0
1719345136.1648488,0.0,49759.0
1719345136.3228567,0.0,49759.0
1719345136.492691,0.0,49759.0
1719345136.7116723,0.0,49759.0
1719345136.9084687,0.0,49759.0
1719345137.1237304,0.0,49759.0
1719345137.3443449,0.0,49759.0
1719345137.516215,0.0,49759.0
1719345137.6772153,0.0,49759.0
1719345137.8503325,0.0,49759.0
1719345137.9996195,0.0,49759.0
1719345138.1456916,0.0,49759.0
1719345138.2919612,0.0,49759.0
1719345138.4379103,74.0,49759.0
1719345138.5837057,74.0,49759.0
1719345138.7404873,100.0,49759.0
1719345138.9134357,100.0,49759.0
1719345139.0920386,100.0,49759.0
1719345139.2705877,100.0,49759.0
1719345139.4719856,100.0,49759.0
1719345139.6474407,3.0,49759.0
1719345139.7991385,0.0,49759.0
1719345139.9765635,0.0,49759.0
1719345140.130649,0.0,49759.0
1719345140.3044057,0.0,49759.0
1719345140.4656289,0.0,49759.0
1719345140.6491373,0.0,49759.0
1719345140.8327682,0.0,49759.0
1719345141.0117674,0.0,49759.0
1719345141.2394269,0.0,49759.0
1719345141.454534,0.0,49759.0
1719345141.6485784,0.0,49759.0
1719345141.8531961,0.0,49759.0
1719345142.0202808,0.0,49759.0
1719345142.196715,0.0,49759.0
1719345142.361411,0.0,49759.0
1719345142.510347,0.0,49759.0
1719345142.656433,0.0,49759.0
1719345142.8026233,0.0,49759.0
1719345142.9504774,21.0,49759.0
1719345143.097126,100.0,49759.0
1719345143.2437465,99.0,49759.0
1719345143.4203894,100.0,49759.0
1719345143.585098,100.0,49759.0
1719345143.7672508,100.0,49759.0
1719345143.9613965,95.0,49759.0
1719345144.1367037,95.0,49759.0
1719345144.2974696,100.0,49759.0
1719345144.4838343,60.0,49759.0
1719345144.637687,0.0,49759.0
1719345144.8033836,0.0,49759.0
1719345144.9663765,0.0,49759.0
1719345145.1348345,0.0,49759.0
1719345145.3094294,0.0,49759.0
1719345145.4948504,0.0,49759.0
1719345145.7196949,0.0,49759.0
1719345145.9181476,0.0,49759.0
1719345146.1346495,0.0,49759.0
1719345146.3402934,0.0,49759.0
1719345146.5121937,0.0,49759.0
1719345146.686818,0.0,49759.0
1719345146.8604577,0.0,49759.0
1719345147.0243,0.0,49759.0
1719345147.1736355,0.0,49759.0
1719345147.322796,8.0,49759.0
1719345147.4722455,100.0,49759.0
1719345147.6171744,100.0,49759.0
1719345147.78757,100.0,49759.0
1719345147.9731135,92.0,49759.0
1719345148.137629,100.0,49759.0
1719345148.3047655,100.0,49759.0
1719345148.4764848,80.0,49759.0
1719345148.6660764,0.0,49759.0
1719345148.8245955,0.0,49759.0
1719345149.0092483,0.0,49759.0
1719345149.16122,0.0,49759.0
1719345149.315698,0.0,49759.0
1719345149.489412,0.0,49759.0
1719345149.668445,0.0,49759.0
1719345149.8300765,0.0,49759.0
1719345150.066175,0.0,49759.0
1719345150.2793424,0.0,49759.0
1719345150.4682455,0.0,49759.0
1719345150.6437356,0.0,49759.0
1719345150.8600624,0.0,49759.0
1719345151.0157428,0.0,49759.0
1719345151.1898992,0.0,49759.0
1719345151.3568313,0.0,49759.0
1719345151.5025835,0.0,49759.0
1719345151.648542,0.0,49759.0
1719345151.7949736,0.0,49759.0
1719345151.9444847,66.0,49759.0
1719345152.0912151,66.0,49759.0
1719345152.2461658,99.0,49759.0
1719345152.4116614,100.0,49759.0
1719345152.5958543,100.0,49759.0
1719345152.7680435,100.0,49759.0
1719345152.9435945,100.0,49759.0
1719345153.129026,9.0,49759.0
1719345153.2821825,0.0,49759.0
1719345153.4549787,0.0,49759.0
1719345153.6255245,0.0,49759.0
1719345153.794835,0.0,49759.0
1719345153.954754,0.0,49759.0
1719345154.1356091,0.0,49759.0
1719345154.2935588,0.0,49759.0
1719345154.505364,0.0,49759.0
1719345154.724139,0.0,49759.0
1719345154.9282799,0.0,49759.0
1719345155.1201088,0.0,49759.0
1719345155.3139558,0.0,49759.0
1719345155.476889,0.0,49759.0
1719345155.6388736,0.0,49759.0
1719345155.8146842,0.0,49759.0
1719345155.9612162,0.0,49759.0
1719345156.1065707,0.0,49759.0
1719345156.2531753,0.0,49759.0
1719345156.401449,79.0,49759.0
1719345156.5462904,100.0,49759.0
1719345156.6969538,100.0,49759.0
1719345156.8657837,100.0,49759.0
1719345157.068914,100.0,49759.0
1719345157.2487152,94.0,49759.0
1719345157.430559,94.0,49759.0
1719345157.6538136,0.0,49759.0
1719345157.8068957,0.0,49759.0
1719345157.9737236,0.0,49759.0
1719345158.1263807,0.0,49759.0
1719345158.2893786,0.0,49759.0
1719345158.4574401,0.0,49759.0
1719345158.6323164,0.0,49759.0
1719345158.7997727,0.0,49759.0
1719345159.024235,0.0,49759.0
1719345159.234686,0.0,49759.0
1719345159.4505997,0.0,49759.0
1719345159.6400359,0.0,49759.0
1719345159.834532,0.0,49759.0
1719345159.98514,0.0,49759.0
1719345160.156913,0.0,49759.0
1719345160.3376865,0.0,49759.0
1719345160.482398,0.0,49759.0
1719345160.6277928,0.0,49759.0
1719345160.7757854,15.0,49759.0
1719345160.9231257,100.0,49759.0
1719345161.0677195,100.0,49759.0
1719345161.2182808,99.0,49759.0
1719345161.3887286,100.0,49759.0
1719345161.5567796,100.0,49759.0
1719345161.7434394,100.0,49759.0
1719345161.9120014,67.0,49759.0
1719345162.0944571,0.0,49759.0
1719345162.2789567,0.0,49759.0
1719345162.4536507,0.0,49759.0
1719345162.6278234,0.0,49759.0
1719345162.796073,0.0,49759.0
1719345162.9673512,0.0,49759.0
1719345163.1358628,0.0,49759.0
1719345163.2890394,0.0,49759.0
1719345163.524979,0.0,49759.0
1719345163.7300124,0.0,49759.0
1719345163.96316,0.0,49759.0
1719345164.1798205,0.0,49759.0
1719345164.3721964,0.0,49759.0
1719345164.529391,0.0,49759.0
1719345164.7015398,0.0,49759.0
1719345164.8711615,0.0,49759.0
1719345165.0166337,0.0,49759.0
1719345165.1618903,0.0,49759.0
1719345165.3071425,0.0,49759.0
1719345165.4535494,90.0,49759.0
1719345165.5962172,100.0,49759.0
1719345165.744832,100.0,49759.0
1719345165.9246414,100.0,49759.0
1719345166.1233082,100.0,49759.0
1719345166.3019993,88.0,49759.0
1719345166.4891362,0.0,49759.0
1719345166.6931875,0.0,49759.0
1719345166.8492103,0.0,49759.0
1719345167.0150423,0.0,49759.0
1719345167.1842022,0.0,49759.0
1719345167.3789437,0.0,49759.0
1719345167.5361598,0.0,49759.0
1719345167.7006402,0.0,49759.0
1719345167.8518174,0.0,49759.0
1719345168.066745,0.0,49759.0
1719345168.268168,0.0,49759.0
1719345168.4705374,0.0,49759.0
1719345168.659418,0.0,49759.0
1719345168.8426695,0.0,49759.0
1719345169.0031064,0.0,49759.0
1719345169.168899,0.0,49759.0
1719345169.3516283,0.0,49759.0
1719345169.4962964,0.0,49759.0
1719345169.6468308,0.0,49759.0
1719345169.8004227,29.0,49759.0
1719345169.9555109,100.0,49759.0
1719345170.112691,99.0,49759.0
1719345170.2624042,99.0,49759.0
1719345170.4382155,100.0,49759.0
1719345170.6047754,100.0,49759.0
1719345170.7896776,100.0,49759.0
1719345170.9585705,55.0,49759.0
1719345171.1561399,0.0,49759.0
1719345171.3209057,0.0,49759.0
1719345171.4860277,0.0,49759.0
1719345171.642535,0.0,49759.0
1719345171.8110368,0.0,49759.0
1719345171.9790077,0.0,49759.0
1719345172.1456277,0.0,49759.0
1719345172.324378,0.0,49759.0
1719345172.5403976,0.0,49759.0
1719345172.7547915,0.0,49759.0
1719345172.9705174,0.0,49759.0
1719345173.1386857,0.0,49759.0
1719345173.345063,0.0,49759.0
1719345173.4910114,0.0,49759.0
1719345173.6574283,0.0,49759.0
1719345173.8236198,0.0,49759.0
1719345173.9696684,0.0,49759.0
1719345174.1162431,0.0,49759.0
1719345174.261698,18.0,49759.0
1719345174.4087963,18.0,49759.0
1719345174.5532248,95.0,49759.0
1719345174.7052352,95.0,49759.0
1719345174.8714683,100.0,49759.0
1719345175.0417728,100.0,49759.0
1719345175.212761,100.0,49759.0
1719345175.3827536,67.0,49759.0
1719345175.579482,67.0,49759.0
1719345175.745149,0.0,49759.0
1719345175.9134266,0.0,49759.0
1719345176.0720308,0.0,49759.0
1719345176.2438688,0.0,49759.0
1719345176.3928852,0.0,49759.0
1719345176.6079273,0.0,49759.0
1719345176.824478,0.0,49759.0
1719345176.9936302,0.0,49759.0
1719345177.2235334,0.0,49759.0
1719345177.389272,0.0,49759.0
1719345177.5814178,0.0,49759.0
1719345177.7765543,0.0,49759.0
1719345177.937865,0.0,49759.0
1719345178.1099625,0.0,49759.0
1719345178.2775092,0.0,49759.0
1719345178.4248881,0.0,49759.0
1719345178.5699847,0.0,49759.0
1719345178.7152073,22.0,49759.0
1719345178.8613882,100.0,49759.0
1719345179.0060573,99.0,49759.0
1719345179.1536148,99.0,49759.0
1719345179.366958,100.0,49759.0
1719345179.5703177,100.0,49759.0
1719345179.7356813,100.0,49759.0
1719345179.910802,60.0,49759.0
1719345180.1058474,0.0,49759.0
1719345180.2864988,0.0,49759.0
1719345180.4401743,0.0,49759.0
1719345180.6009543,0.0,49759.0
1719345180.7757077,0.0,49759.0
1719345180.948358,0.0,49759.0
1719345181.1157968,0.0,49759.0
1719345181.2934816,0.0,49759.0
1719345181.527665,0.0,49759.0
1719345181.711111,0.0,49759.0
1719345181.9304042,0.0,49759.0
1719345182.1565127,0.0,49759.0
1719345182.329633,0.0,49759.0
1719345182.4916093,0.0,49759.0
1719345182.669805,0.0,49759.0
1719345182.8176892,0.0,49759.0
1719345182.9656894,0.0,49759.0
1719345183.1120148,1.0,49759.0
1719345183.2600813,100.0,49759.0
1719345183.4042675,100.0,49759.0
1719345183.5927827,99.0,49759.0
1719345183.7652526,100.0,49759.0
1719345183.9428892,100.0,49759.0
1719345184.1214788,100.0,49759.0
1719345184.2901742,79.0,49759.0
1719345184.4598832,0.0,49759.0
1719345184.6225579,0.0,49759.0
1719345184.7921226,0.0,49759.0
1719345184.9605234,0.0,49759.0
1719345185.1181824,0.0,49759.0
1719345185.2823935,0.0,49759.0
1719345185.4588583,0.0,49759.0
1719345185.6214519,0.0,49759.0
1719345185.865064,0.0,49759.0
1719345186.071062,0.0,49759.0
1719345186.2763882,0.0,49759.0
1719345186.4596114,0.0,49759.0
1719345186.6561284,0.0,49759.0
1719345186.82201,0.0,49759.0
1719345186.9865696,0.0,49759.0
1719345187.1620157,0.0,49759.0
1719345187.3137045,0.0,49759.0
1719345187.459948,5.0,49759.0
1719345187.604861,5.0,49759.0
1719345187.7509854,100.0,49759.0
1719345187.8955925,100.0,49759.0
1719345188.0452719,100.0,49759.0
1719345188.210927,100.0,49759.0
1719345188.393998,100.0,49759.0
1719345188.5689101,100.0,49759.0
1719345188.7558062,93.0,49759.0
1719345188.9474757,100.0,49759.0
1719345189.1035361,76.0,49759.0
1719345189.290885,0.0,49759.0
1719345189.4461954,0.0,49759.0
1719345189.6253865,0.0,49759.0
1719345189.8111973,0.0,49759.0
1719345189.9914176,0.0,49759.0
1719345190.1563318,0.0,49759.0
1719345190.3669498,0.0,49759.0
1719345190.5868032,0.0,49759.0
1719345190.8073463,0.0,49759.0
1719345191.004716,0.0,49759.0
1719345191.2008235,0.0,49759.0
1719345191.3497198,0.0,49759.0
1719345191.521132,0.0,49759.0
1719345191.6893997,0.0,49759.0
1719345191.83436,0.0,49759.0
1719345191.9826295,0.0,49759.0
1719345192.1290987,10.0,49759.0
1719345192.2788196,100.0,49759.0
1719345192.4249442,100.0,49759.0
1719345192.580651,99.0,49759.0
1719345192.7455409,100.0,49759.0
1719345192.9144998,100.0,49759.0
1719345193.0852513,100.0,49759.0
1719345193.2678583,72.0,49759.0
1719345193.4612956,72.0,49759.0
1719345193.6412303,0.0,49759.0
1719345193.7989717,0.0,49759.0
1719345193.9437504,0.0,49759.0
1719345194.1051953,0.0,49759.0
1719345194.2728345,0.0,49759.0
1719345194.4383268,0.0,49759.0
1719345194.620377,0.0,49759.0
1719345194.8116982,0.0,49759.0
1719345195.0284739,0.0,49759.0
1719345195.2438595,0.0,49759.0
1719345195.4237885,0.0,49759.0
1719345195.6414425,0.0,49759.0
1719345195.7962434,0.0,49759.0
1719345195.9798572,0.0,49759.0
1719345196.162805,0.0,49759.0
1719345196.3174279,0.0,49759.0
1719345196.462385,0.0,49759.0
1719345196.6082428,22.0,49759.0
1719345196.7548773,100.0,49759.0
1719345196.8998933,100.0,49759.0
1719345197.0744438,100.0,49759.0
1719345197.244972,100.0,49759.0
1719345197.426509,100.0,49759.0
1719345197.618987,100.0,49759.0
1719345197.7838366,61.0,49759.0
1719345197.9466493,0.0,49759.0
1719345198.117365,0.0,49759.0
1719345198.278927,0.0,49759.0
1719345198.4456053,0.0,49759.0
1719345198.626592,0.0,49759.0
1719345198.788845,0.0,49759.0
1719345198.9510858,0.0,49759.0
1719345199.1086304,0.0,49759.0
1719345199.3267362,0.0,49759.0
1719345199.4977472,0.0,49759.0
1719345199.7306635,0.0,49759.0
1719345199.931739,0.0,49759.0
1719345200.100466,0.0,49759.0
1719345200.2652857,0.0,49759.0
1719345200.430975,0.0,49759.0
1719345200.5894313,0.0,49759.0
1719345200.7353683,0.0,49759.0
1719345200.8817987,0.0,49759.0
1719345201.0272489,36.0,49759.0
1719345201.1737509,100.0,49759.0
1719345201.316924,100.0,49759.0
1719345201.4825199,100.0,49759.0
1719345201.6588676,100.0,49759.0
1719345201.84393,100.0,49759.0
1719345202.0096843,100.0,49759.0
1719345202.1858878,49.0,49759.0
1719345202.4130225,0.0,49759.0
1719345202.5726469,0.0,49759.0
1719345202.7403727,0.0,49759.0
1719345202.8979182,0.0,49759.0
1719345203.0723982,0.0,49759.0
1719345203.240525,0.0,49759.0
1719345203.431252,0.0,49759.0
1719345203.6435385,0.0,49759.0
1719345203.858452,0.0,49759.0
1719345204.0757902,0.0,49759.0
1719345204.2575078,0.0,49759.0
1719345204.465642,0.0,49759.0
1719345204.6147141,0.0,49759.0
1719345204.7907999,0.0,49759.0
1719345204.9996977,0.0,49759.0
1719345205.146958,0.0,49759.0
1719345205.2933896,0.0,49759.0
1719345205.4402096,35.0,49759.0
1719345205.5880194,100.0,49759.0
1719345205.7339733,100.0,49759.0
1719345205.8833787,99.0,49759.0
1719345206.0701835,100.0,49759.0
1719345206.3246677,100.0,49759.0
1719345206.4938657,49.0,49759.0
1719345206.6728106,49.0,49759.0
1719345206.8227978,0.0,49759.0
1719345207.00231,0.0,49759.0
1719345207.1601157,0.0,49759.0
1719345207.3228843,0.0,49759.0
1719345207.490187,0.0,49759.0
1719345207.709169,0.0,49759.0
1719345207.8771565,0.0,49759.0
1719345208.0507965,0.0,49759.0
1719345208.2719834,0.0,49759.0
1719345208.4550722,0.0,49759.0
1719345208.667804,0.0,49759.0
1719345208.8865952,0.0,49759.0
1719345209.0627346,0.0,49759.0
1719345209.2535155,0.0,49759.0
1719345209.4145057,0.0,49759.0
1719345209.5603278,0.0,49759.0
1719345209.7103426,0.0,49759.0
1719345209.8582237,16.0,49759.0
1719345210.0060997,100.0,49759.0
1719345210.1531565,100.0,49759.0
1719345210.3710065,100.0,49759.0
1719345210.536485,100.0,49759.0
1719345210.7172842,100.0,49759.0
1719345210.8867707,100.0,49759.0
1719345211.075673,71.0,49759.0
1719345211.255404,0.0,49759.0
1719345211.4194906,0.0,49759.0
1719345211.5695527,0.0,49759.0
1719345211.7305403,0.0,49759.0
1719345211.898443,0.0,49759.0
1719345212.079217,0.0,49759.0
1719345212.2534676,0.0,49759.0
1719345212.491928,0.0,49759.0
1719345212.7077575,0.0,49759.0
1719345212.9237802,0.0,49759.0
1719345213.10675,0.0,49759.0
1719345213.3074872,0.0,49759.0
1719345213.472268,0.0,49759.0
1719345213.6396344,0.0,49759.0
1719345213.8031538,0.0,49759.0
1719345213.9533288,0.0,49759.0
1719345214.1005266,0.0,49759.0
1719345214.2470512,85.0,49759.0
1719345214.3924115,85.0,49759.0
1719345214.5719676,100.0,49759.0
1719345214.7747757,100.0,49759.0
1719345214.9465725,100.0,49759.0
1719345215.1255212,100.0,49759.0
1719345215.294549,92.0,49759.0
1719345215.4755177,0.0,49759.0
1719345215.6252782,0.0,49759.0
1719345215.7903237,0.0,49759.0
1719345215.9534152,0.0,49759.0
1719345216.134185,0.0,49759.0
1719345216.303775,0.0,49759.0
1719345216.4768589,0.0,49759.0
1719345216.6336215,0.0,49759.0
1719345216.867775,0.0,49759.0
1719345217.0548778,0.0,49759.0
1719345217.2631092,0.0,49759.0
1719345217.4468827,0.0,49759.0
1719345217.633209,0.0,49759.0
1719345217.800444,0.0,49759.0
1719345217.9729183,0.0,49759.0
1719345218.1355498,0.0,49759.0
1719345218.2856755,0.0,49759.0
1719345218.4309492,4.0,49759.0
1719345218.5778806,4.0,49759.0
1719345218.7267,100.0,49759.0
1719345218.8715057,100.0,49759.0
1719345219.0186098,100.0,49759.0
1719345219.1837711,100.0,49759.0
1719345219.3518054,100.0,49759.0
1719345219.5306406,100.0,49759.0
1719345219.703034,77.0,49759.0
1719345219.8795187,0.0,49759.0
1719345220.0402389,0.0,49759.0
1719345220.2179282,0.0,49759.0
1719345220.365047,0.0,49759.0
1719345220.5241969,0.0,49759.0
1719345220.7091548,0.0,49759.0
1719345220.8865871,0.0,49759.0
1719345221.0599544,0.0,49759.0
1719345221.2752964,0.0,49759.0
1719345221.49128,0.0,49759.0
1719345221.7162197,0.0,49759.0
1719345221.895413,0.0,49759.0
1719345222.0916584,0.0,49759.0
1719345222.2449758,0.0,49759.0
1719345222.4241312,0.0,49759.0
1719345222.5984285,0.0,49759.0
1719345222.744998,0.0,49759.0
1719345222.891874,0.0,49759.0
1719345223.039013,0.0,49759.0
1719345223.1881213,79.0,49759.0
1719345223.3318753,100.0,49759.0
1719345223.4794092,100.0,49759.0
1719345223.6515558,100.0,49759.0
1719345223.8241198,100.0,49759.0
1719345223.9894428,100.0,49759.0
1719345224.1775565,0.0,49759.0
1719345224.4196723,0.0,49759.0
1719345224.612285,0.0,49759.0
1719345224.7656617,0.0,49759.0
1719345224.9240086,0.0,49759.0
1719345225.095288,0.0,49759.0
1719345225.2754695,0.0,49759.0
1719345225.4568393,0.0,49759.0
1719345225.6200147,0.0,49759.0
1719345225.835303,0.0,49759.0
1719345226.0089438,0.0,49759.0
1719345226.243652,0.0,49759.0
1719345226.4603474,0.0,49759.0
1719345226.6489623,0.0,49759.0
1719345226.8335516,0.0,49759.0
1719345227.0026352,0.0,49759.0
1719345227.1500554,0.0,49759.0
1719345227.296622,0.0,49759.0
1719345227.4433246,0.0,49759.0
1719345227.5895138,72.0,49759.0
1719345227.7355149,100.0,49759.0
1719345227.8853376,99.0,49759.0
1719345228.0683146,100.0,49759.0
1719345228.2441497,100.0,49759.0
1719345228.4299943,100.0,49759.0
1719345228.6021495,100.0,49759.0
1719345228.7675538,4.0,49759.0
1719345228.9287035,0.0,49759.0
1719345229.0897284,0.0,49759.0
1719345229.262296,0.0,49759.0
1719345229.4321976,0.0,49759.0
1719345229.607941,0.0,49759.0
1719345229.7850287,0.0,49759.0
1719345229.9484522,0.0,49759.0
1719345230.1677744,0.0,49759.0
1719345230.3734765,0.0,49759.0
1719345230.607689,0.0,49759.0
1719345230.7800214,0.0,49759.0
1719345230.994766,0.0,49759.0
1719345231.1496072,0.0,49759.0
1719345231.3344502,0.0,49759.0
1719345231.5089402,0.0,49759.0
1719345231.656817,0.0,49759.0
1719345231.8030357,0.0,49759.0
1719345231.9496288,24.0,49759.0
1719345232.096823,100.0,49759.0
1719345232.2414806,100.0,49759.0
1719345232.3877518,99.0,49759.0
1719345232.561089,100.0,49759.0
1719345232.7381868,100.0,49759.0
1719345232.900113,100.0,49759.0
1719345233.0722315,94.0,49759.0
1719345233.243218,94.0,49759.0
1719345233.4106047,100.0,49759.0
1719345233.5808644,59.0,49759.0
1719345233.7303846,59.0,49759.0
1719345233.8928986,0.0,49759.0
1719345234.0724378,0.0,49759.0
1719345234.236172,0.0,49759.0
1719345234.4073124,0.0,49759.0
1719345234.6285965,0.0,49759.0
1719345234.8338966,0.0,49759.0
1719345235.0679686,0.0,49759.0
1719345235.2479126,0.0,49759.0
1719345235.4757023,0.0,49759.0
1719345235.6413019,0.0,49759.0
1719345235.807131,0.0,49759.0
1719345235.9764535,0.0,49759.0
1719345236.1271348,0.0,49759.0
1719345236.272665,0.0,49759.0
1719345236.4188905,34.0,49759.0
1719345236.567834,100.0,49759.0
1719345236.714756,100.0,49759.0
1719345236.867233,99.0,49759.0
1719345237.03217,100.0,49759.0
1719345237.2035215,100.0,49759.0
1719345237.3645685,100.0,49759.0
1719345237.5412238,51.0,49759.0
1719345237.7445877,0.0,49759.0
1719345237.9258468,0.0,49759.0
1719345238.0919802,0.0,49759.0
1719345238.2637634,0.0,49759.0
1719345238.4297702,0.0,49759.0
1719345238.587493,0.0,49759.0
1719345238.7608144,0.0,49759.0
1719345238.9148033,0.0,49759.0
1719345239.1284218,0.0,49759.0
1719345239.328241,0.0,49759.0
1719345239.533868,0.0,49759.0
1719345239.7160265,0.0,49759.0
1719345239.906512,0.0,49759.0
1719345240.0777686,0.0,49759.0
1719345240.24765,0.0,49759.0
1719345240.4194503,0.0,49759.0
1719345240.5667772,0.0,49759.0
1719345240.711316,0.0,49759.0
1719345240.8585773,0.0,49759.0
1719345241.0064545,99.0,49759.0
1719345241.152429,99.0,49759.0
1719345241.3140898,96.0,49759.0
1719345241.4955597,96.0,49759.0
1719345241.6646385,100.0,49759.0
1719345241.8296342,100.0,49759.0
1719345242.0094135,84.0,49759.0
1719345242.1926806,0.0,49759.0
1719345242.3525918,0.0,49759.0
1719345242.5426533,0.0,49759.0
1719345242.6996937,0.0,49759.0
1719345242.8608766,0.0,49759.0
1719345243.0359008,0.0,49759.0
1719345243.2181864,0.0,49759.0
1719345243.3786256,0.0,49759.0
1719345243.556295,0.0,49759.0
1719345243.7718568,0.0,49759.0
1719345243.9545512,0.0,49759.0
1719345244.1679316,0.0,49759.0
1719345244.388568,0.0,49759.0
1719345244.5565724,0.0,49759.0
1719345244.7429974,0.0,49759.0
1719345244.9313924,0.0,49759.0
1719345245.0787332,0.0,49759.0
1719345245.2262206,0.0,49759.0
1719345245.3726025,0.0,49759.0
1719345245.519526,76.0,49759.0
1719345245.664631,100.0,49759.0
1719345245.817451,99.0,49759.0
1719345245.9883785,100.0,49759.0
1719345246.1524117,100.0,49759.0
1719345246.3517773,95.0,49759.0
1719345246.5215623,95.0,49759.0
1719345246.7686183,5.0,49759.0
1719345246.9315994,0.0,49759.0
1719345247.089479,0.0,49759.0
1719345247.2580798,0.0,49759.0
1719345247.4514372,0.0,49759.0
1719345247.6331673,0.0,49759.0
1719345247.8030882,0.0,49759.0
1719345248.0171578,0.0,49759.0
1719345248.25462,0.0,49759.0
1719345248.4698145,0.0,49759.0
1719345248.6598804,0.0,49759.0
1719345248.8658795,0.0,49759.0
1719345249.028247,0.0,49759.0
1719345249.2034178,0.0,49759.0
1719345249.3737404,0.0,49759.0
1719345249.5304348,0.0,49759.0
1719345249.6760418,0.0,49759.0
1719345249.8230145,61.0,49759.0
1719345249.970072,61.0,49759.0
1719345250.1684446,100.0,49759.0
1719345250.328013,99.0,49759.0
1719345250.498764,100.0,49759.0
1719345250.6619654,100.0,49759.0
1719345250.8378043,100.0,49759.0
1719345251.0201883,13.0,49759.0
1719345251.210335,0.0,49759.0
1719345251.3825986,0.0,49759.0
1719345251.5370212,0.0,49759.0
1719345251.6934257,0.0,49759.0
1719345251.857642,0.0,49759.0
1719345252.024419,0.0,49759.0
1719345252.190938,0.0,49759.0
1719345252.3514059,0.0,49759.0
1719345252.568126,0.0,49759.0
1719345252.755273,0.0,49759.0
1719345252.9724522,0.0,49759.0
1719345253.1866643,0.0,49759.0
1719345253.3524685,0.0,49759.0
1719345253.525194,0.0,49759.0
1719345253.6927671,0.0,49759.0
1719345253.8403308,0.0,49759.0
1719345253.986104,0.0,49759.0
1719345254.1334352,0.0,49759.0
1719345254.2824929,96.0,49759.0
1719345254.4267943,96.0,49759.0
1719345254.5942788,98.0,49759.0
1719345254.7668042,100.0,49759.0
1719345254.9581375,100.0,49759.0
1719345255.1447926,100.0,49759.0
1719345255.3137622,85.0,49759.0
1719345255.523434,0.0,49759.0
1719345255.6862197,0.0,49759.0
1719345255.8536692,0.0,49759.0
1719345256.0191624,0.0,49759.0
1719345256.1906037,0.0,49759.0
1719345256.3590667,0.0,49759.0
1719345256.5298862,0.0,49759.0
1719345256.6929324,0.0,49759.0
1719345256.928705,0.0,49759.0
1719345257.0944533,0.0,49759.0
1719345257.312524,0.0,49759.0
1719345257.503631,0.0,49759.0
1719345257.7000418,0.0,49759.0
1719345257.892682,0.0,49759.0
1719345258.0748625,0.0,49759.0
1719345258.220354,0.0,49759.0
1719345258.3697748,0.0,49759.0
1719345258.5160656,14.0,49759.0
1719345258.6620543,14.0,49759.0
1719345258.8066356,100.0,49759.0
1719345258.952044,99.0,49759.0
1719345259.124677,100.0,49759.0
1719345259.2920635,100.0,49759.0
1719345259.463745,100.0,49759.0
1719345259.6544735,68.0,49759.0
1719345259.851168,0.0,49759.0
1719345260.0141814,0.0,49759.0
1719345260.1792026,0.0,49759.0
1719345260.3518555,0.0,49759.0
1719345260.5280986,0.0,49759.0
1719345260.70394,0.0,49759.0
1719345260.8712876,0.0,49759.0
1719345261.0405526,0.0,49759.0
1719345261.2528193,0.0,49759.0
1719345261.488664,0.0,49759.0
1719345261.7116718,0.0,49759.0
1719345261.9100027,0.0,49759.0
1719345262.1054554,0.0,49759.0
1719345262.2607303,0.0,49759.0
1719345262.4311872,0.0,49759.0
1719345262.6093786,0.0,49759.0
1719345262.7560248,0.0,49759.0
1719345262.9019837,0.0,49759.0
1719345263.0484848,11.0,49759.0
1719345263.197203,100.0,49759.0
1719345263.3463616,99.0,49759.0
1719345263.4918344,100.0,49759.0
1719345263.6732457,100.0,49759.0
1719345263.841762,100.0,49759.0
1719345264.008501,100.0,49759.0
1719345264.1915765,71.0,49759.0
1719345264.3697054,0.0,49759.0
1719345264.5394614,0.0,49759.0
1719345264.701688,0.0,49759.0
1719345264.863392,0.0,49759.0
1719345265.0457442,0.0,49759.0
1719345265.2243185,0.0,49759.0
1719345265.3984163,0.0,49759.0
1719345265.613699,0.0,49759.0
1719345265.8434393,0.0,49759.0
1719345266.0608487,0.0,49759.0
1719345266.220004,0.0,49759.0
1719345266.434424,0.0,49759.0
1719345266.5953162,0.0,49759.0
1719345266.7609923,0.0,49759.0
1719345266.9335392,0.0,49759.0
1719345267.0802033,0.0,49759.0
1719345267.226953,0.0,49759.0
1719345267.3872538,16.0,49759.0
1719345267.5429394,99.0,49759.0
1719345267.6870832,99.0,49759.0
1719345267.868701,100.0,49759.0
1719345268.0494957,100.0,49759.0
1719345268.2178535,100.0,49759.0
1719345268.38761,100.0,49759.0
1719345268.570153,68.0,49759.0
1719345268.7528546,0.0,49759.0
1719345268.9247925,0.0,49759.0
1719345269.082759,0.0,49759.0
1719345269.258776,0.0,49759.0
1719345269.4419599,0.0,49759.0
1719345269.6150286,0.0,49759.0
1719345269.7761333,0.0,49759.0
1719345269.940041,0.0,49759.0
1719345270.1435857,0.0,49759.0
1719345270.309938,0.0,49759.0
1719345270.551728,0.0,49759.0
1719345270.7386665,0.0,49759.0
1719345270.9128094,0.0,49759.0
1719345271.0675244,0.0,49759.0
1719345271.2342625,0.0,49759.0
1719345271.3989413,0.0,49759.0
1719345271.5447922,0.0,49759.0
1719345271.6889343,0.0,49759.0
1719345271.840944,33.0,49759.0
1719345271.9917164,100.0,49759.0
1719345272.1383886,100.0,49759.0
1719345272.3006463,99.0,49759.0
1719345272.4755151,100.0,49759.0
1719345272.662736,100.0,49759.0
1719345272.8322017,100.0,49759.0
1719345273.0094492,52.0,49759.0
1719345273.2042217,0.0,49759.0
1719345273.3771124,0.0,49759.0
1719345273.538846,0.0,49759.0
1719345273.7286127,0.0,49759.0
1719345273.9152648,0.0,49759.0
1719345274.077909,0.0,49759.0
1719345274.2611208,0.0,49759.0
1719345274.4915023,0.0,49759.0
1719345274.7108424,0.0,49759.0
1719345274.927361,0.0,49759.0
1719345275.1105626,0.0,49759.0
1719345275.3131685,0.0,49759.0
1719345275.462461,0.0,49759.0
1719345275.6432827,0.0,49759.0
1719345275.8099172,0.0,49759.0
1719345275.9556646,0.0,49759.0
1719345276.102165,0.0,49759.0
1719345276.2480557,0.0,49759.0
1719345276.3953838,95.0,49759.0
1719345276.5394766,100.0,49759.0
1719345276.7018683,99.0,49759.0
1719345276.8814023,99.0,49759.0
1719345277.056954,100.0,49759.0
1719345277.2274246,100.0,49759.0
1719345277.4027297,95.0,49759.0
1719345277.594009,100.0,49759.0
1719345277.7778447,84.0,49759.0
1719345277.942013,84.0,49759.0
1719345278.1291292,0.0,49759.0
1719345278.3174133,0.0,49759.0
1719345278.4860415,0.0,49759.0
1719345278.6719286,0.0,49759.0
1719345278.8869872,0.0,49759.0
1719345279.099659,0.0,49759.0
1719345279.3103836,0.0,49759.0
1719345279.4954443,0.0,49759.0
1719345279.7122009,0.0,49759.0
1719345279.86869,0.0,49759.0
1719345280.0500634,0.0,49759.0
1719345280.220079,0.0,49759.0
1719345280.3661747,0.0,49759.0
1719345280.512231,0.0,49759.0
1719345280.659884,22.0,49759.0
1719345280.807604,100.0,49759.0
1719345280.9516444,100.0,49759.0
1719345281.1029134,99.0,49759.0
1719345281.2698932,100.0,49759.0
1719345281.464459,100.0,49759.0
1719345281.6389394,100.0,49759.0
1719345281.8092608,60.0,49759.0
1719345282.0146682,0.0,49759.0
1719345282.165899,0.0,49759.0
1719345282.3321095,0.0,49759.0
1719345282.4999404,0.0,49759.0
1719345282.653015,0.0,49759.0
1719345282.8401315,0.0,49759.0
1719345283.0041313,0.0,49759.0
1719345283.1591742,0.0,49759.0
1719345283.3788226,0.0,49759.0
1719345283.5819833,0.0,49759.0
1719345283.816085,0.0,49759.0
1719345284.0265641,0.0,49759.0
1719345284.1839333,0.0,49759.0
1719345284.3450108,0.0,49759.0
1719345284.5236752,0.0,49759.0
1719345284.68529,0.0,49759.0
1719345284.832701,0.0,49759.0
1719345284.978359,0.0,49759.0
1719345285.1266696,0.0,49759.0
1719345285.2745779,97.0,49759.0
1719345285.4195945,97.0,49759.0
1719345285.5688076,99.0,49759.0
1719345285.7457688,100.0,49759.0
1719345285.92685,100.0,49759.0
1719345286.0805864,100.0,49759.0
1719345286.2670538,82.0,49759.0
1719345286.4418907,0.0,49759.0
1719345286.5988164,0.0,49759.0
1719345286.7598584,0.0,49759.0
1719345286.915141,0.0,49759.0
1719345287.072984,0.0,49759.0
1719345287.234551,0.0,49759.0
1719345287.396934,0.0,49759.0
1719345287.5655127,0.0,49759.0
1719345287.799814,0.0,49759.0
1719345288.0184488,0.0,49759.0
1719345288.2360785,0.0,49759.0
1719345288.4197395,0.0,49759.0
1719345288.6141105,0.0,49759.0
1719345288.7831302,0.0,49759.0
1719345288.959975,0.0,49759.0
1719345289.1261468,0.0,49759.0
1719345289.274817,0.0,49759.0
1719345289.419542,0.0,49759.0
1719345289.5660493,15.0,49759.0
1719345289.7152371,100.0,49759.0
1719345289.8587255,99.0,49759.0
1719345290.009147,99.0,49759.0
1719345290.1909838,100.0,49759.0
1719345290.397392,100.0,49759.0
1719345290.5730176,100.0,49759.0
1719345290.7478495,67.0,49759.0
1719345290.916933,0.0,49759.0
1719345291.084676,0.0,49759.0
1719345291.255731,0.0,49759.0
1719345291.4118993,0.0,49759.0
1719345291.597298,0.0,49759.0
1719345291.7599342,0.0,49759.0
1719345291.9308329,0.0,49759.0
1719345292.1086051,0.0,49759.0
1719345292.3149133,0.0,49759.0
1719345292.4808967,0.0,49759.0
1719345292.7029293,0.0,49759.0
1719345292.892888,0.0,49759.0
1719345293.0602324,0.0,49759.0
1719345293.2221851,0.0,49759.0
1719345293.3904026,0.0,49759.0
1719345293.561301,0.0,49759.0
1719345293.7074008,0.0,49759.0
1719345293.8529954,0.0,49759.0
1719345293.9992385,0.0,49759.0
1719345294.147139,73.0,49759.0
1719345294.2917264,100.0,49759.0
1719345294.4395533,99.0,49759.0
1719345294.6181345,100.0,49759.0
1719345294.7854128,100.0,49759.0
1719345294.9491768,100.0,49759.0
1719345295.1344376,100.0,49759.0
1719345295.3104546,4.0,49759.0
1719345295.4709094,0.0,49759.0
1719345295.643016,0.0,49759.0
1719345295.7957006,0.0,49759.0
1719345295.9581676,0.0,49759.0
1719345296.1440036,0.0,49759.0
1719345296.3218067,0.0,49759.0
1719345296.49469,0.0,49759.0
1719345296.7085063,0.0,49759.0
1719345296.9264274,0.0,49759.0
1719345297.1409836,0.0,49759.0
1719345297.3060477,0.0,49759.0
1719345297.522686,0.0,49759.0
1719345297.6826172,0.0,49759.0
1719345297.861449,0.0,49759.0
1719345298.0258863,0.0,49759.0
1719345298.1731944,0.0,49759.0
1719345298.3197854,0.0,49759.0
1719345298.4677525,61.0,49759.0
1719345298.6194053,61.0,49759.0
1719345298.766587,100.0,49759.0
1719345298.9182773,98.0,49759.0
1719345299.099699,100.0,49759.0
1719345299.286528,100.0,49759.0
1719345299.462811,100.0,49759.0
1719345299.6306005,100.0,49759.0
1719345299.866406,14.0,49759.0
1719345300.0526843,0.0,49759.0
1719345300.2096992,0.0,49759.0
1719345300.3804162,0.0,49759.0
1719345300.545275,0.0,49759.0
1719345300.7130353,0.0,49759.0
1719345300.8778393,0.0,49759.0
1719345301.0306644,0.0,49759.0
1719345301.2465403,0.0,49759.0
1719345301.4595442,0.0,49759.0
1719345301.6641357,0.0,49759.0
1719345301.8426092,0.0,49759.0
1719345302.04704,0.0,49759.0
1719345302.2063093,0.0,49759.0
1719345302.3746424,0.0,49759.0
1719345302.5499663,0.0,49759.0
1719345302.69564,0.0,49759.0
1719345302.8423808,0.0,49759.0
1719345302.9884336,35.0,49759.0
1719345303.1378763,100.0,49759.0
1719345303.2838857,100.0,49759.0
1719345303.4296927,99.0,49759.0
1719345303.5980854,100.0,49759.0
1719345303.7767057,100.0,49759.0
1719345303.955117,100.0,49759.0
1719345304.1229436,49.0,49759.0
1719345304.311518,0.0,49759.0
1719345304.4834962,0.0,49759.0
1719345304.661772,0.0,49759.0
1719345304.8198705,0.0,49759.0
1719345304.984431,0.0,49759.0
1719345305.1806777,0.0,49759.0
1719345305.414867,0.0,49759.0
1719345305.5921211,0.0,49759.0
1719345305.816275,0.0,49759.0
1719345305.9955256,0.0,49759.0
1719345306.1893315,0.0,49759.0
1719345306.3748162,0.0,49759.0
1719345306.527818,0.0,49759.0
1719345306.7109714,0.0,49759.0
1719345306.884179,0.0,49759.0
1719345307.0349858,0.0,49759.0
1719345307.1816208,0.0,49759.0
1719345307.3281128,0.0,49759.0
1719345307.4774752,93.0,49759.0
1719345307.6259925,100.0,49759.0
1719345307.8198273,99.0,49759.0
1719345307.9818597,100.0,49759.0
1719345308.1421843,100.0,49759.0
1719345308.3125165,86.0,49759.0
1719345308.488516,0.0,49759.0
1719345308.6766198,0.0,49759.0
1719345308.849736,0.0,49759.0
1719345309.0061815,0.0,49759.0
1719345309.1591272,0.0,49759.0
1719345309.33767,0.0,49759.0
1719345309.5257306,0.0,49759.0
1719345309.6983333,0.0,49759.0
1719345309.883914,0.0,49759.0
1719345310.0947168,0.0,49759.0
1719345310.279961,0.0,49759.0
1719345310.4907906,0.0,49759.0
1719345310.7051635,0.0,49759.0
1719345310.888004,0.0,49759.0
1719345311.068009,0.0,49759.0
1719345311.2364335,0.0,49759.0
1719345311.383699,0.0,49759.0
1719345311.5304997,0.0,49759.0
1719345311.6770175,0.0,49759.0
1719345311.8241453,67.0,49759.0
1719345311.9711385,100.0,49759.0
1719345312.1261637,99.0,49759.0
1719345312.2975497,100.0,49759.0
1719345312.464708,100.0,49759.0
1719345312.644253,100.0,49759.0
1719345312.8173656,100.0,49759.0
1719345312.9864519,9.0,49759.0
1719345313.1502986,9.0,49759.0
1719345313.3270938,0.0,49759.0
1719345313.4826107,0.0,49759.0
1719345313.6572983,0.0,49759.0
1719345313.8347957,0.0,49759.0
1719345314.0187047,0.0,49759.0
1719345314.1877744,0.0,49759.0
1719345314.403945,0.0,49759.0
1719345314.6395223,0.0,49759.0
1719345314.81551,0.0,49759.0
1719345314.9971323,0.0,49759.0
1719345315.231837,0.0,49759.0
1719345315.3882008,0.0,49759.0
1719345315.578964,0.0,49759.0
1719345315.7701712,0.0,49759.0
1719345315.9209025,0.0,49759.0
1719345316.0670807,0.0,49759.0
1719345316.2131994,63.0,49759.0
1719345316.3582258,63.0,49759.0
1719345316.5311399,100.0,49759.0
1719345316.713593,100.0,49759.0
1719345316.8988595,100.0,49759.0
1719345317.0767179,100.0,49759.0
1719345317.2567184,100.0,49759.0
1719345317.4459715,12.0,49759.0
1719345317.5982609,0.0,49759.0
1719345317.7695768,0.0,49759.0
1719345317.9229615,0.0,49759.0
1719345318.0812356,0.0,49759.0
1719345318.2615159,0.0,49759.0
1719345318.4305851,0.0,49759.0
1719345318.6079993,0.0,49759.0
1719345318.8235555,0.0,49759.0
1719345319.0394177,0.0,49759.0
1719345319.2634401,0.0,49759.0
1719345319.4404247,0.0,49759.0
1719345319.6545339,0.0,49759.0
1719345319.8032362,0.0,49759.0
1719345319.971725,0.0,49759.0
1719345320.1523798,0.0,49759.0
1719345320.3006723,0.0,49759.0
1719345320.4466407,0.0,49759.0
1719345320.5930302,0.0,49759.0
1719345320.7432117,47.0,49759.0
1719345320.8929346,100.0,49759.0
1719345321.0501642,94.0,49759.0
1719345321.2137938,100.0,49759.0
1719345321.3837726,100.0,49759.0
1719345321.573254,100.0,49759.0
1719345321.7684476,100.0,49759.0
1719345321.9412873,96.0,49759.0
1719345322.096443,100.0,49759.0
1719345322.2623062,33.0,49759.0
1719345322.4108114,0.0,49759.0
1719345322.5770912,0.0,49759.0
1719345322.752536,0.0,49759.0
1719345322.9368708,0.0,49759.0
1719345323.1011133,0.0,49759.0
1719345323.3494098,0.0,49759.0
1719345323.5696654,0.0,49759.0
1719345323.8029506,0.0,49759.0
1719345323.991733,0.0,49759.0
1719345324.1715586,0.0,49759.0
1719345324.3390489,0.0,49759.0
1719345324.5093844,0.0,49759.0
1719345324.6706026,0.0,49759.0
1719345324.8167634,0.0,49759.0
1719345324.965523,0.0,49759.0
1719345325.1127288,0.0,49759.0
1719345325.26163,98.0,49759.0
1719345325.4065871,98.0,49759.0
1719345325.587101,100.0,49759.0
1719345325.757298,100.0,49759.0
1719345325.9386587,100.0,49759.0
1719345326.1044652,100.0,49759.0
1719345326.2749104,83.0,49759.0
1719345326.4408102,0.0,49759.0
1719345326.6088572,0.0,49759.0
1719345326.7790046,0.0,49759.0
1719345326.9326935,0.0,49759.0
1719345327.100343,0.0,49759.0
1719345327.2640646,0.0,49759.0
1719345327.4359956,0.0,49759.0
1719345327.602501,0.0,49759.0
1719345327.7797904,0.0,49759.0
1719345327.996375,0.0,49759.0
1719345328.1803842,0.0,49759.0
1719345328.3933835,0.0,49759.0
1719345328.6157885,0.0,49759.0
1719345328.7800236,0.0,49759.0
1719345328.9576843,0.0,49759.0
1719345329.143432,0.0,49759.0
1719345329.2889829,0.0,49759.0
1719345329.435293,0.0,49759.0
1719345329.5818293,0.0,49759.0
1719345329.7297406,84.0,49759.0
1719345329.878216,100.0,49759.0
1719345330.0264034,100.0,49759.0
1719345330.217058,94.0,49759.0
1719345330.4078224,100.0,49759.0
1719345330.5852945,100.0,49759.0
1719345330.7591429,99.0,49759.0
1719345330.9397745,0.0,49759.0
1719345331.110884,0.0,49759.0
1719345331.2656097,0.0,49759.0
1719345331.429517,0.0,49759.0
1719345331.6152644,0.0,49759.0
1719345331.777682,0.0,49759.0
1719345331.9602158,0.0,49759.0
1719345332.1169534,0.0,49759.0
1719345332.361956,0.0,49759.0
1719345332.555732,0.0,49759.0
1719345332.7738152,0.0,49759.0
1719345333.0036638,0.0,49759.0
1719345333.1771832,0.0,49759.0
1719345333.3387384,0.0,49759.0
1719345333.5081406,0.0,49759.0
1719345333.6542165,0.0,49759.0
1719345333.7987225,0.0,49759.0
1719345333.9484222,21.0,49759.0
1719345334.0980327,100.0,49759.0
1719345334.243732,100.0,49759.0
1719345334.392153,99.0,49759.0
1719345334.5797613,100.0,49759.0
1719345334.74385,100.0,49759.0
1719345334.920671,100.0,49759.0
1719345335.1005683,61.0,49759.0
1719345335.278577,0.0,49759.0
1719345335.4506667,0.0,49759.0
1719345335.6143215,0.0,49759.0
1719345335.7855306,0.0,49759.0
1719345335.981511,0.0,49759.0
1719345336.1402445,0.0,49759.0
1719345336.3075373,0.0,49759.0
1719345336.473574,0.0,49759.0
1719345336.7053063,0.0,49759.0
1719345336.8949087,0.0,49759.0
1719345337.1108446,0.0,49759.0
1719345337.3497183,0.0,49759.0
1719345337.519233,0.0,49759.0
1719345337.6906846,0.0,49759.0
1719345337.8554711,0.0,49759.0
1719345338.0068288,0.0,49759.0
1719345338.15421,0.0,49759.0
1719345338.300292,0.0,49759.0
1719345338.4476392,23.0,49759.0
1719345338.596898,100.0,49759.0
1719345338.7417088,99.0,49759.0
1719345338.941195,100.0,49759.0
1719345339.1144633,100.0,49759.0
1719345339.2909358,100.0,49759.0
1719345339.4579067,59.0,49759.0
1719345339.6390626,59.0,49759.0
1719345339.8730977,0.0,49759.0
1719345340.0428677,0.0,49759.0
1719345340.200681,0.0,49759.0
1719345340.3923113,0.0,49759.0
1719345340.5644908,0.0,49759.0
1719345340.7336886,0.0,49759.0
1719345340.8943048,0.0,49759.0
1719345341.1119926,0.0,49759.0
1719345341.293866,0.0,49759.0
1719345341.5277853,0.0,49759.0
1719345341.7591276,0.0,49759.0
1719345341.9480674,0.0,49759.0
1719345342.1304631,0.0,49759.0
1719345342.2922776,0.0,49759.0
1719345342.442116,0.0,49759.0
1719345342.5906096,0.0,49759.0
1719345342.7358952,44.0,49759.0
1719345342.8817744,44.0,49759.0
1719345343.026439,100.0,49759.0
1719345343.1760056,98.0,49759.0
1719345343.3524241,100.0,49759.0
1719345343.5368583,100.0,49759.0
1719345343.6986265,100.0,49759.0
1719345343.8694818,35.0,49759.0
1719345344.036946,35.0,49759.0
1719345344.2198303,0.0,49759.0
1719345344.399457,0.0,49759.0
1719345344.5531626,0.0,49759.0
1719345344.7120721,0.0,49759.0
1719345344.8944302,0.0,49759.0
1719345345.111655,0.0,49759.0
1719345345.3422925,0.0,49759.0
1719345345.5324717,0.0,49759.0
1719345345.75045,0.0,49759.0
1719345345.9339428,0.0,49759.0
1719345346.1686702,0.0,49759.0
1719345346.3469572,0.0,49759.0
1719345346.5152204,0.0,49759.0
1719345346.683985,0.0,49759.0
1719345346.833159,0.0,49759.0
1719345346.981384,0.0,49759.0
1719345347.12765,0.0,49759.0
1719345347.2745907,28.0,49759.0
1719345347.4203625,100.0,49759.0
1719345347.564758,99.0,49759.0
1719345347.7391393,99.0,49759.0
1719345347.918338,100.0,49759.0
1719345348.0871592,100.0,49759.0
1719345348.2642744,100.0,49759.0
1719345348.4307241,55.0,49759.0
1719345348.610125,0.0,49759.0
1719345348.7801242,0.0,49759.0
1719345348.9379406,0.0,49759.0
1719345349.0941408,0.0,49759.0
1719345349.2643182,0.0,49759.0
1719345349.4567916,0.0,49759.0
1719345349.684687,0.0,49759.0
1719345349.8464894,0.0,49759.0
1719345350.0598125,0.0,49759.0
1719345350.2926695,0.0,49759.0
1719345350.5281916,0.0,49759.0
1719345350.7059777,0.0,49759.0
1719345350.914314,0.0,49759.0
1719345351.087879,0.0,49759.0
1719345351.2345855,0.0,49759.0
1719345351.3801606,0.0,49759.0
1719345351.5334563,0.0,49759.0
1719345351.6827364,93.0,49759.0
1719345351.829637,100.0,49759.0
1719345351.9861443,99.0,49759.0
1719345352.1747897,100.0,49759.0
1719345352.3603077,100.0,49759.0
1719345352.5280802,100.0,49759.0
1719345352.6947148,86.0,49759.0
1719345352.9054272,0.0,49759.0
1719345353.0617063,0.0,49759.0
1719345353.218488,0.0,49759.0
1719345353.3767614,0.0,49759.0
1719345353.559794,0.0,49759.0
1719345353.727682,0.0,49759.0
1719345353.8923922,0.0,49759.0
1719345354.0453959,0.0,49759.0
1719345354.2676337,0.0,49759.0
1719345354.4574907,0.0,49759.0
1719345354.700668,0.0,49759.0
1719345354.9257665,0.0,49759.0
1719345355.1129405,0.0,49759.0
1719345355.271531,0.0,49759.0
1719345355.4449732,0.0,49759.0
1719345355.595266,0.0,49759.0
1719345355.741293,0.0,49759.0
1719345355.888176,0.0,49759.0
1719345356.03457,67.0,49759.0
1719345356.1814606,100.0,49759.0
1719345356.3248997,100.0,49759.0
1719345356.4776874,99.0,49759.0
1719345356.6613426,100.0,49759.0
1719345356.8453262,100.0,49759.0
1719345357.0247855,100.0,49759.0
1719345357.2089725,7.0,49759.0
1719345357.3865783,0.0,49759.0
1719345357.5598433,0.0,49759.0
1719345357.7113616,0.0,49759.0
1719345357.8732474,0.0,49759.0
1719345358.0504906,0.0,49759.0
1719345358.225798,0.0,49759.0
1719345358.4045136,0.0,49759.0
1719345358.562651,0.0,49759.0
1719345358.7877293,0.0,49759.0
1719345358.973035,0.0,49759.0
1719345359.2153065,0.0,49759.0
1719345359.4164598,0.0,49759.0
1719345359.58799,0.0,49759.0
1719345359.7570174,0.0,49759.0
1719345359.9279766,0.0,49759.0
1719345360.077049,0.0,49759.0
1719345360.2226815,0.0,49759.0
1719345360.369407,0.0,49759.0
1719345360.5168679,83.0,49759.0
1719345360.662029,83.0,49759.0
1719345360.811089,100.0,49759.0
1719345360.975444,100.0,49759.0
1719345361.1560364,100.0,49759.0
1719345361.3187387,100.0,49759.0
1719345361.4895267,96.0,49759.0
1719345361.6803184,0.0,49759.0
1719345361.837804,0.0,49759.0
1719345362.008281,0.0,49759.0
1719345362.176499,0.0,49759.0
1719345362.3501077,0.0,49759.0
1719345362.5161462,0.0,49759.0
1719345362.691325,0.0,49759.0
1719345362.8480728,0.0,49759.0
1719345363.064304,0.0,49759.0
1719345363.2779915,0.0,49759.0
1719345363.5234296,0.0,49759.0
1719345363.7117722,0.0,49759.0
1719345363.8904922,0.0,49759.0
1719345364.0468378,0.0,49759.0
1719345364.217422,0.0,49759.0
1719345364.3789926,0.0,49759.0
1719345364.5292926,0.0,49759.0
1719345364.6743557,0.0,49759.0
1719345364.8173916,0.0,49759.0
1719345364.9568758,95.0,49759.0
1719345365.0999792,95.0,49759.0
1719345365.2484791,100.0,49759.0
1719345365.3929434,99.0,49759.0
1719345365.5384758,100.0,49759.0
1719345365.7469282,99.0,49759.0
1719345365.8875527,97.0,49759.0
1719345366.0271428,97.0,49759.0
1719345366.1645014,100.0,49759.0
1719345366.303159,83.0,49759.0
1719345366.4793658,2.0,49759.0
1719345366.812735,2.0,49759.0
