timestamp,gpu_util,gpu_mem
1719244831.2708983,0.0,4.0
1719244831.4379306,0.0,4.0
1719244831.5762978,0.0,20.0
1719244831.7323184,0.0,423.0
1719244831.8687236,6.0,633.0
1719244832.006053,6.0,633.0
1719244832.1345978,2.0,633.0
1719244832.2622788,0.0,633.0
1719244832.3928013,0.0,633.0
1719244832.5691662,0.0,633.0
1719244832.7057939,0.0,633.0
1719244832.8419135,0.0,633.0
1719244832.9786365,0.0,633.0
1719244833.115503,0.0,633.0
1719244833.2498908,0.0,633.0
1719244833.3876224,0.0,633.0
1719244833.519027,0.0,633.0
1719244833.6543357,0.0,633.0
1719244833.788224,0.0,633.0
1719244833.9185486,0.0,633.0
1719244834.0485044,0.0,633.0
1719244834.1791265,0.0,633.0
1719244834.3076382,0.0,633.0
1719244834.4443817,0.0,633.0
1719244834.580162,0.0,633.0
1719244834.7158244,0.0,633.0
1719244834.8540323,0.0,633.0
1719244834.9916437,0.0,633.0
1719244835.1220245,0.0,633.0
1719244835.2566488,0.0,633.0
1719244835.3916712,0.0,633.0
1719244835.5266638,0.0,633.0
1719244835.65857,0.0,633.0
1719244835.7893674,0.0,633.0
1719244835.92145,0.0,633.0
1719244836.0571077,0.0,633.0
1719244836.237672,0.0,633.0
1719244836.3725824,0.0,633.0
1719244836.5099049,0.0,633.0
1719244836.6446345,0.0,633.0
1719244836.7778482,0.0,633.0
1719244836.9122722,0.0,633.0
1719244837.0494478,0.0,633.0
1719244837.2135584,0.0,633.0
1719244837.3552942,0.0,633.0
1719244837.4971519,0.0,633.0
1719244837.6358736,0.0,633.0
1719244837.7759125,0.0,633.0
1719244837.9509573,0.0,633.0
1719244838.0889466,0.0,633.0
1719244838.6316586,0.0,633.0
1719244838.771877,0.0,633.0
1719244838.9098244,0.0,633.0
1719244839.0508451,0.0,633.0
1719244839.1880584,0.0,633.0
1719244839.3279707,0.0,633.0
1719244839.466696,0.0,633.0
1719244839.6062922,0.0,633.0
1719244839.7467256,0.0,633.0
1719244839.8880625,0.0,633.0
1719244840.0296526,0.0,633.0
1719244840.1690242,0.0,633.0
1719244840.305892,0.0,633.0
1719244840.4428494,0.0,633.0
1719244840.5774019,0.0,633.0
1719244840.7146888,0.0,633.0
1719244840.8539937,0.0,633.0
1719244840.9938087,0.0,633.0
1719244841.1302955,0.0,633.0
1719244841.266171,0.0,633.0
1719244841.4036953,0.0,633.0
1719244841.555991,0.0,633.0
1719244841.696177,0.0,633.0
1719244841.8308547,0.0,633.0
1719244841.9674292,0.0,633.0
1719244842.1055083,0.0,633.0
1719244842.2402427,0.0,633.0
1719244842.3742743,0.0,633.0
1719244842.511042,0.0,633.0
1719244842.6510127,0.0,633.0
1719244842.7892551,0.0,633.0
1719244842.927757,0.0,633.0
1719244843.0640965,0.0,633.0
1719244843.3738527,0.0,633.0
1719244843.5113454,0.0,633.0
1719244843.6511216,0.0,633.0
1719244843.7900143,0.0,633.0
1719244843.9280584,0.0,633.0
1719244844.066083,0.0,633.0
1719244844.2019792,0.0,633.0
1719244844.3375041,0.0,633.0
1719244844.4747531,0.0,633.0
1719244844.6088002,0.0,633.0
1719244844.9291174,0.0,633.0
1719244845.0716465,0.0,633.0
1719244845.2102008,0.0,633.0
1719244845.3458982,0.0,633.0
1719244845.4831476,0.0,633.0
1719244845.6225927,0.0,633.0
1719244845.7608986,0.0,633.0
1719244845.8980377,0.0,633.0
1719244846.0342615,0.0,633.0
1719244846.1676908,0.0,633.0
1719244846.3030913,0.0,633.0
1719244846.4363801,0.0,633.0
1719244846.5700364,0.0,633.0
1719244846.7023628,0.0,633.0
1719244846.8339999,0.0,633.0
1719244846.9691026,0.0,633.0
1719244847.100959,0.0,633.0
1719244847.2413368,0.0,633.0
1719244847.3803453,0.0,633.0
1719244847.5164623,0.0,633.0
1719244847.6518395,0.0,633.0
1719244847.785501,0.0,633.0
1719244847.9173915,0.0,633.0
1719244848.050216,0.0,633.0
1719244848.1843412,0.0,633.0
1719244848.3180828,0.0,633.0
1719244848.4545424,0.0,633.0
1719244848.5934732,0.0,633.0
1719244848.7330801,0.0,633.0
1719244848.8717766,0.0,633.0
1719244849.0090995,0.0,633.0
1719244849.14788,0.0,633.0
1719244849.28749,0.0,633.0
1719244849.422914,0.0,633.0
1719244849.55869,0.0,633.0
1719244849.6937315,0.0,633.0
1719244849.8278766,0.0,633.0
1719244849.9682279,0.0,633.0
1719244850.104115,0.0,633.0
1719244850.2386568,0.0,633.0
1719244850.3748703,0.0,633.0
1719244850.5100749,0.0,633.0
1719244850.6488595,0.0,633.0
1719244850.788254,0.0,633.0
1719244850.9237804,0.0,633.0
1719244851.0616589,0.0,633.0
1719244851.2019515,0.0,633.0
1719244851.3367732,0.0,633.0
1719244851.5096278,0.0,633.0
1719244851.647553,0.0,633.0
1719244851.788865,0.0,633.0
1719244851.929538,0.0,633.0
1719244852.0671318,0.0,633.0
1719244852.2045236,0.0,633.0
1719244852.344511,0.0,633.0
1719244852.4839656,0.0,633.0
1719244852.6227767,0.0,633.0
1719244852.7606986,0.0,633.0
1719244852.9001224,0.0,633.0
1719244853.0405052,0.0,633.0
1719244853.1796484,0.0,633.0
1719244853.319068,0.0,633.0
1719244853.4573827,0.0,633.0
1719244853.597476,0.0,633.0
1719244853.7366607,0.0,633.0
1719244853.8739204,0.0,633.0
1719244854.0082443,0.0,633.0
1719244854.1432981,0.0,633.0
1719244854.2778654,0.0,633.0
1719244854.417272,0.0,633.0
1719244854.5805871,0.0,633.0
1719244854.714734,0.0,633.0
1719244854.8469448,0.0,633.0
1719244854.9823978,0.0,633.0
1719244855.1148486,0.0,633.0
1719244855.2472389,0.0,633.0
1719244855.3793044,0.0,633.0
1719244855.6895187,0.0,633.0
1719244855.8241887,0.0,633.0
1719244855.9767246,0.0,633.0
1719244856.1224945,0.0,633.0
1719244856.263725,0.0,633.0
1719244856.4089243,0.0,633.0
1719244856.5632493,0.0,633.0
1719244856.7133496,0.0,633.0
1719244856.8746145,0.0,633.0
1719244857.0301108,0.0,633.0
1719244857.1944935,0.0,633.0
1719244857.3517163,0.0,633.0
1719244857.5200572,0.0,633.0
1719244857.6852722,0.0,633.0
1719244857.8534863,0.0,633.0
1719244858.0598278,0.0,633.0
1719244858.2589738,0.0,633.0
1719244858.4223206,0.0,633.0
1719244858.63165,0.0,633.0
1719244858.7994728,0.0,633.0
1719244858.985911,0.0,633.0
1719244859.178205,0.0,633.0
1719244859.3222582,0.0,633.0
1719244859.4855654,0.0,633.0
1719244859.6401656,0.0,633.0
1719244859.7802207,0.0,633.0
1719244859.9208214,0.0,633.0
1719244860.0585244,0.0,633.0
1719244860.1894157,0.0,633.0
1719244860.321735,0.0,633.0
1719244860.4656014,0.0,633.0
1719244860.607436,0.0,633.0
1719244860.7589784,0.0,633.0
1719244860.9217706,0.0,633.0
1719244861.0990725,0.0,633.0
1719244861.2670777,0.0,633.0
1719244861.4146166,0.0,633.0
1719244861.5757217,0.0,633.0
1719244861.7157986,0.0,633.0
1719244861.862023,0.0,633.0
1719244862.002372,0.0,633.0
1719244862.1714044,0.0,633.0
1719244862.324364,0.0,633.0
1719244862.4793193,0.0,633.0
1719244862.6560817,0.0,633.0
1719244862.817447,0.0,633.0
1719244863.0323334,0.0,633.0
1719244863.1917837,0.0,633.0
1719244863.3876886,0.0,633.0
1719244863.5391614,0.0,633.0
1719244863.7269015,0.0,633.0
1719244863.8840146,0.0,633.0
1719244864.0243134,0.0,633.0
1719244864.1855843,0.0,633.0
1719244864.342415,0.0,633.0
1719244864.479034,0.0,633.0
1719244864.6179092,0.0,633.0
1719244864.7545664,0.0,633.0
1719244864.8844392,0.0,633.0
1719244865.0175638,0.0,633.0
1719244865.1561143,0.0,633.0
1719244865.2921982,0.0,633.0
1719244865.4335074,0.0,633.0
1719244865.5894907,0.0,633.0
1719244865.7443416,0.0,633.0
1719244865.9080896,0.0,633.0
1719244866.0567281,0.0,633.0
1719244866.2181711,0.0,633.0
1719244866.3717194,0.0,633.0
1719244866.545884,0.0,633.0
1719244866.6915727,0.0,633.0
1719244866.8347573,0.0,633.0
1719244866.9966626,0.0,633.0
1719244867.1614425,0.0,633.0
1719244867.3211815,0.0,633.0
1719244867.5256343,0.0,633.0
1719244867.7507312,0.0,633.0
1719244867.936981,0.0,633.0
1719244868.123306,0.0,633.0
1719244868.316146,0.0,633.0
1719244868.4925241,0.0,633.0
1719244868.6845014,0.0,633.0
1719244868.8399868,0.0,633.0
1719244868.9952335,0.0,633.0
1719244869.1382804,0.0,633.0
1719244869.2749615,0.0,633.0
1719244869.4054413,0.0,633.0
1719244869.5406396,0.0,633.0
1719244869.6770194,0.0,633.0
1719244869.814171,0.0,633.0
1719244869.9865406,0.0,633.0
1719244870.1349232,0.0,633.0
1719244870.2925699,0.0,633.0
1719244870.4664798,0.0,633.0
1719244870.6249394,0.0,633.0
1719244870.7925382,0.0,633.0
1719244870.9638147,0.0,633.0
1719244871.1123247,0.0,633.0
1719244871.2556868,0.0,633.0
1719244871.4058275,0.0,633.0
1719244871.5664077,0.0,633.0
1719244871.7701194,0.0,633.0
1719244871.9769442,0.0,633.0
1719244872.1859255,0.0,633.0
1719244872.6146982,0.0,633.0
1719244872.8061657,0.0,633.0
1719244872.9437687,0.0,633.0
1719244873.1163952,0.0,633.0
1719244873.280773,0.0,633.0
1719244873.4187052,0.0,633.0
1719244873.558638,0.0,633.0
1719244873.6944232,0.0,633.0
1719244873.8277993,0.0,633.0
1719244873.9664588,0.0,633.0
1719244874.102432,0.0,633.0
1719244874.2388897,0.0,633.0
1719244874.386391,0.0,633.0
1719244874.5351105,0.0,633.0
1719244874.702471,0.0,633.0
1719244874.8647034,0.0,633.0
1719244875.0333083,0.0,633.0
1719244875.2167678,0.0,633.0
1719244875.3703487,0.0,633.0
1719244875.507312,0.0,633.0
1719244875.6633465,0.0,633.0
1719244875.8177702,0.0,633.0
1719244875.982955,0.0,633.0
1719244876.1317716,0.0,633.0
1719244876.2864957,0.0,633.0
1719244876.485614,0.0,633.0
1719244876.6826503,0.0,633.0
1719244876.862085,0.0,633.0
1719244877.0174813,0.0,633.0
1719244877.2068903,0.0,633.0
1719244877.395815,0.0,633.0
1719244877.5652823,0.0,633.0
1719244877.7332058,0.0,633.0
1719244877.8702004,0.0,633.0
1719244878.00997,0.0,633.0
1719244878.144973,0.0,633.0
1719244878.2777212,0.0,633.0
1719244878.4151762,0.0,633.0
1719244878.5516,0.0,633.0
1719244878.68886,0.0,633.0
1719244878.859687,0.0,633.0
1719244879.0151577,0.0,633.0
1719244879.19395,0.0,633.0
1719244879.3443284,0.0,633.0
1719244879.497525,0.0,633.0
1719244879.644994,0.0,633.0
1719244879.823715,0.0,633.0
1719244879.9663775,0.0,633.0
1719244880.1159098,0.0,633.0
1719244880.2712653,0.0,633.0
1719244880.4344487,0.0,633.0
1719244880.5900068,0.0,633.0
1719244880.7349668,0.0,633.0
1719244880.94248,0.0,633.0
1719244881.1453903,0.0,633.0
1719244881.3441403,0.0,633.0
1719244881.500642,0.0,633.0
1719244881.6434512,0.0,633.0
1719244881.8102043,0.0,633.0
1719244881.960753,0.0,633.0
1719244882.1164043,0.0,633.0
1719244882.273205,0.0,633.0
1719244882.4106958,0.0,633.0
1719244882.5494864,0.0,633.0
1719244882.685084,0.0,633.0
1719244882.8207822,0.0,633.0
1719244882.959806,0.0,633.0
1719244883.100606,0.0,633.0
1719244883.2392516,0.0,633.0
1719244883.3930256,0.0,633.0
1719244883.5609756,0.0,633.0
1719244883.7272198,0.0,633.0
1719244883.8902347,0.0,633.0
1719244884.0475018,0.0,633.0
1719244884.1897478,0.0,633.0
1719244884.3518896,0.0,633.0
1719244884.507045,0.0,633.0
1719244884.6681833,0.0,633.0
1719244884.8362653,0.0,633.0
1719244885.002763,0.0,633.0
1719244885.1521688,0.0,633.0
1719244885.2951343,0.0,633.0
1719244885.4887064,0.0,633.0
1719244885.702661,0.0,633.0
1719244885.9136016,0.0,633.0
1719244886.0702162,0.0,633.0
1719244886.261606,0.0,633.0
1719244886.4202104,0.0,633.0
1719244886.5839138,0.0,633.0
1719244886.7436385,0.0,633.0
1719244886.8842926,0.0,633.0
1719244887.022051,0.0,633.0
1719244887.1595063,0.0,633.0
1719244887.2948375,0.0,633.0
1719244887.4252222,0.0,633.0
1719244887.5633075,0.0,633.0
1719244887.7403598,0.0,633.0
1719244887.9032302,0.0,633.0
1719244888.0692887,0.0,633.0
1719244888.2302847,0.0,633.0
1719244888.389864,0.0,633.0
1719244888.5612884,0.0,633.0
1719244888.7490392,0.0,633.0
1719244888.892191,0.0,633.0
1719244889.0626125,0.0,633.0
1719244889.209656,0.0,633.0
1719244889.366973,0.0,633.0
1719244889.5180333,0.0,633.0
1719244889.666968,0.0,633.0
1719244889.8539066,0.0,633.0
1719244890.0648465,0.0,633.0
1719244890.283298,0.0,633.0
1719244890.4891422,0.0,633.0
1719244890.6370797,0.0,633.0
1719244890.8225763,0.0,633.0
1719244890.9966333,0.0,633.0
1719244891.1426227,0.0,633.0
1719244891.3126364,0.0,633.0
1719244891.4575558,0.0,633.0
1719244891.5981975,0.0,633.0
1719244891.738338,0.0,633.0
1719244891.874266,0.0,633.0
1719244892.0056543,0.0,633.0
1719244892.1355197,0.0,633.0
1719244892.2760015,0.0,633.0
1719244892.4191017,0.0,633.0
1719244892.5619438,0.0,633.0
1719244892.7273104,0.0,633.0
1719244892.8958423,0.0,633.0
1719244893.0617745,0.0,633.0
1719244893.2127957,0.0,633.0
1719244893.3759453,0.0,633.0
1719244893.5163176,0.0,633.0
1719244893.6727717,0.0,633.0
1719244893.8136396,0.0,633.0
1719244893.958301,0.0,633.0
1719244894.1053953,0.0,633.0
1719244894.2562253,0.0,633.0
1719244894.4153132,0.0,633.0
1719244894.557157,0.0,633.0
1719244894.7522042,0.0,633.0
1719244894.949591,0.0,633.0
1719244895.1350164,0.0,633.0
1719244895.3255057,0.0,633.0
1719244895.5157022,0.0,633.0
1719244895.6961126,0.0,633.0
1719244895.8613303,0.0,633.0
1719244896.0284874,0.0,633.0
1719244896.1808815,0.0,633.0
1719244896.3187213,0.0,633.0
1719244896.456453,0.0,633.0
1719244896.5917356,0.0,633.0
1719244896.7246635,0.0,633.0
1719244896.8612313,0.0,633.0
1719244896.9970582,0.0,633.0
1719244897.134512,0.0,633.0
1719244897.3057399,0.0,633.0
1719244897.466323,0.0,633.0
1719244897.6405149,0.0,633.0
1719244897.8004532,0.0,633.0
1719244897.9625604,0.0,633.0
1719244898.1132808,0.0,633.0
1719244898.283072,0.0,633.0
1719244898.4261763,0.0,633.0
1719244898.580402,0.0,633.0
1719244898.7393095,0.0,633.0
1719244898.892885,0.0,633.0
1719244899.0468068,0.0,633.0
1719244899.1889973,0.0,633.0
1719244899.3865426,0.0,633.0
1719244899.5895615,0.0,633.0
1719244899.7979925,0.0,633.0
1719244899.9561238,0.0,633.0
1719244900.1425872,0.0,633.0
1719244900.2937238,0.0,633.0
1719244900.4419608,0.0,633.0
1719244900.6160657,0.0,633.0
1719244900.7553499,0.0,633.0
1719244900.8966107,0.0,633.0
1719244901.0372157,0.0,633.0
1719244901.1719203,0.0,633.0
1719244901.3063025,0.0,633.0
1719244901.4488869,0.0,633.0
1719244901.590527,0.0,633.0
1719244901.757527,0.0,633.0
1719244901.92318,0.0,633.0
1719244902.0760164,0.0,633.0
1719244902.2452357,0.0,633.0
1719244902.4121778,0.0,633.0
1719244902.5744822,0.0,633.0
1719244902.7461634,0.0,633.0
1719244902.899793,0.0,633.0
1719244903.06083,0.0,633.0
1719244903.2131886,0.0,633.0
1719244903.367531,0.0,633.0
1719244903.532573,0.0,633.0
1719244903.6896076,0.0,633.0
1719244903.9337595,0.0,633.0
1719244904.0912576,0.0,633.0
1719244904.2945962,0.0,633.0
1719244904.4507859,0.0,633.0
1719244904.6508017,0.0,633.0
1719244904.810697,0.0,633.0
1719244904.9753182,0.0,633.0
1719244905.1439512,0.0,633.0
1719244905.2807717,0.0,633.0
1719244905.4197693,0.0,633.0
1719244905.560262,0.0,633.0
1719244905.6907797,0.0,633.0
1719244905.8218355,0.0,633.0
1719244905.9592347,0.0,633.0
1719244906.0965068,0.0,633.0
1719244906.2335825,0.0,633.0
1719244906.413448,0.0,633.0
1719244906.6021576,0.0,633.0
1719244906.761919,0.0,633.0
1719244906.913324,0.0,633.0
1719244907.0789394,0.0,633.0
1719244907.230663,0.0,633.0
1719244907.3830261,0.0,633.0
1719244907.5238576,0.0,633.0
1719244907.6793087,0.0,633.0
1719244907.8349397,0.0,633.0
1719244907.9989295,0.0,633.0
1719244908.16482,0.0,633.0
1719244908.3288507,0.0,633.0
1719244908.5290873,0.0,633.0
1719244908.6976752,0.0,633.0
1719244908.8885763,0.0,633.0
1719244909.0383985,0.0,633.0
1719244909.2233,0.0,633.0
1719244909.3915038,0.0,633.0
1719244909.568414,0.0,633.0
1719244909.7204115,0.0,633.0
1719244909.8576918,0.0,633.0
1719244909.9984894,0.0,633.0
1719244910.1363287,0.0,633.0
1719244910.2693162,0.0,633.0
1719244910.4003918,0.0,633.0
1719244910.5369277,0.0,633.0
1719244910.6735308,0.0,633.0
1719244910.8094726,0.0,633.0
1719244910.9606721,0.0,633.0
1719244911.1457458,0.0,633.0
1719244911.3389058,0.0,633.0
1719244911.5092156,0.0,633.0
1719244911.6811485,0.0,633.0
1719244911.8228552,0.0,633.0
1719244911.971392,0.0,633.0
1719244912.1126187,0.0,633.0
1719244912.270671,0.0,633.0
1719244912.4175556,0.0,633.0
1719244912.6169307,0.0,633.0
1719244912.7771273,0.0,633.0
1719244912.9285529,0.0,633.0
1719244913.1362686,0.0,633.0
1719244913.3070014,0.0,633.0
1719244913.4917643,0.0,633.0
1719244913.643232,0.0,633.0
1719244913.8296165,0.0,633.0
1719244914.0147707,0.0,633.0
1719244914.1747508,0.0,633.0
1719244914.336868,0.0,633.0
1719244914.4744947,0.0,633.0
1719244914.6139202,0.0,633.0
1719244914.7488635,0.0,633.0
1719244914.8801556,0.0,633.0
1719244915.0086145,0.0,633.0
1719244915.147185,0.0,633.0
1719244915.2817967,0.0,633.0
1719244915.4208357,0.0,633.0
1719244915.587975,0.0,633.0
1719244915.7418797,0.0,633.0
1719244915.8994427,0.0,633.0
1719244916.0625763,0.0,633.0
1719244916.2291427,0.0,633.0
1719244916.3763149,0.0,633.0
1719244916.5455165,0.0,633.0
1719244916.6825733,0.0,633.0
1719244916.8342276,0.0,633.0
1719244916.9839945,0.0,633.0
1719244917.1617954,0.0,633.0
1719244917.3233035,0.0,633.0
1719244917.499522,0.0,633.0
1719244917.7058635,0.0,633.0
1719244917.8564122,0.0,633.0
1719244918.054317,0.0,633.0
1719244918.2027256,0.0,633.0
1719244918.3920147,0.0,633.0
1719244918.5471714,0.0,633.0
1719244918.7097654,0.0,633.0
1719244918.8734784,0.0,633.0
1719244919.0118446,0.0,633.0
1719244919.1521661,0.0,633.0
1719244919.2958906,0.0,633.0
1719244919.4280944,0.0,633.0
1719244919.5561626,0.0,633.0
1719244919.6937509,0.0,633.0
1719244919.8297908,0.0,633.0
1719244920.013177,0.0,633.0
1719244920.1688354,0.0,633.0
1719244920.327293,0.0,633.0
1719244920.5253415,0.0,633.0
1719244920.695709,0.0,633.0
1719244920.855005,0.0,633.0
1719244921.0229716,0.0,633.0
1719244921.1635008,0.0,633.0
1719244921.3248107,0.0,633.0
1719244921.478394,0.0,633.0
1719244921.6366806,0.0,633.0
1719244921.786643,0.0,633.0
1719244921.9264486,0.0,633.0
1719244922.1277196,0.0,633.0
1719244922.3297322,0.0,633.0
1719244922.5412114,0.0,633.0
1719244922.706317,0.0,633.0
1719244922.8936539,0.0,633.0
1719244923.061802,0.0,633.0
1719244923.2297661,0.0,633.0
1719244923.3987734,0.0,633.0
1719244923.540765,0.0,633.0
1719244923.6788623,0.0,633.0
1719244923.8163507,0.0,633.0
1719244923.9480243,0.0,633.0
1719244924.0867882,0.0,633.0
1719244924.2244499,0.0,633.0
1719244924.3592162,0.0,633.0
1719244924.5178485,0.0,633.0
1719244924.6721275,0.0,633.0
1719244924.8381934,0.0,633.0
1719244924.9947932,0.0,633.0
1719244925.160552,0.0,633.0
1719244925.3148932,0.0,633.0
1719244925.4837637,0.0,633.0
1719244925.6265695,0.0,633.0
1719244925.7749555,0.0,633.0
1719244925.9282784,0.0,633.0
1719244926.092144,0.0,633.0
1719244926.2605968,0.0,633.0
1719244926.4585836,0.0,633.0
1719244926.6632957,0.0,633.0
1719244926.8068063,0.0,633.0
1719244926.997865,0.0,633.0
1719244927.1409938,0.0,633.0
1719244927.34975,0.0,633.0
1719244927.5071454,0.0,633.0
1719244927.673656,0.0,633.0
1719244927.843091,0.0,633.0
1719244927.9807906,0.0,633.0
1719244928.1199498,0.0,633.0
1719244928.25813,0.0,633.0
1719244928.3917542,0.0,633.0
1719244928.5312626,0.0,633.0
1719244928.669634,0.0,633.0
1719244928.8079395,0.0,633.0
1719244928.980199,0.0,633.0
1719244929.1432495,0.0,633.0
1719244929.2986414,0.0,633.0
1719244929.4592216,0.0,633.0
1719244929.6429222,0.0,633.0
1719244929.782853,0.0,633.0
1719244929.9498148,0.0,633.0
1719244930.1029787,0.0,633.0
1719244930.2772164,0.0,633.0
1719244930.434484,0.0,633.0
1719244930.5842102,0.0,633.0
1719244930.7301016,0.0,633.0
1719244930.9399068,0.0,633.0
1719244931.1503823,0.0,633.0
1719244931.3612964,0.0,633.0
1719244931.5206552,0.0,633.0
1719244931.706421,0.0,633.0
1719244931.875068,0.0,633.0
1719244932.0398192,0.0,633.0
1719244932.199299,0.0,633.0
1719244932.3526015,0.0,633.0
1719244932.4912786,0.0,633.0
1719244932.6277778,0.0,633.0
1719244932.763253,0.0,633.0
1719244932.896121,0.0,633.0
1719244933.035001,0.0,633.0
1719244933.173183,0.0,633.0
1719244933.3078408,0.0,633.0
1719244933.4762878,0.0,633.0
1719244933.6406496,0.0,633.0
1719244933.7766418,0.0,633.0
1719244933.9427783,0.0,633.0
1719244934.0955682,0.0,633.0
1719244934.2844758,0.0,633.0
1719244934.4304183,0.0,633.0
1719244934.5921488,0.0,633.0
1719244934.736588,0.0,633.0
1719244934.8861117,0.0,633.0
1719244935.0449302,0.0,633.0
1719244935.2041888,0.0,633.0
1719244935.3627365,0.0,633.0
1719244935.5069654,0.0,633.0
1719244935.7141502,0.0,633.0
1719244935.899211,0.0,633.0
1719244936.0904565,0.0,633.0
1719244936.2484324,0.0,633.0
1719244936.442065,0.0,633.0
1719244936.6005735,0.0,633.0
1719244936.7978141,0.0,633.0
1719244936.9601345,0.0,633.0
1719244937.0988054,0.0,633.0
1719244937.2487833,0.0,633.0
1719244937.3862836,0.0,633.0
1719244937.5185616,0.0,633.0
1719244937.6562002,0.0,633.0
1719244937.7933333,0.0,633.0
1719244937.9541688,0.0,633.0
1719244938.1094491,0.0,633.0
1719244938.263433,0.0,633.0
1719244938.4133327,0.0,633.0
1719244938.5665746,0.0,633.0
1719244938.75723,0.0,633.0
1719244938.9008515,0.0,633.0
1719244939.05726,0.0,633.0
1719244939.2008927,0.0,633.0
1719244939.3443837,0.0,633.0
1719244939.509168,0.0,633.0
1719244939.6651788,0.0,633.0
1719244939.819971,0.0,633.0
1719244939.974254,0.0,633.0
1719244940.1723938,0.0,633.0
1719244940.3756895,0.0,633.0
1719244940.5666199,0.0,633.0
1719244940.754376,0.0,633.0
1719244940.9123347,0.0,633.0
1719244941.0673041,0.0,633.0
1719244941.216888,0.0,633.0
1719244941.370629,0.0,633.0
1719244941.5566103,0.0,633.0
1719244941.70005,0.0,633.0
1719244941.8403027,0.0,633.0
1719244941.9766746,0.0,633.0
1719244942.1091504,0.0,633.0
1719244942.2498813,0.0,633.0
1719244942.3929474,0.0,633.0
1719244942.5341938,0.0,633.0
1719244942.6876094,0.0,633.0
1719244942.8480692,0.0,633.0
1719244942.9991503,0.0,633.0
1719244943.1630425,0.0,633.0
1719244943.312845,0.0,633.0
1719244943.502512,0.0,633.0
1719244943.6784916,0.0,633.0
1719244943.819527,0.0,633.0
1719244943.9868438,0.0,633.0
1719244944.1381524,0.0,633.0
1719244944.3025973,0.0,633.0
1719244944.4664662,0.0,633.0
1719244944.6121764,0.0,633.0
1719244944.8176186,0.0,633.0
1719244945.0035872,0.0,633.0
1719244945.1923912,0.0,633.0
1719244945.3430927,0.0,633.0
1719244945.5378814,0.0,633.0
1719244945.6980443,0.0,633.0
1719244945.876956,0.0,633.0
1719244946.0251093,0.0,633.0
1719244946.1641345,0.0,633.0
1719244946.300681,0.0,633.0
1719244946.4368598,0.0,633.0
1719244946.5728428,0.0,633.0
1719244946.7033978,0.0,633.0
1719244946.8429506,0.0,633.0
1719244946.9906883,0.0,633.0
1719244947.1634667,0.0,633.0
1719244947.332403,0.0,633.0
1719244947.4877381,0.0,633.0
1719244947.656307,0.0,633.0
1719244947.8447886,0.0,633.0
1719244948.009949,0.0,633.0
1719244948.1722414,0.0,633.0
1719244948.3183217,0.0,633.0
1719244948.4838552,0.0,633.0
1719244948.636065,0.0,633.0
1719244948.8036041,0.0,633.0
1719244948.9605095,0.0,633.0
1719244949.1249177,0.0,633.0
1719244949.311295,0.0,633.0
1719244949.500752,0.0,633.0
1719244949.686251,0.0,633.0
1719244949.8306148,0.0,633.0
1719244950.0180483,0.0,633.0
1719244950.1851828,0.0,633.0
1719244950.3574944,0.0,633.0
1719244950.5189998,0.0,633.0
1719244950.657442,0.0,633.0
1719244950.7978628,0.0,633.0
1719244950.9340394,0.0,633.0
1719244951.067702,0.0,633.0
1719244951.2044716,0.0,633.0
1719244951.3423395,0.0,633.0
1719244951.479858,0.0,633.0
1719244951.6486835,0.0,633.0
1719244951.8296828,0.0,633.0
1719244951.989616,0.0,633.0
1719244952.1546996,0.0,633.0
1719244952.313309,0.0,633.0
1719244952.4967794,0.0,633.0
1719244952.6638646,0.0,633.0
1719244952.8123474,0.0,633.0
1719244952.98889,0.0,633.0
1719244953.1497116,0.0,633.0
1719244953.3217404,0.0,633.0
1719244953.4767635,0.0,633.0
1719244953.6175547,0.0,633.0
1719244953.822822,0.0,633.0
1719244954.029134,0.0,633.0
1719244954.2631495,0.0,633.0
1719244954.4385867,0.0,633.0
1719244954.626249,0.0,633.0
1719244954.763479,0.0,633.0
1719244954.9338522,0.0,633.0
1719244955.091498,0.0,633.0
1719244955.22979,0.0,633.0
1719244955.3687727,0.0,633.0
1719244955.5042498,0.0,633.0
1719244955.637772,0.0,633.0
1719244955.7754657,0.0,633.0
1719244955.9114375,0.0,633.0
1719244956.0497253,0.0,633.0
1719244956.2132306,0.0,633.0
1719244956.3656766,0.0,633.0
1719244956.5216315,0.0,633.0
1719244956.6780076,0.0,633.0
1719244956.8524501,0.0,633.0
1719244956.991079,0.0,633.0
1719244957.159473,0.0,633.0
1719244957.3061042,0.0,633.0
1719244957.4688516,0.0,633.0
1719244957.6235156,0.0,633.0
1719244957.784218,0.0,633.0
1719244957.9473062,0.0,633.0
1719244958.0933225,0.0,633.0
1719244958.2998376,0.0,633.0
1719244958.5013907,0.0,633.0
1719244958.6859996,0.0,633.0
1719244958.8390079,0.0,633.0
1719244959.0333488,0.0,633.0
1719244959.216618,0.0,633.0
1719244959.3736196,0.0,633.0
1719244959.538452,0.0,633.0
1719244959.6760721,0.0,633.0
1719244959.8136334,0.0,633.0
1719244959.9495718,0.0,633.0
1719244960.0834286,0.0,633.0
1719244960.2209625,0.0,633.0
1719244960.3583667,0.0,633.0
1719244960.4934397,0.0,633.0
1719244960.6684463,0.0,633.0
1719244960.8279686,0.0,633.0
1719244960.992294,0.0,633.0
1719244961.152528,0.0,633.0
1719244961.3123143,0.0,633.0
1719244961.4829366,0.0,633.0
1719244961.656986,0.0,633.0
1719244961.8014064,0.0,633.0
1719244961.957341,0.0,633.0
1719244962.1041973,0.0,633.0
1719244962.2797704,0.0,633.0
1719244962.4429967,0.0,633.0
1719244962.5851064,0.0,633.0
1719244962.773809,0.0,633.0
1719244962.956442,0.0,633.0
1719244963.1492367,0.0,633.0
1719244963.3384397,0.0,633.0
1719244963.5316563,0.0,633.0
1719244963.6988688,0.0,633.0
1719244963.8596425,0.0,633.0
1719244964.0198455,0.0,633.0
1719244964.161528,0.0,633.0
1719244964.3006172,0.0,633.0
1719244964.437015,0.0,633.0
1719244964.57098,0.0,633.0
1719244964.702278,0.0,633.0
1719244964.8411846,0.0,633.0
1719244964.9779353,0.0,633.0
1719244965.1455555,0.0,633.0
1719244965.30075,0.0,633.0
1719244965.454253,0.0,633.0
1719244965.6260004,0.0,633.0
1719244965.7797477,0.0,633.0
1719244965.9662557,0.0,633.0
1719244966.130419,0.0,633.0
1719244966.2879918,0.0,633.0
1719244966.4429595,0.0,633.0
1719244966.6102269,0.0,633.0
1719244966.7843614,0.0,633.0
1719244966.9408977,0.0,633.0
1719244967.0826757,0.0,633.0
1719244967.296797,0.0,633.0
1719244967.500889,0.0,633.0
1719244967.6614435,0.0,633.0
1719244967.8587584,0.0,633.0
1719244968.0458803,0.0,633.0
1719244968.2142797,0.0,633.0
1719244968.3594954,0.0,633.0
1719244968.5173059,0.0,633.0
1719244968.665428,0.0,633.0
1719244968.805261,0.0,633.0
1719244968.942538,0.0,633.0
1719244969.0765994,0.0,633.0
1719244969.2430975,0.0,633.0
1719244969.3797848,0.0,633.0
1719244969.5154912,0.0,633.0
1719244969.6513119,0.0,633.0
1719244969.8096075,0.0,633.0
1719244969.9715152,0.0,633.0
1719244970.1272929,0.0,633.0
1719244970.301132,0.0,633.0
1719244970.4629703,0.0,633.0
1719244970.682485,0.0,633.0
1719244970.8509448,0.0,633.0
1719244971.000162,0.0,633.0
1719244971.1667092,0.0,633.0
1719244971.3349245,0.0,633.0
1719244971.5132222,0.0,633.0
1719244971.6621754,0.0,633.0
1719244971.8064618,0.0,633.0
1719244972.0003657,0.0,633.0
1719244972.1924467,0.0,633.0
1719244972.3780994,0.0,633.0
1719244972.5346444,0.0,633.0
1719244972.7259798,0.0,633.0
1719244972.886618,0.0,633.0
1719244973.058487,0.0,633.0
1719244973.2201974,0.0,633.0
1719244973.3602784,0.0,633.0
1719244973.4982982,0.0,633.0
1719244973.6352003,0.0,633.0
1719244973.7673852,0.0,633.0
1719244973.9040685,0.0,633.0
1719244974.2585685,0.0,633.0
1719244974.4273086,0.0,633.0
1719244974.6003087,0.0,633.0
1719244974.7484314,0.0,633.0
1719244974.9113567,0.0,633.0
1719244975.1128948,0.0,633.0
1719244975.2530253,0.0,633.0
1719244975.4089782,0.0,633.0
1719244975.5755124,0.0,633.0
1719244975.7516868,0.0,633.0
1719244975.9184735,0.0,633.0
1719244976.080126,0.0,633.0
1719244976.2214468,0.0,633.0
1719244976.4298148,0.0,633.0
1719244976.644313,0.0,633.0
1719244976.8503928,0.0,633.0
1719244977.0002096,0.0,633.0
1719244977.196334,0.0,633.0
1719244977.3625824,0.0,633.0
1719244977.527506,0.0,633.0
1719244977.6801414,0.0,633.0
1719244977.8209882,0.0,633.0
1719244977.9604125,0.0,633.0
1719244978.0978675,0.0,633.0
1719244978.2310655,0.0,633.0
1719244978.367197,0.0,633.0
1719244978.5035446,0.0,633.0
1719244978.651302,0.0,633.0
1719244978.8202317,0.0,633.0
1719244978.97849,0.0,633.0
1719244979.132811,0.0,633.0
1719244979.310951,0.0,633.0
1719244979.4882178,0.0,633.0
1719244979.6436493,0.0,633.0
1719244979.8026416,0.0,633.0
1719244979.9487038,0.0,633.0
1719244980.1084812,0.0,633.0
1719244980.284576,0.0,633.0
1719244980.4649956,0.0,633.0
1719244980.6249666,0.0,633.0
1719244980.7681298,0.0,633.0
1719244980.9677103,0.0,633.0
1719244981.171845,0.0,633.0
1719244981.3824842,0.0,633.0
1719244981.5594695,0.0,633.0
1719244981.768882,0.0,633.0
1719244981.915196,0.0,633.0
1719244982.0919342,0.0,633.0
1719244982.259298,0.0,633.0
1719244982.3968043,0.0,633.0
1719244982.536122,0.0,633.0
1719244982.6712754,0.0,633.0
1719244982.803037,0.0,633.0
1719244982.9343076,0.0,633.0
1719244983.0717137,0.0,633.0
1719244983.2098975,0.0,633.0
1719244983.3725898,0.0,633.0
1719244983.5336466,0.0,633.0
1719244983.684469,0.0,633.0
1719244983.8512385,0.0,633.0
1719244984.00267,0.0,633.0
1719244984.1742108,0.0,633.0
1719244984.3442783,0.0,633.0
1719244984.503234,0.0,633.0
1719244984.653073,0.0,633.0
1719244984.8047447,0.0,633.0
1719244984.9492047,0.0,633.0
1719244985.104698,0.0,633.0
1719244985.2552958,0.0,633.0
1719244985.4600399,0.0,633.0
1719244985.6627576,0.0,633.0
1719244985.8542802,0.0,633.0
1719244986.0408833,0.0,633.0
1719244986.2366185,0.0,633.0
1719244986.3871841,0.0,633.0
1719244986.54848,0.0,633.0
1719244986.703631,0.0,633.0
1719244986.8468113,0.0,633.0
1719244986.9830217,0.0,633.0
1719244987.1671183,0.0,633.0
1719244987.3026373,0.0,633.0
1719244987.43344,0.0,633.0
1719244987.5710728,0.0,633.0
1719244987.7073922,0.0,633.0
1719244987.8420827,0.0,633.0
1719244988.0057938,0.0,633.0
1719244988.162828,0.0,633.0
1719244988.3261395,0.0,633.0
1719244988.4790115,0.0,633.0
1719244988.6505134,0.0,633.0
1719244988.793488,0.0,633.0
1719244988.9475315,0.0,633.0
1719244989.0902734,0.0,633.0
1719244989.2455335,0.0,633.0
1719244989.3975182,0.0,633.0
1719244989.5717287,0.0,633.0
1719244989.741254,0.0,633.0
1719244989.8893054,0.0,633.0
1719244990.096065,0.0,633.0
1719244990.2790802,0.0,633.0
1719244990.4809542,0.0,633.0
1719244990.6283157,0.0,633.0
1719244990.8155704,0.0,633.0
1719244990.977908,0.0,633.0
1719244991.1306317,0.0,633.0
1719244991.336373,0.0,633.0
1719244991.478297,0.0,633.0
1719244991.618782,0.0,633.0
1719244991.757147,0.0,633.0
1719244991.8966086,0.0,633.0
1719244992.0423982,0.0,633.0
1719244992.1838396,0.0,633.0
1719244992.3321133,0.0,633.0
1719244992.4992187,0.0,633.0
1719244992.6719773,0.0,633.0
1719244992.8171167,0.0,633.0
1719244992.9834716,0.0,633.0
1719244993.1539114,0.0,633.0
1719244993.3058517,0.0,633.0
1719244993.4589095,0.0,633.0
1719244993.6060977,0.0,633.0
1719244993.7447245,0.0,633.0
1719244993.9112363,0.0,633.0
1719244994.0687213,0.0,633.0
1719244994.2182946,0.0,633.0
1719244994.4051628,0.0,633.0
1719244994.6053545,0.0,633.0
1719244994.7734172,0.0,633.0
1719244994.980751,0.0,633.0
1719244995.170526,0.0,633.0
1719244995.3253856,0.0,633.0
1719244995.4754744,0.0,633.0
1719244995.6367218,0.0,633.0
1719244995.7947369,0.0,633.0
1719244995.9322317,0.0,633.0
1719244996.0734231,0.0,633.0
1719244996.2077594,0.0,633.0
1719244996.3389866,0.0,633.0
1719244996.4689434,0.0,633.0
1719244996.6070325,0.0,633.0
1719244996.7438676,0.0,633.0
1719244996.9031017,0.0,633.0
1719244997.0635014,0.0,633.0
1719244997.2296267,0.0,633.0
1719244997.4062514,0.0,633.0
1719244997.5560699,0.0,633.0
1719244997.7386518,0.0,633.0
1719244997.8826344,0.0,633.0
1719244998.050279,0.0,633.0
1719244998.2020307,0.0,633.0
1719244998.3803556,0.0,633.0
1719244998.5549848,0.0,633.0
1719244998.7152689,0.0,633.0
1719244998.8578432,0.0,633.0
1719244999.0568945,0.0,633.0
1719244999.2638006,0.0,633.0
1719244999.455199,0.0,633.0
1719244999.6328256,0.0,633.0
1719244999.8220534,0.0,633.0
1719244999.9939663,0.0,633.0
1719245000.1358612,0.0,633.0
1719245000.2988513,0.0,633.0
1719245000.4540026,0.0,633.0
1719245000.5915372,0.0,633.0
1719245000.7295034,0.0,633.0
1719245000.8653579,0.0,633.0
1719245000.9973104,0.0,633.0
1719245001.136124,0.0,633.0
1719245001.2733376,0.0,633.0
1719245001.412601,0.0,633.0
1719245001.5664663,0.0,633.0
1719245001.7365224,0.0,633.0
1719245001.897386,0.0,633.0
1719245002.0455146,0.0,633.0
1719245002.2415528,0.0,633.0
1719245002.3835328,0.0,633.0
1719245002.541597,0.0,633.0
1719245002.7018068,0.0,633.0
1719245002.8472056,0.0,633.0
1719245003.0215008,0.0,633.0
1719245003.1821642,0.0,633.0
1719245003.3525257,0.0,633.0
1719245003.5287697,0.0,633.0
1719245003.918518,0.0,633.0
1719245004.1344833,0.0,633.0
1719245004.3350122,0.0,633.0
1719245004.5354872,0.0,633.0
1719245004.7422678,0.0,633.0
1719245004.8998117,0.0,633.0
1719245005.0374537,0.0,633.0
1719245005.175167,0.0,633.0
1719245005.3107882,0.0,633.0
1719245005.4409058,0.0,633.0
1719245005.5787566,0.0,633.0
1719245005.7150042,0.0,633.0
1719245005.8585155,0.0,633.0
1719245006.0012228,0.0,633.0
1719245006.1619995,0.0,633.0
1719245006.3151686,0.0,633.0
1719245006.4713168,0.0,633.0
1719245006.6321802,0.0,633.0
1719245006.7948484,0.0,633.0
1719245006.953303,0.0,633.0
1719245007.108806,0.0,633.0
1719245007.260841,0.0,633.0
1719245007.4165368,0.0,633.0
1719245007.5615685,0.0,633.0
1719245007.7265973,0.0,633.0
1719245007.877264,0.0,633.0
1719245008.021623,0.0,633.0
1719245008.2188041,0.0,633.0
1719245008.4239566,0.0,633.0
1719245008.6037557,0.0,633.0
1719245008.7726562,0.0,633.0
1719245008.954774,0.0,633.0
1719245009.1241918,0.0,633.0
1719245009.2882912,0.0,633.0
1719245009.4494138,0.0,633.0
1719245009.5900328,0.0,633.0
1719245009.728421,0.0,633.0
1719245009.8728306,0.0,633.0
1719245010.0069938,0.0,633.0
1719245010.1390646,0.0,633.0
1719245010.2761216,0.0,633.0
1719245010.4129179,0.0,633.0
1719245010.5494223,0.0,633.0
1719245010.7180555,0.0,633.0
1719245010.8845458,0.0,633.0
1719245011.0318556,0.0,633.0
1719245011.190582,0.0,633.0
1719245011.3725488,0.0,633.0
1719245011.5195978,0.0,633.0
1719245011.7063699,0.0,633.0
1719245011.8423371,0.0,633.0
1719245012.0272334,0.0,633.0
1719245012.1921551,0.0,633.0
1719245012.347022,0.0,633.0
1719245012.5147645,0.0,633.0
1719245012.6615393,0.0,633.0
1719245012.8716576,0.0,633.0
1719245013.083167,2.0,2453.0
1719245013.3239505,6.0,2465.0
1719245013.5320516,0.0,2465.0
1719245013.6903546,0.0,2465.0
1719245013.852036,0.0,2465.0
1719245014.0078702,0.0,2465.0
1719245014.171455,0.0,4067.0
1719245014.31227,2.0,4067.0
1719245014.4988513,1.0,4067.0
1719245014.6376388,1.0,5603.0
1719245014.775575,8.0,7715.0
1719245014.9163253,73.0,10009.0
1719245015.0572143,8.0,30409.0
1719245015.2041748,100.0,30409.0
1719245015.3904567,100.0,30409.0
1719245015.56541,5.0,30409.0
1719245015.749626,0.0,30409.0
1719245015.9357295,1.0,30409.0
1719245016.1173356,1.0,30409.0
1719245016.2908576,2.0,30419.0
1719245016.4431777,2.0,30419.0
1719245016.6003027,0.0,30419.0
1719245016.7645445,0.0,30419.0
1719245016.9360266,0.0,30419.0
1719245017.1101792,35.0,36565.0
1719245017.3089669,100.0,36567.0
1719245017.5251563,93.0,36569.0
1719245017.7046232,86.0,36577.0
1719245017.913775,10.0,36581.0
1719245018.1570613,1.0,36581.0
1719245018.3637056,22.0,36581.0
1719245018.573756,100.0,42727.0
1719245018.742648,99.0,42727.0
1719245018.8947787,100.0,42727.0
1719245019.0457757,100.0,42727.0
1719245019.1928103,100.0,42727.0
1719245019.347479,83.0,42727.0
1719245019.501559,48.0,42727.0
1719245019.6618721,48.0,42727.0
1719245019.8640325,100.0,42727.0
1719245020.0470629,99.0,42727.0
1719245020.2872627,100.0,42727.0
1719245020.4625118,56.0,42727.0
1719245020.6578636,47.0,42727.0
1719245020.822683,47.0,42727.0
1719245021.0003788,100.0,42727.0
1719245021.1795194,99.0,42727.0
1719245021.3477206,100.0,42727.0
1719245021.5457494,100.0,42727.0
1719245021.7709918,58.0,42727.0
1719245021.987325,30.0,42727.0
1719245022.2127552,100.0,42727.0
1719245022.417569,92.0,42727.0
1719245022.6857095,100.0,42727.0
1719245022.8861356,81.0,42727.0
1719245023.0919108,47.0,42727.0
1719245023.270931,100.0,42727.0
1719245023.444654,100.0,42727.0
1719245023.6022446,99.0,42727.0
1719245023.7498603,100.0,42727.0
1719245023.8946385,100.0,42727.0
1719245024.050064,100.0,42727.0
1719245024.2008812,58.0,42727.0
1719245024.3578658,58.0,42727.0
1719245024.5294278,100.0,42727.0
1719245024.6997545,91.0,42727.0
1719245024.860903,91.0,42727.0
1719245025.2155144,100.0,42727.0
1719245025.3986745,34.0,42727.0
1719245025.5877864,100.0,42727.0
1719245025.748085,100.0,42727.0
1719245025.9192488,99.0,42727.0
1719245026.0899026,100.0,42727.0
1719245026.2775304,100.0,42727.0
1719245026.4511437,99.0,42727.0
1719245026.6243637,38.0,42727.0
1719245026.8576286,100.0,42727.0
1719245027.0429533,100.0,42727.0
1719245027.2627416,100.0,42727.0
1719245027.4798791,67.0,42727.0
1719245027.7100344,64.0,42727.0
1719245027.8845172,64.0,42727.0
1719245028.0640302,100.0,42727.0
1719245028.226646,99.0,42727.0
1719245028.3764777,99.0,42727.0
1719245028.527202,100.0,42727.0
1719245028.6739469,100.0,42727.0
1719245028.8305354,47.0,42727.0
1719245029.0245812,100.0,42727.0
1719245029.2200432,99.0,42727.0
1719245029.4102771,100.0,42727.0
1719245029.5880773,100.0,42727.0
1719245029.7750154,99.0,42727.0
1719245029.981157,29.0,42727.0
1719245030.1467915,100.0,42727.0
1719245030.3237603,100.0,42727.0
1719245030.4910884,99.0,42727.0
1719245030.6500907,100.0,42727.0
1719245030.8067882,100.0,42727.0
1719245030.977209,76.0,42727.0
1719245031.1650312,52.0,42727.0
1719245031.3309312,52.0,42727.0
1719245031.563001,99.0,42727.0
1719245031.8225682,100.0,42727.0
1719245032.0526187,100.0,42727.0
1719245032.241966,53.0,42727.0
1719245032.5208943,55.0,42727.0
1719245032.695298,100.0,42727.0
1719245032.8875017,99.0,42727.0
1719245033.041947,100.0,42727.0
1719245033.1919036,100.0,42727.0
1719245033.3439817,100.0,42727.0
1719245033.4916437,50.0,42727.0
1719245033.6367815,97.0,42727.0
1719245033.7872856,99.0,42727.0
1719245033.936261,99.0,42727.0
1719245034.1094155,100.0,42727.0
1719245034.295145,100.0,42727.0
1719245034.472196,100.0,42727.0
1719245034.6522744,24.0,42727.0
1719245034.8268528,100.0,42727.0
1719245035.0242302,99.0,42727.0
1719245035.1930997,99.0,42727.0
1719245035.3623767,100.0,42727.0
1719245035.5375211,100.0,42727.0
1719245035.7090588,87.0,42727.0
1719245035.8857613,54.0,42727.0
1719245036.0872028,100.0,42727.0
1719245036.2912953,99.0,42727.0
1719245036.5118651,100.0,42727.0
1719245036.7240293,100.0,42727.0
1719245036.950999,74.0,42727.0
1719245037.1856554,100.0,42727.0
1719245037.3990986,98.0,42727.0
1719245037.5919247,100.0,42727.0
1719245037.774889,100.0,42727.0
1719245037.9260402,100.0,42727.0
1719245038.0767152,47.0,42727.0
1719245038.2310221,47.0,42727.0
1719245038.4091635,99.0,42727.0
1719245038.5634372,99.0,42727.0
1719245038.7610219,100.0,42727.0
1719245038.9338584,100.0,42727.0
1719245039.1378434,86.0,42727.0
1719245039.323016,56.0,42727.0
1719245039.528211,100.0,42727.0
1719245039.6888683,99.0,42727.0
1719245039.864795,100.0,42727.0
1719245040.0439098,100.0,42727.0
1719245040.251593,48.0,42727.0
1719245040.4558957,61.0,42727.0
1719245040.639032,61.0,42727.0
1719245040.8340876,99.0,42727.0
1719245041.0729537,100.0,42727.0
1719245041.245234,100.0,42727.0
1719245041.4606438,45.0,42727.0
1719245041.6701527,45.0,42727.0
1719245041.8689783,99.0,42727.0
1719245042.0416248,100.0,42727.0
1719245042.2155907,100.0,42727.0
1719245042.376595,100.0,42727.0
1719245042.5264745,100.0,42727.0
1719245042.6865613,45.0,42727.0
1719245042.8351147,45.0,42727.0
1719245042.9842134,100.0,42727.0
1719245043.1366143,99.0,42727.0
1719245043.286104,100.0,42727.0
1719245043.4673262,100.0,42727.0
1719245043.6446068,100.0,42727.0
1719245043.8591502,63.0,42727.0
1719245044.055212,100.0,42727.0
1719245044.2312033,94.0,42727.0
1719245044.4240808,100.0,42727.0
1719245044.6011999,100.0,42727.0
1719245044.7592685,100.0,42727.0
1719245044.9315279,44.0,42727.0
1719245045.1033413,97.0,42727.0
1719245045.279993,99.0,42727.0
1719245045.4532404,99.0,42727.0
1719245045.608133,100.0,42727.0
1719245045.8280244,100.0,42727.0
1719245046.0191944,100.0,42727.0
1719245046.2697973,7.0,42727.0
1719245046.4886703,99.0,42727.0
1719245046.6683183,94.0,42727.0
1719245046.8567798,100.0,42727.0
1719245047.037962,100.0,42727.0
1719245047.2154362,100.0,42727.0
1719245047.3765516,42.0,42727.0
1719245047.5360804,100.0,42727.0
1719245047.6879048,99.0,42727.0
1719245047.845567,99.0,42727.0
1719245048.0193043,100.0,42727.0
1719245048.186257,100.0,42727.0
1719245048.3634903,87.0,42727.0
1719245048.5585616,42.0,42727.0
1719245048.7342095,100.0,42727.0
1719245048.934349,99.0,42727.0
1719245049.1024954,99.0,42727.0
1719245049.281852,100.0,42727.0
1719245049.4580545,100.0,42727.0
1719245049.627012,64.0,42727.0
1719245049.7954814,56.0,42727.0
1719245049.971759,100.0,42727.0
1719245050.1389976,92.0,42727.0
1719245050.3889246,100.0,42727.0
1719245050.613835,100.0,42727.0
1719245050.841172,57.0,42727.0
1719245051.0577815,100.0,42727.0
1719245051.2687404,100.0,42727.0
1719245051.4305894,99.0,42727.0
1719245051.6119328,100.0,42727.0
1719245051.7758658,100.0,42727.0
1719245051.9268954,48.0,42727.0
1719245052.0826917,48.0,42727.0
1719245052.2966826,100.0,42727.0
1719245052.439769,99.0,42727.0
1719245052.5898616,100.0,42727.0
1719245052.7379634,100.0,42727.0
1719245052.9354794,100.0,42727.0
1719245053.1310422,23.0,42727.0
1719245053.3496726,100.0,42727.0
1719245053.5354426,99.0,42727.0
1719245053.776372,100.0,42727.0
1719245053.980553,100.0,42727.0
1719245054.1438723,83.0,42727.0
1719245054.3072352,83.0,42727.0
1719245054.4907942,46.0,42727.0
1719245054.6855683,100.0,42727.0
1719245054.8484554,99.0,42727.0
1719245055.0436053,100.0,42727.0
1719245055.2845922,60.0,42727.0
1719245055.5613556,26.0,42727.0
1719245055.7696495,100.0,42727.0
1719245056.0069745,99.0,42727.0
1719245056.1677783,100.0,42727.0
1719245056.3682754,100.0,42727.0
1719245056.5342486,77.0,42727.0
1719245056.7069619,77.0,42727.0
1719245056.8857505,68.0,42727.0
1719245057.0365105,100.0,42727.0
1719245057.1854038,99.0,42727.0
1719245057.3342628,99.0,42727.0
1719245057.484249,100.0,42727.0
1719245057.641983,100.0,42727.0
1719245057.845296,38.0,42727.0
1719245058.019251,87.0,42727.0
1719245058.1898344,99.0,42727.0
1719245058.3595765,100.0,42727.0
1719245058.5905442,100.0,42727.0
1719245058.770429,100.0,42727.0
1719245058.941292,49.0,42727.0
1719245059.1097522,49.0,42727.0
1719245059.2955592,99.0,42727.0
1719245059.5160046,100.0,42727.0
1719245059.7440748,100.0,42727.0
1719245059.949354,74.0,42727.0
1719245060.159268,38.0,42727.0
1719245060.3577898,100.0,42727.0
1719245060.563808,100.0,42727.0
1719245060.7519433,99.0,42727.0
1719245060.9209087,100.0,42727.0
1719245061.112788,100.0,42727.0
1719245061.2768357,68.0,42727.0
1719245061.4279578,74.0,42727.0
1719245061.5789573,100.0,42727.0
1719245061.7312264,100.0,42727.0
1719245061.8815336,99.0,42727.0
1719245062.0344646,100.0,42727.0
1719245062.1821957,100.0,42727.0
1719245062.3481686,33.0,42727.0
1719245062.5363343,95.0,42727.0
1719245062.7274702,99.0,42727.0
1719245062.9248066,99.0,42727.0
1719245063.0905502,100.0,42727.0
1719245063.30553,100.0,42727.0
1719245063.4927642,100.0,42727.0
1719245063.6592438,39.0,42727.0
1719245063.826241,100.0,42727.0
1719245064.0074947,99.0,42727.0
1719245064.175611,100.0,42727.0
1719245064.3529882,100.0,42727.0
1719245064.5161924,100.0,42727.0
1719245064.7486236,51.0,42727.0
1719245064.9586427,100.0,42727.0
1719245065.1762664,100.0,42727.0
1719245065.350489,99.0,42727.0
1719245065.541047,100.0,42727.0
1719245065.6954598,100.0,42727.0
1719245065.9110181,55.0,42727.0
1719245066.099108,86.0,42727.0
1719245066.2479103,100.0,42727.0
1719245066.4013612,99.0,42727.0
1719245066.5504754,99.0,42727.0
1719245066.6973748,100.0,42727.0
1719245066.8452752,100.0,42727.0
1719245066.9925094,46.0,42727.0
1719245067.1745903,100.0,42727.0
1719245067.3729844,100.0,42727.0
1719245067.5421722,99.0,42727.0
1719245067.717798,100.0,42727.0
1719245067.8988864,100.0,42727.0
1719245068.0621939,79.0,42727.0
1719245068.2347653,39.0,42727.0
1719245068.3890889,39.0,42727.0
1719245068.5553093,100.0,42727.0
1719245068.7389798,99.0,42727.0
1719245068.9242082,100.0,42727.0
1719245069.1085129,100.0,42727.0
1719245069.4410918,15.0,42727.0
1719245069.6348116,100.0,42727.0
1719245069.852179,99.0,42727.0
1719245070.025709,100.0,42727.0
1719245070.2351828,100.0,42727.0
1719245070.3977647,89.0,42727.0
1719245070.5802827,89.0,42727.0
1719245070.756483,38.0,42727.0
1719245070.9142663,100.0,42727.0
1719245071.0639477,99.0,42727.0
1719245071.2127662,100.0,42727.0
1719245071.3576055,100.0,42727.0
1719245071.510615,100.0,42727.0
1719245071.6633482,67.0,42727.0
1719245071.815938,81.0,42727.0
1719245072.0195212,100.0,42727.0
1719245072.2068653,98.0,42727.0
1719245072.4195042,100.0,42727.0
1719245072.618396,100.0,42727.0
1719245072.819998,100.0,42727.0
1719245073.0923622,47.0,42727.0
1719245073.2697537,94.0,42727.0
1719245073.4724364,100.0,42727.0
1719245073.7040493,100.0,42727.0
1719245073.9601443,86.0,42727.0
1719245074.1770008,100.0,42727.0
1719245074.4059634,100.0,42727.0
1719245074.5722992,91.0,42727.0
1719245074.801706,100.0,42727.0
1719245074.9966161,100.0,42727.0
1719245075.1836436,98.0,42727.0
1719245075.3565753,47.0,42727.0
1719245075.5081015,100.0,42727.0
1719245075.6585805,100.0,42727.0
1719245075.807704,99.0,42727.0
1719245075.95224,100.0,42727.0
1719245076.1020627,100.0,42727.0
1719245076.2520025,100.0,42727.0
1719245076.4482229,72.0,42727.0
1719245076.6373036,100.0,42727.0
1719245076.810684,100.0,42727.0
1719245077.0018365,98.0,42727.0
1719245077.1764407,100.0,42727.0
1719245077.3693047,100.0,42727.0
1719245077.537287,39.0,42727.0
1719245077.725376,100.0,42727.0
1719245077.9149487,99.0,42727.0
1719245078.0984793,100.0,42727.0
1719245078.2903705,100.0,42727.0
1719245078.4662452,99.0,42727.0
1719245078.6408331,35.0,42727.0
1719245078.8878071,35.0,42727.0
1719245079.100263,99.0,42727.0
1719245079.319582,100.0,42727.0
1719245079.531443,100.0,42727.0
1719245079.70753,69.0,42727.0
1719245079.8877232,71.0,42727.0
1719245080.0700297,100.0,42727.0
1719245080.2392592,100.0,42727.0
1719245080.391605,99.0,42727.0
1719245080.544034,99.0,42727.0
1719245080.6919024,100.0,42727.0
1719245080.8438256,100.0,42727.0
1719245081.005838,38.0,42727.0
1719245081.159683,100.0,42727.0
1719245081.3059013,99.0,42727.0
1719245081.5055244,99.0,42727.0
1719245081.6980572,100.0,42727.0
1719245081.8782976,98.0,42727.0
1719245082.0526104,98.0,42727.0
1719245082.2577481,42.0,42727.0
1719245082.415925,100.0,42727.0
1719245082.600724,99.0,42727.0
1719245082.780474,100.0,42727.0
1719245082.9458008,100.0,42727.0
1719245083.1479228,64.0,42727.0
1719245083.3543394,53.0,42727.0
1719245083.5116465,100.0,42727.0
1719245083.7401035,99.0,42727.0
1719245083.9296606,100.0,42727.0
1719245084.1344109,100.0,42727.0
1719245084.3051836,52.0,42727.0
1719245084.5564797,52.0,42727.0
1719245084.7193248,100.0,42727.0
1719245084.8889823,100.0,42727.0
1719245085.0599344,99.0,42727.0
1719245085.217528,100.0,42727.0
1719245085.381397,100.0,42727.0
1719245085.5318193,100.0,42727.0
1719245085.7201173,53.0,42727.0
1719245085.8733552,99.0,42727.0
1719245086.0242424,99.0,42727.0
1719245086.2237737,100.0,42727.0
1719245086.3959966,100.0,42727.0
1719245086.5821874,100.0,42727.0
1719245086.7586875,100.0,42727.0
1719245086.9797297,100.0,42727.0
1719245087.1456094,99.0,42727.0
1719245087.3435862,100.0,42727.0
1719245087.5293043,100.0,42727.0
1719245087.7075493,100.0,42727.0
1719245087.8932223,91.0,42727.0
1719245088.0675986,56.0,42727.0
1719245088.2264462,100.0,42727.0
1719245088.469683,86.0,42727.0
1719245088.6792974,100.0,42727.0
1719245088.8869698,100.0,42727.0
1719245089.0477004,62.0,42727.0
1719245089.278609,50.0,42727.0
1719245089.5062566,100.0,42727.0
1719245089.6995592,99.0,42727.0
1719245089.8633213,100.0,42727.0
1719245090.017211,100.0,42727.0
1719245090.169434,100.0,42727.0
1719245090.363742,55.0,42727.0
1719245090.5512006,99.0,42727.0
1719245090.7009928,99.0,42727.0
1719245090.897838,100.0,42727.0
1719245091.0881302,100.0,42727.0
1719245091.265859,100.0,42727.0
1719245091.4584484,18.0,42727.0
1719245091.669923,98.0,42727.0
1719245091.828082,99.0,42727.0
1719245092.3777559,100.0,42727.0
1719245092.5575244,34.0,42727.0
1719245092.7348309,34.0,42727.0
1719245092.8949604,91.0,42727.0
1719245093.1542447,100.0,42727.0
1719245093.4105768,100.0,42727.0
1719245093.6261897,83.0,42727.0
1719245093.856043,11.0,42727.0
1719245094.0608797,100.0,42727.0
1719245094.2484317,99.0,42727.0
1719245094.4130752,100.0,42727.0
1719245094.5638316,100.0,42727.0
1719245094.7161095,100.0,42727.0
1719245094.8726,94.0,42727.0
1719245095.0289598,52.0,42727.0
1719245095.1781833,52.0,42727.0
1719245095.3312926,100.0,42727.0
1719245095.524607,99.0,42727.0
1719245095.7011106,100.0,42727.0
1719245095.885565,100.0,42727.0
1719245096.0683732,53.0,42727.0
1719245096.2493486,53.0,42727.0
1719245096.416358,100.0,42727.0
1719245096.5997941,100.0,42727.0
1719245096.764859,98.0,42727.0
1719245096.929363,100.0,42727.0
1719245097.109689,100.0,42727.0
1719245097.2899907,27.0,42727.0
1719245097.4777431,92.0,42727.0
1719245097.7313018,100.0,42727.0
1719245097.954889,100.0,42727.0
1719245098.1746655,100.0,42727.0
1719245098.3468122,100.0,42727.0
1719245098.6256163,95.0,42727.0
1719245098.7814631,99.0,42727.0
1719245098.9607377,99.0,42727.0
1719245099.1396544,100.0,42727.0
1719245099.288902,100.0,42727.0
1719245099.4396963,100.0,42727.0
1719245099.590049,100.0,42727.0
1719245099.7384045,53.0,42727.0
1719245099.8860393,100.0,42727.0
1719245100.0360553,99.0,42727.0
1719245100.1882985,99.0,42727.0
1719245100.3603063,100.0,42727.0
1719245100.534409,100.0,42727.0
1719245100.707639,59.0,42727.0
1719245100.893557,79.0,42727.0
1719245101.073789,100.0,42727.0
1719245101.2386184,99.0,42727.0
1719245101.4335816,100.0,42727.0
1719245101.590064,100.0,42727.0
1719245101.7684429,100.0,42727.0
1719245101.9478028,27.0,42727.0
1719245102.2408586,99.0,42727.0
1719245102.461906,100.0,42727.0
1719245102.706486,100.0,42727.0
1719245102.8884332,100.0,42727.0
1719245103.0881822,28.0,42727.0
1719245103.3347936,100.0,42727.0
1719245103.4939182,99.0,42727.0
1719245103.6822352,100.0,42727.0
1719245103.8607526,100.0,42727.0
1719245104.0105364,100.0,42727.0
1719245104.1612477,80.0,42727.0
1719245104.3128383,72.0,42727.0
1719245104.4577808,72.0,42727.0
1719245104.6026385,100.0,42727.0
1719245104.7542183,99.0,42727.0
1719245104.9037964,100.0,42727.0
1719245105.106071,100.0,42727.0
1719245105.2833035,100.0,42727.0
1719245105.4591107,100.0,42727.0
1719245105.6569061,99.0,42727.0
1719245105.8351433,99.0,42727.0
1719245105.9978375,100.0,42727.0
1719245106.1936903,100.0,42727.0
1719245106.357431,100.0,42727.0
1719245106.536306,22.0,42727.0
1719245106.7266593,100.0,42727.0
1719245106.9177961,99.0,42727.0
1719245107.1102173,100.0,42727.0
1719245107.3631184,100.0,42727.0
1719245107.599529,57.0,42727.0
1719245107.8232439,57.0,42727.0
1719245108.0303319,99.0,42727.0
1719245108.2607248,99.0,42727.0
1719245108.419899,100.0,42727.0
1719245108.5992005,100.0,42727.0
1719245108.7888546,47.0,42727.0
1719245108.9386852,47.0,42727.0
1719245109.0922673,99.0,42727.0
1719245109.2523072,99.0,42727.0
1719245109.4058774,100.0,42727.0
1719245109.5563915,100.0,42727.0
1719245109.7060583,100.0,42727.0
1719245109.8788292,100.0,42727.0
1719245110.1071603,24.0,42727.0
1719245110.3077164,99.0,42727.0
1719245110.4701095,99.0,42727.0
1719245110.6344097,100.0,42727.0
1719245110.8225913,100.0,42727.0
1719245110.997963,95.0,42727.0
1719245111.1885836,41.0,42727.0
1719245111.3632488,100.0,42727.0
1719245111.5404675,99.0,42727.0
1719245111.7241032,100.0,42727.0
1719245111.901245,100.0,42727.0
1719245112.0999942,100.0,42727.0
1719245112.3144865,64.0,42727.0
1719245112.515459,100.0,42727.0
1719245112.7543435,99.0,42727.0
1719245112.9640594,100.0,42727.0
1719245113.1452281,100.0,42727.0
1719245113.31294,70.0,42727.0
1719245113.509267,70.0,42727.0
1719245113.716818,56.0,42727.0
1719245113.868102,100.0,42727.0
1719245114.0198338,99.0,42727.0
1719245114.1670458,99.0,42727.0
1719245114.3152409,100.0,42727.0
1719245114.4641888,100.0,42727.0
1719245114.6144505,48.0,42727.0
1719245114.7952464,92.0,42727.0
1719245114.992167,99.0,42727.0
1719245115.1681435,100.0,42727.0
1719245115.3567085,100.0,42727.0
1719245115.547206,100.0,42727.0
1719245115.7245002,100.0,42727.0
1719245115.9363368,36.0,42727.0
1719245116.1030252,100.0,42727.0
1719245116.2686772,99.0,42727.0
1719245116.4666994,100.0,42727.0
1719245116.646086,100.0,42727.0
1719245116.83598,21.0,42727.0
1719245117.1259322,21.0,42727.0
1719245117.2916467,100.0,42727.0
1719245117.5051696,97.0,42727.0
1719245117.7703483,100.0,42727.0
1719245117.9404988,84.0,42727.0
1719245118.1263568,36.0,42727.0
1719245118.3195884,36.0,42727.0
1719245118.4697585,100.0,42727.0
1719245118.6182065,99.0,42727.0
1719245118.7672856,99.0,42727.0
1719245118.9164777,100.0,42727.0
1719245119.0667772,100.0,42727.0
1719245119.2252948,69.0,42727.0
1719245119.4142065,50.0,42727.0
1719245119.5824957,100.0,42727.0
1719245119.7769575,99.0,42727.0
1719245119.9742124,100.0,42727.0
1719245120.1639338,100.0,42727.0
1719245120.328603,100.0,42727.0
1719245120.581623,70.0,42727.0
1719245120.7569487,100.0,42727.0
1719245120.9459767,100.0,42727.0
1719245121.1212633,99.0,42727.0
1719245121.29987,100.0,42727.0
1719245121.4665897,100.0,42727.0
1719245121.7144785,33.0,42727.0
1719245121.894353,71.0,42727.0
1719245122.10708,100.0,42727.0
1719245122.290681,99.0,42727.0
1719245122.499021,100.0,42727.0
1719245122.6617572,100.0,42727.0
1719245122.834739,39.0,42727.0
1719245123.0092542,100.0,42727.0
1719245123.163922,100.0,42727.0
1719245123.3135135,99.0,42727.0
1719245123.5028806,100.0,42727.0
1719245123.6940906,100.0,42727.0
1719245123.845621,96.0,42727.0
1719245123.995906,96.0,42727.0
1719245124.1632354,49.0,42727.0
1719245124.3496819,100.0,42727.0
1719245124.5457072,99.0,42727.0
1719245124.7653432,100.0,42727.0
1719245124.9533076,100.0,42727.0
1719245125.1377084,57.0,42727.0
1719245125.31315,79.0,42727.0
1719245125.4827409,100.0,42727.0
1719245125.647077,99.0,42727.0
1719245125.8300438,100.0,42727.0
1719245126.0340486,100.0,42727.0
1719245126.2130592,29.0,42727.0
1719245126.4512439,100.0,42727.0
1719245126.7109888,99.0,42727.0
1719245126.9391637,100.0,42727.0
1719245127.1549509,100.0,42727.0
1719245127.3378913,99.0,42727.0
1719245127.5053544,41.0,42727.0
1719245127.6837654,100.0,42727.0
1719245127.8557057,99.0,42727.0
1719245128.0128026,99.0,42727.0
1719245128.1632028,100.0,42727.0
1719245128.3122537,100.0,42727.0
1719245128.456978,100.0,42727.0
1719245128.6426878,76.0,42727.0
1719245128.8122525,76.0,42727.0
1719245128.9999256,100.0,42727.0
1719245129.1899247,99.0,42727.0
1719245129.3675888,100.0,42727.0
1719245129.546722,100.0,42727.0
1719245129.7664824,28.0,42727.0
1719245129.9449313,86.0,42727.0
1719245130.114714,99.0,42727.0
1719245130.2795725,100.0,42727.0
1719245130.4810884,100.0,42727.0
1719245130.6520987,100.0,42727.0
1719245130.8342752,100.0,42727.0
1719245130.9990418,33.0,42727.0
1719245131.3063238,99.0,42727.0
1719245131.4818788,100.0,42727.0
1719245131.7111485,100.0,42727.0
1719245131.9314547,90.0,42727.0
1719245132.1218848,27.0,42727.0
1719245132.304985,27.0,42727.0
1719245132.4797604,99.0,42727.0
1719245132.6514115,99.0,42727.0
1719245132.8021133,100.0,42727.0
1719245132.9531894,100.0,42727.0
1719245133.103312,77.0,42727.0
1719245133.249855,77.0,42727.0
1719245133.4021463,69.0,42727.0
1719245133.5534344,100.0,42727.0
1719245133.7264032,99.0,42727.0
1719245133.9210634,100.0,42727.0
1719245134.078699,100.0,42727.0
1719245134.2803495,35.0,42727.0
1719245134.4998744,82.0,42727.0
1719245134.6621838,100.0,42727.0
1719245134.8498375,100.0,42727.0
1719245135.0292509,99.0,42727.0
1719245135.1904974,100.0,42727.0
1719245135.3626206,100.0,42727.0
1719245135.5440018,22.0,42727.0
1719245135.7204356,95.0,42727.0
1719245135.9408548,99.0,42727.0
1719245136.1605852,100.0,42727.0
1719245136.388859,100.0,42727.0
1719245136.5807598,100.0,42727.0
1719245136.8064122,13.0,42727.0
1719245136.977962,100.0,42727.0
1719245137.1671355,99.0,42727.0
1719245137.3472059,100.0,42727.0
1719245137.494769,100.0,42727.0
1719245137.6479096,100.0,42727.0
1719245137.7968714,100.0,42727.0
1719245137.9465969,45.0,42727.0
1719245138.0961478,45.0,42727.0
1719245138.2456434,100.0,42727.0
1719245138.394936,99.0,42727.0
1719245138.5749595,100.0,42727.0
1719245138.7424839,100.0,42727.0
1719245138.9153082,100.0,42727.0
1719245139.126362,60.0,42727.0
1719245139.2962203,60.0,42727.0
1719245139.4792106,100.0,42727.0
1719245139.6530757,99.0,42727.0
1719245139.8251128,100.0,42727.0
1719245140.0407817,100.0,42727.0
1719245140.2232509,44.0,42727.0
1719245140.4039242,78.0,42727.0
1719245140.566419,100.0,42727.0
1719245140.8073025,85.0,42727.0
1719245141.0262809,100.0,42727.0
1719245141.2642016,100.0,42727.0
1719245141.459118,39.0,42727.0
1719245141.6683474,79.0,42727.0
1719245141.8428364,100.0,42727.0
1719245142.0223212,99.0,42727.0
1719245142.2197642,100.0,42727.0
1719245142.3687434,100.0,42727.0
1719245142.5175414,100.0,42727.0
1719245142.6711993,36.0,42727.0
1719245142.8168142,36.0,42727.0
1719245142.9645514,99.0,42727.0
1719245143.1133132,99.0,42727.0
1719245143.2630777,100.0,42727.0
1719245143.450856,100.0,42727.0
1719245143.63432,94.0,42727.0
1719245143.827991,32.0,42727.0
1719245144.0101485,100.0,42727.0
1719245144.1933086,99.0,42727.0
1719245144.3529427,100.0,42727.0
1719245144.5432847,100.0,42727.0
1719245144.7029238,100.0,42727.0
1719245144.8821824,74.0,42727.0
1719245145.0583446,68.0,42727.0
1719245145.2370553,100.0,42727.0
1719245145.4031873,99.0,42727.0
1719245145.6384058,100.0,42727.0
1719245145.9097402,35.0,42727.0
1719245146.2105365,53.0,42727.0
1719245146.4364207,100.0,42727.0
1719245146.613442,99.0,42727.0
1719245146.781348,100.0,42727.0
1719245146.9527905,100.0,42727.0
1719245147.1198964,100.0,42727.0
1719245147.2732882,52.0,42727.0
1719245147.421819,52.0,42727.0
1719245147.580621,89.0,42727.0
1719245147.732338,99.0,42727.0
1719245147.8832376,100.0,42727.0
1719245148.0690064,100.0,42727.0
1719245148.262212,100.0,42727.0
1719245148.440751,20.0,42727.0
1719245148.6142313,20.0,42727.0
1719245148.800595,99.0,42727.0
1719245148.9994473,100.0,42727.0
1719245149.1696236,100.0,42727.0
1719245149.3445084,100.0,42727.0
1719245149.5163293,98.0,42727.0
1719245149.7202249,31.0,42727.0
1719245149.8873057,100.0,42727.0
1719245150.0746124,90.0,42727.0
1719245150.239869,100.0,42727.0
1719245150.4669201,100.0,42727.0
1719245150.689642,83.0,42727.0
1719245150.9303548,28.0,42727.0
1719245151.133849,100.0,42727.0
1719245151.3127475,98.0,42727.0
1719245151.4860463,100.0,42727.0
1719245151.6656158,100.0,42727.0
1719245151.834081,100.0,42727.0
1719245152.0434048,77.0,42727.0
1719245152.1954086,61.0,42727.0
1719245152.3443036,100.0,42727.0
1719245152.4889593,99.0,42727.0
1719245152.6404777,99.0,42727.0
1719245152.7898006,100.0,42727.0
1719245152.9876513,42.0,42727.0
1719245153.1816347,42.0,42727.0
1719245153.3730364,84.0,42727.0
1719245153.5570996,100.0,42727.0
1719245153.7403245,99.0,42727.0
1719245153.9027164,100.0,42727.0
1719245154.0876355,100.0,42727.0
1719245154.2474546,100.0,42727.0
1719245154.4372418,49.0,42727.0
1719245154.6459773,99.0,42727.0
1719245154.8369272,100.0,42727.0
1719245154.9861007,100.0,42727.0
1719245155.185906,74.0,42727.0
1719245155.4217,44.0,42727.0
1719245155.654738,100.0,42727.0
1719245155.9027183,99.0,42727.0
1719245156.1243763,100.0,42727.0
1719245156.327259,100.0,42727.0
1719245156.4917676,60.0,42727.0
1719245156.6976392,62.0,42727.0
1719245156.8643413,100.0,42727.0
1719245157.0200102,100.0,42727.0
1719245157.1709154,99.0,42727.0
1719245157.3184013,100.0,42727.0
1719245157.4670043,100.0,42727.0
1719245157.6173139,100.0,42727.0
1719245157.7712355,42.0,42727.0
1719245157.9667501,97.0,42727.0
1719245158.1416376,99.0,42727.0
1719245158.3089902,100.0,42727.0
1719245158.4901214,100.0,42727.0
1719245158.6824164,100.0,42727.0
1719245158.8420916,100.0,42727.0
1719245159.083512,47.0,42727.0
1719245159.2950687,100.0,42727.0
1719245159.4881248,100.0,42727.0
1719245159.6827805,100.0,42727.0
1719245159.863699,100.0,42727.0
1719245160.0923164,43.0,42727.0
1719245160.3191853,100.0,42727.0
1719245160.5243397,99.0,42727.0
1719245160.7308152,100.0,42727.0
1719245160.9322705,100.0,42727.0
1719245161.1280868,62.0,42727.0
1719245161.3347645,60.0,42727.0
1719245161.5231078,60.0,42727.0
1719245161.6957798,100.0,42727.0
1719245161.84532,99.0,42727.0
1719245161.9967864,100.0,42727.0
1719245162.1411293,100.0,42727.0
1719245162.293931,44.0,42727.0
1719245162.4622757,94.0,42727.0
1719245162.6668205,99.0,42727.0
1719245162.8501313,99.0,42727.0
1719245163.0174773,100.0,42727.0
1719245163.1963818,100.0,42727.0
1719245163.3819761,100.0,42727.0
1719245163.5638585,37.0,42727.0
1719245163.755627,100.0,42727.0
1719245163.913278,100.0,42727.0
1719245164.0710843,99.0,42727.0
1719245164.2494082,100.0,42727.0
1719245164.4254928,100.0,42727.0
1719245164.6045697,78.0,42727.0
1719245164.855287,100.0,42727.0
1719245165.115882,99.0,42727.0
1719245165.3432024,100.0,42727.0
1719245165.5288825,100.0,42727.0
1719245165.7407963,100.0,42727.0
1719245165.9242527,54.0,42727.0
1719245166.1280897,100.0,42727.0
1719245166.290686,100.0,42727.0
1719245166.4403458,99.0,42727.0
1719245166.5895905,100.0,42727.0
1719245166.7376306,100.0,42727.0
1719245166.8903115,100.0,42727.0
1719245167.0480294,39.0,42727.0
1719245167.2390113,100.0,42727.0
1719245167.441661,99.0,42727.0
1719245167.609599,100.0,42727.0
1719245167.7814877,100.0,42727.0
1719245167.959115,100.0,42727.0
1719245168.1599817,25.0,42727.0
1719245168.3144069,100.0,42727.0
1719245168.5192928,100.0,42727.0
1719245168.6891284,99.0,42727.0
1719245168.8754897,100.0,42727.0
1719245169.0554118,100.0,42727.0
1719245169.2311323,78.0,42727.0
1719245169.4021378,52.0,42727.0
1719245169.6389842,100.0,42727.0
1719245169.8657312,91.0,42727.0
1719245170.066411,100.0,42727.0
1719245170.2387605,100.0,42727.0
1719245170.4583862,61.0,42727.0
1719245170.6286273,39.0,42727.0
1719245170.8280597,100.0,42727.0
1719245171.004041,99.0,42727.0
1719245171.1586978,99.0,42727.0
1719245171.3087535,100.0,42727.0
1719245171.458658,100.0,42727.0
1719245171.6038184,65.0,42727.0
1719245171.77134,76.0,42727.0
1719245171.9375005,76.0,42727.0
1719245172.1824067,100.0,42727.0
1719245172.3721583,99.0,42727.0
1719245172.554072,100.0,42727.0
1719245172.7383082,30.0,42727.0
1719245172.9462452,30.0,42727.0
1719245173.1197436,100.0,42727.0
1719245173.2843945,99.0,42727.0
1719245173.4585292,100.0,42727.0
1719245173.6597753,100.0,42727.0
1719245173.8464625,100.0,42727.0
1719245174.047914,25.0,42727.0
1719245174.223547,100.0,42727.0
1719245174.44924,99.0,42727.0
1719245174.639303,100.0,42727.0
1719245174.8112996,100.0,42727.0
1719245174.9748192,81.0,42727.0
1719245175.2055879,81.0,42727.0
1719245175.3854682,52.0,42727.0
1719245175.5706282,100.0,42727.0
1719245175.7620566,99.0,42727.0
1719245175.9138212,100.0,42727.0
1719245176.0648813,100.0,42727.0
1719245176.2160704,55.0,42727.0
1719245176.3683803,55.0,42727.0
1719245176.5242436,97.0,42727.0
1719245176.6732633,99.0,42727.0
1719245176.8728511,100.0,42727.0
1719245177.0563755,100.0,42727.0
1719245177.2297306,100.0,42727.0
1719245177.4112625,11.0,42727.0
1719245177.5924895,11.0,42727.0
1719245177.7586217,100.0,42727.0
1719245177.9466357,99.0,42727.0
1719245178.1135685,100.0,42727.0
1719245178.2838104,100.0,42727.0
1719245178.4532592,99.0,42727.0
1719245178.6466258,99.0,42727.0
1719245178.8215823,100.0,42727.0
1719245179.0428035,99.0,42727.0
1719245179.2978463,100.0,42727.0
1719245179.49937,100.0,42727.0
1719245179.686934,75.0,42727.0
1719245179.9381638,29.0,42727.0
1719245180.1113102,100.0,42727.0
1719245180.2864149,99.0,42727.0
1719245180.4558043,100.0,42727.0
1719245180.6063502,100.0,42727.0
1719245180.7568202,100.0,42727.0
1719245180.9048193,100.0,42727.0
1719245181.0492394,75.0,42727.0
1719245181.236915,100.0,42727.0
1719245181.3942447,100.0,42727.0
1719245181.576936,99.0,42727.0
1719245181.7756174,100.0,42727.0
1719245181.964804,100.0,42727.0
1719245182.1508524,22.0,42727.0
1719245182.3187935,92.0,42727.0
1719245182.4785697,99.0,42727.0
1719245182.6571474,100.0,42727.0
1719245182.81459,100.0,42727.0
1719245182.9894233,100.0,42727.0
1719245183.160387,100.0,42727.0
1719245183.3673136,21.0,42727.0
1719245183.5393014,100.0,42727.0
1719245183.71759,99.0,42727.0
1719245183.937264,100.0,42727.0
1719245184.1016576,100.0,42727.0
1719245184.3209634,96.0,42727.0
1719245184.5695693,10.0,42727.0
1719245184.7308772,100.0,42727.0
1719245184.9006166,99.0,42727.0
1719245185.078124,100.0,42727.0
1719245185.2501535,100.0,42727.0
1719245185.402165,100.0,42727.0
1719245185.5647688,95.0,42727.0
1719245185.7246099,46.0,42727.0
1719245185.8686378,46.0,42727.0
1719245186.019622,100.0,42727.0
1719245186.167857,99.0,42727.0
1719245186.3471632,100.0,42727.0
1719245186.524149,100.0,42727.0
1719245186.7077186,59.0,42727.0
1719245186.9132104,59.0,42727.0
1719245187.1040912,100.0,42727.0
1719245187.2846987,98.0,42727.0
1719245187.4608665,98.0,42727.0
1719245187.6289673,100.0,42727.0
1719245187.8117678,100.0,42727.0
1719245188.0148027,38.0,42727.0
1719245188.1970935,86.0,42727.0
1719245188.391534,99.0,42727.0
1719245188.6054757,100.0,42727.0
1719245188.8237906,100.0,42727.0
1719245189.044045,17.0,42727.0
1719245189.2598238,86.0,42727.0
1719245189.510492,99.0,42727.0
1719245189.674567,99.0,42727.0
1719245189.8791308,100.0,42727.0
1719245190.0691216,100.0,42727.0
1719245190.2204003,100.0,42727.0
1719245190.3797278,47.0,42727.0
1719245190.531606,100.0,42727.0
1719245190.6810446,100.0,42727.0
1719245190.8335183,99.0,42727.0
1719245190.9828491,100.0,42727.0
1719245191.1751757,100.0,42727.0
1719245191.3444908,100.0,42727.0
1719245191.5188992,75.0,42727.0
1719245191.7013469,100.0,42727.0
1719245191.891299,100.0,42727.0
1719245192.0545037,99.0,42727.0
1719245192.244889,100.0,42727.0
1719245192.4189448,100.0,42727.0
1719245192.6067994,44.0,42727.0
1719245192.7940154,96.0,42727.0
1719245192.9711027,99.0,42727.0
1719245193.1287308,100.0,42727.0
1719245193.3552096,100.0,42727.0
1719245193.6196358,100.0,42727.0
1719245193.8493547,7.0,42727.0
1719245194.0170004,80.0,42727.0
1719245194.2335546,100.0,42727.0
1719245194.4058096,91.0,42727.0
1719245194.5828905,100.0,42727.0
1719245194.764567,100.0,42727.0
1719245194.9165127,100.0,42727.0
1719245195.073448,41.0,42727.0
1719245195.2218995,100.0,42727.0
1719245195.365604,100.0,42727.0
