timestamp,gpu_util,gpu_mem
1719328363.9245307,0.0,4.0
1719328364.058418,0.0,4.0
1719328364.1953342,0.0,4.0
1719328364.340973,0.0,21.0
1719328364.487178,0.0,633.0
1719328364.625792,7.0,633.0
1719328364.770493,0.0,633.0
1719328364.9118917,0.0,633.0
1719328365.0496185,0.0,633.0
1719328365.1849098,0.0,633.0
1719328365.3190317,0.0,633.0
1719328365.4519684,0.0,633.0
1719328365.586777,0.0,633.0
1719328365.7185802,0.0,633.0
1719328365.8507605,0.0,633.0
1719328365.9828649,0.0,633.0
1719328366.1189978,0.0,633.0
1719328366.258219,0.0,633.0
1719328366.395409,0.0,633.0
1719328366.53166,0.0,633.0
1719328366.666077,0.0,633.0
1719328366.8008556,0.0,633.0
1719328366.9398022,0.0,633.0
1719328367.073439,0.0,633.0
1719328367.205302,0.0,633.0
1719328367.3418539,0.0,633.0
1719328367.4772558,0.0,633.0
1719328367.6116486,0.0,633.0
1719328367.7481937,0.0,633.0
1719328367.887069,0.0,633.0
1719328368.026545,0.0,633.0
1719328368.1649654,0.0,633.0
1719328368.3049948,0.0,633.0
1719328368.4420147,0.0,633.0
1719328368.577871,0.0,633.0
1719328368.714502,0.0,633.0
1719328368.8500981,0.0,633.0
1719328368.9872727,0.0,633.0
1719328369.1258183,0.0,633.0
1719328369.2613146,0.0,633.0
1719328369.3977733,0.0,633.0
1719328369.5377953,0.0,633.0
1719328369.6773965,0.0,633.0
1719328369.8140252,0.0,633.0
1719328369.9494343,0.0,633.0
1719328370.0862932,0.0,633.0
1719328370.220085,0.0,633.0
1719328370.353219,0.0,633.0
1719328370.4854012,0.0,633.0
1719328370.6190393,0.0,633.0
1719328370.7501733,0.0,633.0
1719328370.8827715,0.0,633.0
1719328371.0169885,0.0,633.0
1719328371.154649,0.0,633.0
1719328371.2943993,0.0,633.0
1719328371.429056,0.0,633.0
1719328371.563562,0.0,633.0
1719328371.7005415,0.0,633.0
1719328371.8342214,0.0,633.0
1719328371.9666622,0.0,633.0
1719328372.0955837,0.0,633.0
1719328372.232959,0.0,633.0
1719328372.3666453,0.0,633.0
1719328372.5015578,0.0,633.0
1719328372.6373951,0.0,633.0
1719328372.7754653,0.0,633.0
1719328372.9164503,0.0,633.0
1719328373.054926,0.0,633.0
1719328373.193405,0.0,633.0
1719328373.3306649,0.0,633.0
1719328373.4686072,0.0,633.0
1719328373.6055572,0.0,633.0
1719328373.7409916,0.0,633.0
1719328373.8786778,0.0,633.0
1719328374.0147552,0.0,633.0
1719328374.1504653,0.0,633.0
1719328374.2872696,0.0,633.0
1719328374.425992,0.0,633.0
1719328374.5643804,0.0,633.0
1719328374.7013373,0.0,633.0
1719328374.83704,0.0,633.0
1719328374.9701695,0.0,633.0
1719328375.1051908,0.0,633.0
1719328375.238696,0.0,633.0
1719328375.3717349,0.0,633.0
1719328375.5029423,0.0,633.0
1719328375.63686,0.0,633.0
1719328375.7676914,0.0,633.0
1719328375.9031882,0.0,633.0
1719328376.0402286,0.0,633.0
1719328376.177773,0.0,633.0
1719328376.3138723,0.0,633.0
1719328376.4485812,0.0,633.0
1719328376.5841255,0.0,633.0
1719328376.718898,0.0,633.0
1719328376.8521147,0.0,633.0
1719328376.988234,0.0,633.0
1719328377.1230593,0.0,633.0
1719328377.2589436,0.0,633.0
1719328377.3953502,0.0,633.0
1719328377.5339618,0.0,633.0
1719328377.6737716,0.0,633.0
1719328377.811609,0.0,633.0
1719328377.9497962,0.0,633.0
1719328378.0853856,0.0,633.0
1719328378.2218223,0.0,633.0
1719328378.3594165,0.0,633.0
1719328378.497021,0.0,633.0
1719328378.6331637,0.0,633.0
1719328378.769672,0.0,633.0
1719328378.9052281,0.0,633.0
1719328379.0410547,0.0,633.0
1719328379.1801581,0.0,633.0
1719328379.31702,0.0,633.0
1719328379.4528112,0.0,633.0
1719328379.5907614,0.0,633.0
1719328379.7241592,0.0,633.0
1719328379.8582785,0.0,633.0
1719328379.9921992,0.0,633.0
1719328380.1250324,0.0,633.0
1719328380.256708,0.0,633.0
1719328380.3895662,0.0,633.0
1719328380.5218914,0.0,633.0
1719328380.6564128,0.0,633.0
1719328380.7944572,0.0,633.0
1719328380.9317024,0.0,633.0
1719328381.06722,0.0,633.0
1719328381.202103,0.0,633.0
1719328381.3382905,0.0,633.0
1719328381.472953,0.0,633.0
1719328381.6061835,0.0,633.0
1719328381.7374532,0.0,633.0
1719328381.8730214,0.0,633.0
1719328382.00805,0.0,633.0
1719328382.141683,0.0,633.0
1719328382.278152,0.0,633.0
1719328382.4161804,0.0,633.0
1719328382.5560074,0.0,633.0
1719328382.6922483,0.0,633.0
1719328382.8306255,0.0,633.0
1719328382.9686725,0.0,633.0
1719328383.1048052,0.0,633.0
1719328383.2418811,0.0,633.0
1719328383.378682,0.0,633.0
1719328383.5148876,0.0,633.0
1719328383.6505966,0.0,633.0
1719328383.7886965,0.0,633.0
1719328383.9248512,0.0,633.0
1719328384.0643828,0.0,633.0
1719328384.204031,0.0,633.0
1719328384.3401468,0.0,633.0
1719328384.4757223,0.0,633.0
1719328384.6122634,0.0,633.0
1719328384.7457933,0.0,633.0
1719328384.8812757,0.0,633.0
1719328385.0153713,0.0,633.0
1719328385.146809,0.0,633.0
1719328385.2778354,0.0,633.0
1719328385.4097993,0.0,633.0
1719328385.5438838,0.0,633.0
1719328385.6816351,0.0,633.0
1719328385.818864,0.0,633.0
1719328385.957656,0.0,633.0
1719328386.094061,0.0,633.0
1719328386.2294142,0.0,633.0
1719328386.365259,0.0,633.0
1719328386.498417,0.0,633.0
1719328386.6327636,0.0,633.0
1719328386.767112,0.0,633.0
1719328386.9018645,0.0,633.0
1719328387.037161,0.0,633.0
1719328387.1760476,0.0,633.0
1719328387.3148894,0.0,633.0
1719328387.452359,0.0,633.0
1719328387.59246,0.0,633.0
1719328387.7285476,0.0,633.0
1719328387.866267,0.0,633.0
1719328388.0025318,0.0,633.0
1719328388.1384068,0.0,633.0
1719328388.2763057,0.0,633.0
1719328388.4164112,0.0,633.0
1719328388.5540583,0.0,633.0
1719328388.6898112,0.0,633.0
1719328388.8270118,0.0,633.0
1719328388.96119,0.0,633.0
1719328389.0965197,0.0,633.0
1719328389.232235,0.0,633.0
1719328389.3673604,0.0,633.0
1719328389.5030818,0.0,633.0
1719328389.6403937,0.0,633.0
1719328389.7749429,0.0,633.0
1719328389.9097416,0.0,633.0
1719328390.0445402,0.0,633.0
1719328390.1790087,0.0,633.0
1719328390.3170671,0.0,633.0
1719328390.4557836,0.0,633.0
1719328390.592028,0.0,633.0
1719328390.7271092,0.0,633.0
1719328390.8640544,0.0,633.0
1719328390.9960592,0.0,633.0
1719328391.1265688,0.0,633.0
1719328391.2555652,0.0,633.0
1719328391.391222,0.0,633.0
1719328391.5256963,0.0,633.0
1719328391.6586509,0.0,633.0
1719328391.7970667,0.0,633.0
1719328391.9420521,0.0,633.0
1719328392.080263,0.0,633.0
1719328392.2185247,0.0,633.0
1719328392.38177,0.0,633.0
1719328392.5165393,0.0,633.0
1719328392.652071,0.0,633.0
1719328392.7863452,0.0,633.0
1719328392.9158802,0.0,633.0
1719328393.0427382,0.0,633.0
1719328393.1689646,0.0,633.0
1719328393.2944643,0.0,633.0
1719328393.4493766,0.0,633.0
1719328393.5759292,0.0,633.0
1719328393.70423,0.0,633.0
1719328393.8336992,0.0,633.0
1719328393.9613502,0.0,633.0
1719328394.0889282,0.0,633.0
1719328394.2157958,0.0,633.0
1719328394.3452995,0.0,633.0
1719328394.4721942,0.0,633.0
1719328394.5996487,0.0,633.0
1719328394.725955,0.0,633.0
1719328394.8524733,0.0,633.0
1719328394.9805028,0.0,633.0
1719328395.105942,0.0,633.0
1719328395.231841,0.0,633.0
1719328395.3569942,0.0,633.0
1719328395.4822388,0.0,633.0
1719328395.6089199,0.0,633.0
1719328395.736014,0.0,633.0
1719328395.8618953,0.0,633.0
1719328395.987888,0.0,633.0
1719328396.1138363,0.0,633.0
1719328396.2391658,0.0,633.0
1719328396.3655226,0.0,633.0
1719328396.4922538,0.0,633.0
1719328396.6184595,0.0,633.0
1719328396.7439532,0.0,633.0
1719328396.8695326,0.0,633.0
1719328396.9947147,0.0,633.0
1719328397.1205406,0.0,633.0
1719328397.245894,0.0,633.0
1719328397.3727682,0.0,633.0
1719328397.4999506,0.0,633.0
1719328397.626572,0.0,633.0
1719328397.7516353,0.0,633.0
1719328397.877715,0.0,633.0
1719328398.0029492,0.0,633.0
1719328398.1333141,0.0,633.0
1719328398.2650723,0.0,633.0
1719328398.3907478,0.0,633.0
1719328398.5173376,0.0,633.0
1719328398.644566,0.0,633.0
1719328398.7704418,0.0,633.0
1719328398.8958516,0.0,633.0
1719328399.020952,0.0,633.0
1719328399.146351,0.0,633.0
1719328399.2718961,0.0,633.0
1719328399.396887,0.0,633.0
1719328399.5231836,0.0,633.0
1719328399.6493707,0.0,633.0
1719328399.7761474,0.0,633.0
1719328399.901322,0.0,633.0
1719328400.0264194,0.0,633.0
1719328400.1516848,0.0,633.0
1719328400.2770267,0.0,633.0
1719328400.4020557,0.0,633.0
1719328400.528082,0.0,633.0
1719328400.654252,0.0,633.0
1719328400.7801616,0.0,633.0
1719328400.9059463,0.0,633.0
1719328401.0344617,0.0,633.0
1719328401.1611996,0.0,633.0
1719328401.2883525,0.0,633.0
1719328401.4169586,0.0,633.0
1719328401.5423,0.0,633.0
1719328401.667675,0.0,633.0
1719328401.7928345,0.0,633.0
1719328401.9179766,0.0,633.0
1719328402.0442297,0.0,633.0
1719328402.1717937,0.0,633.0
1719328402.2971134,0.0,633.0
1719328402.4224038,0.0,633.0
1719328402.5496044,0.0,633.0
1719328402.6759803,0.0,633.0
1719328402.8023703,0.0,633.0
1719328402.9281998,0.0,633.0
1719328403.053781,0.0,633.0
1719328403.179264,0.0,633.0
1719328403.3053741,0.0,633.0
1719328403.4306197,0.0,633.0
1719328403.5604355,0.0,633.0
1719328403.6884265,0.0,633.0
1719328403.8137083,0.0,633.0
1719328403.9389112,0.0,633.0
1719328404.0642514,0.0,633.0
1719328404.1896327,0.0,633.0
1719328404.3149009,0.0,633.0
1719328404.441234,0.0,633.0
1719328404.5675757,0.0,633.0
1719328404.695293,0.0,633.0
1719328404.821045,0.0,633.0
1719328404.9464018,0.0,633.0
1719328405.0733929,0.0,633.0
1719328405.198696,0.0,633.0
1719328405.3267403,0.0,633.0
1719328405.4521325,0.0,633.0
1719328405.578551,0.0,633.0
1719328405.7040389,0.0,633.0
1719328405.8294897,0.0,633.0
1719328405.9557145,0.0,633.0
1719328406.0826964,0.0,633.0
1719328406.2104177,0.0,633.0
1719328406.3357291,0.0,633.0
1719328406.4612906,0.0,633.0
1719328406.5876153,0.0,633.0
1719328406.7129176,0.0,633.0
1719328406.8382072,0.0,633.0
1719328406.9648454,0.0,633.0
1719328407.0921695,0.0,633.0
1719328407.2178795,0.0,633.0
1719328407.3439221,0.0,633.0
1719328407.4697871,0.0,633.0
1719328407.5968328,0.0,633.0
1719328407.7242587,0.0,633.0
1719328407.8502545,0.0,633.0
1719328407.9760158,0.0,633.0
1719328408.1022274,0.0,633.0
1719328408.2279873,0.0,633.0
1719328408.3538854,0.0,633.0
1719328408.4815192,0.0,633.0
1719328408.6083376,0.0,633.0
1719328408.7345665,0.0,633.0
1719328408.860446,0.0,633.0
1719328408.9862754,0.0,633.0
1719328409.112389,0.0,633.0
1719328409.2388475,0.0,633.0
1719328409.3654773,0.0,633.0
1719328409.4914787,0.0,633.0
1719328409.6190596,0.0,633.0
1719328409.745524,0.0,633.0
1719328409.8716872,0.0,633.0
1719328409.9984186,0.0,633.0
1719328410.1268845,0.0,633.0
1719328410.252908,0.0,633.0
1719328410.3786473,0.0,633.0
1719328410.5043042,0.0,633.0
1719328410.6313088,0.0,633.0
1719328410.757947,0.0,633.0
1719328410.8852255,0.0,633.0
1719328411.0107603,0.0,633.0
1719328411.1365573,0.0,633.0
1719328411.262448,0.0,633.0
1719328411.388124,0.0,633.0
1719328411.5148373,0.0,633.0
1719328411.642082,0.0,633.0
1719328411.7684283,0.0,633.0
1719328411.8941462,0.0,633.0
1719328412.020077,0.0,633.0
1719328412.146366,0.0,633.0
1719328412.2740617,0.0,633.0
1719328412.4024115,0.0,633.0
1719328412.528008,0.0,633.0
1719328412.6548524,0.0,633.0
1719328412.7806756,0.0,633.0
1719328412.9067388,0.0,633.0
1719328413.0334213,0.0,633.0
1719328413.1605597,0.0,633.0
1719328413.2861679,0.0,633.0
1719328413.4117105,0.0,633.0
1719328413.5391593,0.0,633.0
1719328413.665018,0.0,633.0
1719328413.792091,0.0,633.0
1719328413.9207757,0.0,633.0
1719328414.0474315,0.0,633.0
1719328414.1737187,0.0,633.0
1719328414.299211,0.0,633.0
1719328414.4263408,0.0,633.0
1719328414.5528178,0.0,633.0
1719328414.6786458,0.0,633.0
1719328414.804459,0.0,633.0
1719328414.9302876,0.0,633.0
1719328415.055723,0.0,633.0
1719328415.1822305,0.0,633.0
1719328415.3096743,0.0,633.0
1719328415.4351168,0.0,633.0
1719328415.5625815,0.0,633.0
1719328415.6883507,0.0,633.0
1719328415.8142328,0.0,633.0
1719328415.9422197,0.0,633.0
1719328416.069018,0.0,633.0
1719328416.1947982,0.0,633.0
1719328416.3207605,0.0,633.0
1719328416.4462714,0.0,633.0
1719328416.5746343,0.0,633.0
1719328416.7018194,0.0,633.0
1719328416.8277268,0.0,633.0
1719328416.953598,0.0,633.0
1719328417.0797434,0.0,633.0
1719328417.2056186,0.0,633.0
1719328417.3331707,0.0,633.0
1719328417.459255,0.0,633.0
1719328417.5859582,0.0,633.0
1719328417.7120473,0.0,633.0
1719328417.8379333,0.0,633.0
1719328417.963788,0.0,633.0
1719328418.0908437,0.0,633.0
1719328418.2203152,0.0,633.0
1719328418.3459837,0.0,633.0
1719328418.471638,0.0,633.0
1719328418.5973513,0.0,633.0
1719328418.7247238,0.0,633.0
1719328418.8529744,0.0,633.0
1719328418.978528,0.0,633.0
1719328419.1040506,0.0,633.0
1719328419.229633,0.0,633.0
1719328419.3551497,0.0,633.0
1719328419.4806485,0.0,633.0
1719328419.6072044,0.0,633.0
1719328419.7347457,0.0,633.0
1719328419.8613613,0.0,633.0
1719328419.9865508,0.0,633.0
1719328420.1118963,0.0,633.0
1719328420.2374232,0.0,633.0
1719328420.3642988,0.0,633.0
1719328420.492311,0.0,633.0
1719328420.6185164,0.0,633.0
1719328420.7449028,0.0,633.0
1719328420.870768,0.0,633.0
1719328420.9985092,0.0,633.0
1719328421.1278195,0.0,633.0
1719328421.2537065,0.0,633.0
1719328421.3792698,0.0,633.0
1719328421.5045905,0.0,633.0
1719328421.6337402,0.0,633.0
1719328421.7684894,0.0,633.0
1719328421.9035003,0.0,633.0
1719328422.0359566,0.0,633.0
1719328422.1706924,0.0,633.0
1719328422.3036335,0.0,633.0
1719328422.4367611,0.0,633.0
1719328422.5717402,0.0,633.0
1719328422.7049901,0.0,633.0
1719328422.838188,0.0,633.0
1719328422.9724805,0.0,633.0
1719328423.1074083,0.0,633.0
1719328423.2432663,0.0,633.0
1719328423.3775403,0.0,633.0
1719328423.5098064,0.0,633.0
1719328423.6446924,0.0,633.0
1719328423.7767432,0.0,633.0
1719328423.9109201,0.0,633.0
1719328424.0429251,0.0,633.0
1719328424.175215,0.0,633.0
1719328424.3079464,0.0,633.0
1719328424.4398217,0.0,633.0
1719328424.570511,0.0,633.0
1719328424.70373,0.0,633.0
1719328424.8350334,0.0,633.0
1719328424.9633353,0.0,633.0
1719328425.0934927,0.0,633.0
1719328425.3639753,0.0,633.0
1719328425.4979424,0.0,633.0
1719328425.6322522,0.0,633.0
1719328425.793874,0.0,633.0
1719328425.9262242,0.0,633.0
1719328426.0591185,0.0,633.0
1719328426.194539,0.0,633.0
1719328426.3282993,0.0,633.0
1719328426.461789,0.0,633.0
1719328426.5977306,0.0,633.0
1719328426.7333846,0.0,633.0
1719328426.8669631,0.0,633.0
1719328426.9997103,0.0,633.0
1719328427.130594,0.0,633.0
1719328427.2625477,0.0,633.0
1719328427.3939927,0.0,633.0
1719328427.5245454,0.0,633.0
1719328427.6559079,0.0,633.0
1719328427.7855337,0.0,633.0
1719328427.913985,0.0,633.0
1719328428.041232,0.0,633.0
1719328428.1736887,0.0,633.0
1719328428.307411,0.0,633.0
1719328428.441457,0.0,633.0
1719328428.5763357,0.0,633.0
1719328428.7074125,0.0,633.0
1719328428.8382163,0.0,633.0
1719328428.9746993,0.0,633.0
1719328429.1095593,0.0,633.0
1719328429.241346,0.0,633.0
1719328429.3714318,0.0,633.0
1719328429.5031798,0.0,633.0
1719328429.6345387,0.0,633.0
1719328429.7681415,0.0,633.0
1719328429.89993,0.0,633.0
1719328430.033294,0.0,633.0
1719328430.167249,0.0,633.0
1719328430.3019407,0.0,633.0
1719328430.4345977,0.0,633.0
1719328430.570423,0.0,633.0
1719328430.7038116,0.0,633.0
1719328430.8383312,0.0,633.0
1719328430.9750473,0.0,633.0
1719328431.1094966,0.0,633.0
1719328431.2447577,0.0,633.0
1719328431.3805556,0.0,633.0
1719328431.5171998,0.0,633.0
1719328431.6544182,0.0,633.0
1719328431.7900193,0.0,633.0
1719328431.9241257,0.0,633.0
1719328432.0592492,0.0,633.0
1719328432.1919127,0.0,633.0
1719328432.3304107,0.0,633.0
1719328432.4664412,0.0,633.0
1719328432.601091,0.0,633.0
1719328432.739015,0.0,633.0
1719328432.8722036,0.0,633.0
1719328433.0087245,0.0,633.0
1719328433.1438158,0.0,633.0
1719328433.2801836,0.0,633.0
1719328433.416031,0.0,633.0
1719328433.5520327,0.0,633.0
1719328433.688452,0.0,633.0
1719328433.8241625,0.0,633.0
1719328433.959017,0.0,633.0
1719328434.0921092,0.0,633.0
1719328434.2261443,0.0,633.0
1719328434.3619392,0.0,633.0
1719328434.4990702,0.0,633.0
1719328434.635902,0.0,633.0
1719328434.7713568,0.0,633.0
1719328434.9092307,0.0,633.0
1719328435.0433059,0.0,633.0
1719328435.1789565,0.0,633.0
1719328435.312566,0.0,633.0
1719328435.4455063,0.0,633.0
1719328435.57726,0.0,633.0
1719328435.7103436,0.0,633.0
1719328435.8439767,0.0,633.0
1719328435.9787898,0.0,633.0
1719328436.113923,0.0,633.0
1719328436.2456226,0.0,633.0
1719328436.3774202,0.0,633.0
1719328436.5096848,0.0,633.0
1719328436.643614,0.0,633.0
1719328436.7747464,0.0,633.0
1719328436.9102101,0.0,633.0
1719328437.04986,0.0,633.0
1719328437.1849117,0.0,633.0
1719328437.322966,0.0,633.0
1719328437.4561782,0.0,633.0
1719328437.592277,0.0,633.0
1719328437.7250457,0.0,633.0
1719328437.860193,0.0,633.0
1719328437.9955573,0.0,633.0
1719328438.1294746,0.0,633.0
1719328438.2658834,0.0,633.0
1719328438.3983338,0.0,633.0
1719328438.533717,0.0,633.0
1719328438.6662626,0.0,633.0
1719328438.799695,0.0,633.0
1719328438.9373217,0.0,633.0
1719328439.0760288,0.0,633.0
1719328439.215228,0.0,633.0
1719328439.3541856,0.0,633.0
1719328439.489152,0.0,633.0
1719328439.624003,0.0,633.0
1719328439.759926,0.0,633.0
1719328439.8947797,0.0,633.0
1719328440.0316193,0.0,633.0
1719328440.1669946,0.0,633.0
1719328440.3006492,0.0,633.0
1719328440.4343212,0.0,633.0
1719328440.5661533,0.0,633.0
1719328440.697882,0.0,633.0
1719328440.8278172,0.0,633.0
1719328440.9579449,0.0,633.0
1719328441.0887725,0.0,633.0
1719328441.218807,0.0,633.0
1719328441.3485968,0.0,633.0
1719328441.4789033,0.0,633.0
1719328441.6086965,0.0,633.0
1719328441.7425406,0.0,633.0
1719328441.8719618,0.0,633.0
1719328442.0009546,0.0,633.0
1719328442.1314473,0.0,633.0
1719328442.2603548,0.0,633.0
1719328442.389251,0.0,633.0
1719328442.518542,0.0,633.0
1719328442.651533,0.0,633.0
1719328442.7839048,0.0,633.0
1719328442.917934,0.0,633.0
1719328443.054722,0.0,633.0
1719328443.197844,0.0,633.0
1719328443.3377643,0.0,633.0
1719328443.4743032,0.0,633.0
1719328443.6123564,0.0,633.0
1719328443.7444017,0.0,633.0
1719328443.8776662,0.0,633.0
1719328444.0088847,0.0,633.0
1719328444.1402369,0.0,633.0
1719328444.2752757,0.0,633.0
1719328444.411343,0.0,633.0
1719328444.5459092,0.0,633.0
1719328444.6827257,0.0,633.0
1719328444.820053,0.0,633.0
1719328444.955876,0.0,633.0
1719328445.0902274,0.0,633.0
1719328445.2275653,0.0,633.0
1719328445.3605497,0.0,633.0
1719328445.496817,0.0,633.0
1719328445.6331873,0.0,633.0
1719328445.7674088,0.0,633.0
1719328445.901074,0.0,633.0
1719328446.0325878,0.0,633.0
1719328446.1669712,0.0,633.0
1719328446.3003368,0.0,633.0
1719328446.4337492,0.0,633.0
1719328446.5692348,0.0,633.0
1719328446.704382,0.0,633.0
1719328446.8374605,0.0,633.0
1719328446.9707057,0.0,633.0
1719328447.102145,0.0,633.0
1719328447.2355254,0.0,633.0
1719328447.3661854,0.0,633.0
1719328447.4993014,0.0,633.0
1719328447.632542,0.0,633.0
1719328447.767622,0.0,633.0
1719328447.9027958,0.0,633.0
1719328448.0375736,0.0,633.0
1719328448.173831,0.0,633.0
1719328448.306622,0.0,633.0
1719328448.4413311,0.0,633.0
1719328448.577695,0.0,633.0
1719328448.7132761,0.0,633.0
1719328448.8482993,0.0,633.0
1719328448.9824667,0.0,633.0
1719328449.1175952,0.0,633.0
1719328449.2488756,0.0,633.0
1719328449.381429,0.0,633.0
1719328449.5118344,0.0,633.0
1719328449.646382,0.0,633.0
1719328449.7761106,0.0,633.0
1719328449.906173,0.0,633.0
1719328450.0359423,0.0,633.0
1719328450.165571,0.0,633.0
1719328450.2939038,0.0,633.0
1719328450.4234378,0.0,633.0
1719328450.552157,0.0,633.0
1719328450.6833024,0.0,633.0
1719328450.8120887,0.0,633.0
1719328450.9426503,0.0,633.0
1719328451.0739684,0.0,633.0
1719328451.2081304,0.0,633.0
1719328451.3413258,0.0,633.0
1719328451.475018,0.0,633.0
1719328451.6146927,0.0,633.0
1719328451.7523196,0.0,633.0
1719328451.8900857,0.0,633.0
1719328452.0294898,0.0,633.0
1719328452.1672375,0.0,633.0
1719328452.3033004,0.0,633.0
1719328452.4389248,0.0,633.0
1719328452.5777123,0.0,633.0
1719328452.7146382,0.0,633.0
1719328452.852573,0.0,633.0
1719328452.990104,0.0,633.0
1719328453.1273198,0.0,633.0
1719328453.2639017,0.0,633.0
1719328453.4010036,0.0,633.0
1719328453.5436711,0.0,633.0
1719328453.6813343,0.0,633.0
1719328453.8165529,0.0,633.0
1719328453.9517987,0.0,633.0
1719328454.0866015,0.0,633.0
1719328454.2275753,0.0,633.0
1719328454.3608181,0.0,633.0
1719328454.4924808,0.0,633.0
1719328454.6242151,0.0,633.0
1719328454.756719,0.0,633.0
1719328454.8930135,0.0,633.0
1719328455.0312212,0.0,633.0
1719328455.168807,0.0,633.0
1719328455.3049543,0.0,633.0
1719328455.4370527,0.0,633.0
1719328455.5716553,0.0,633.0
1719328455.7069604,0.0,633.0
1719328455.8380957,0.0,633.0
1719328455.969141,0.0,633.0
1719328456.104925,0.0,633.0
1719328456.2396815,0.0,633.0
1719328456.3728538,0.0,633.0
1719328456.509256,0.0,633.0
1719328456.6509757,0.0,633.0
1719328456.7884507,0.0,633.0
1719328456.925744,0.0,633.0
1719328457.0652518,0.0,633.0
1719328457.2035298,0.0,633.0
1719328457.3391945,0.0,633.0
1719328457.475449,0.0,633.0
1719328457.6120286,0.0,633.0
1719328457.746704,0.0,633.0
1719328457.883453,0.0,633.0
1719328458.0182269,0.0,633.0
1719328458.1539915,0.0,633.0
1719328458.2935998,0.0,633.0
1719328458.4323072,0.0,633.0
1719328458.5686572,0.0,633.0
1719328458.7021315,0.0,633.0
1719328458.8361988,0.0,633.0
1719328458.9709442,0.0,633.0
1719328459.1044774,0.0,633.0
1719328459.2380226,0.0,633.0
1719328459.3692155,0.0,633.0
1719328459.500563,0.0,633.0
1719328459.637135,0.0,633.0
1719328459.7733028,0.0,633.0
1719328459.9117987,0.0,633.0
1719328460.0509253,0.0,633.0
1719328460.1870272,0.0,633.0
1719328460.321414,0.0,633.0
1719328460.4566784,0.0,633.0
1719328460.5921483,0.0,633.0
1719328460.7227056,0.0,633.0
1719328460.8569398,0.0,633.0
1719328460.993636,0.0,633.0
1719328461.1280918,0.0,633.0
1719328461.2640421,0.0,633.0
1719328461.403339,0.0,633.0
1719328461.54082,0.0,633.0
1719328461.6788387,0.0,633.0
1719328461.8174229,0.0,633.0
1719328461.9573648,0.0,633.0
1719328462.0932808,0.0,633.0
1719328462.2297752,0.0,633.0
1719328462.3666854,0.0,633.0
1719328462.5036047,0.0,633.0
1719328462.638664,0.0,633.0
1719328462.7757926,0.0,633.0
1719328462.9115603,0.0,633.0
1719328463.050776,0.0,633.0
1719328463.1891263,0.0,633.0
1719328463.3268034,0.0,633.0
1719328463.461778,0.0,633.0
1719328463.5980015,0.0,633.0
1719328463.7330265,0.0,633.0
1719328463.8684685,0.0,633.0
1719328464.0024009,0.0,633.0
1719328464.1328394,0.0,633.0
1719328464.2641246,0.0,633.0
1719328464.3960176,0.0,633.0
1719328464.5296707,0.0,633.0
1719328464.6651719,0.0,633.0
1719328464.8040228,0.0,633.0
1719328464.940397,0.0,633.0
1719328465.076161,0.0,633.0
1719328465.213867,0.0,633.0
1719328465.3481743,0.0,633.0
1719328465.4814527,0.0,633.0
1719328465.6202214,0.0,633.0
1719328465.7554314,0.0,633.0
1719328465.8907135,0.0,633.0
1719328466.0254536,0.0,633.0
1719328466.1639094,0.0,633.0
1719328466.3033304,0.0,633.0
1719328466.441946,0.0,633.0
1719328466.5812387,0.0,633.0
1719328466.7202961,0.0,633.0
1719328466.8580182,0.0,633.0
1719328466.9953334,0.0,633.0
1719328467.131179,0.0,633.0
1719328467.2685921,0.0,633.0
1719328467.4048011,0.0,633.0
1719328467.5405765,0.0,633.0
1719328467.6793334,0.0,633.0
1719328467.8143547,0.0,633.0
1719328467.9488916,0.0,633.0
1719328468.08517,0.0,633.0
1719328468.223217,0.0,633.0
1719328468.358651,0.0,633.0
1719328468.4961474,0.0,633.0
1719328468.6313858,0.0,633.0
1719328468.7659974,0.0,633.0
1719328468.901094,0.0,633.0
1719328469.0351322,0.0,633.0
1719328469.1699088,0.0,633.0
1719328469.311415,0.0,633.0
1719328469.4493132,0.0,633.0
1719328469.5845413,0.0,633.0
1719328469.7199762,0.0,633.0
1719328469.8549466,0.0,633.0
1719328469.988258,0.0,633.0
1719328470.1217258,0.0,633.0
1719328470.2523801,0.0,633.0
1719328470.3880978,0.0,633.0
1719328470.5226967,0.0,633.0
1719328470.6606321,0.0,633.0
1719328470.7996306,0.0,633.0
1719328470.9378455,0.0,633.0
1719328471.0749104,0.0,633.0
1719328471.2136188,0.0,633.0
1719328471.3520272,0.0,633.0
1719328471.4870872,0.0,633.0
1719328471.622709,0.0,633.0
1719328471.7613125,0.0,633.0
1719328471.9033642,0.0,633.0
1719328472.0399988,0.0,633.0
1719328472.1783886,0.0,633.0
1719328472.3150594,0.0,633.0
1719328472.4497771,0.0,633.0
1719328472.5870316,0.0,633.0
1719328472.7213795,0.0,633.0
1719328472.8585303,0.0,633.0
1719328472.9947815,0.0,633.0
1719328473.129189,0.0,633.0
1719328473.2666965,0.0,633.0
1719328473.403334,0.0,633.0
1719328473.5358183,0.0,633.0
1719328473.6693506,0.0,633.0
1719328473.8046222,0.0,633.0
1719328473.9433184,0.0,633.0
1719328474.0826926,0.0,633.0
1719328474.2202532,0.0,633.0
1719328474.3544083,0.0,633.0
1719328474.4906688,0.0,633.0
1719328474.6277015,0.0,633.0
1719328474.7585247,0.0,633.0
1719328474.888488,0.0,633.0
1719328475.026161,0.0,633.0
1719328475.1601396,0.0,633.0
1719328475.2929752,0.0,633.0
1719328475.4301233,0.0,633.0
1719328475.5714896,0.0,633.0
1719328475.7094944,0.0,633.0
1719328475.848272,0.0,633.0
1719328475.9861856,0.0,633.0
1719328476.1238303,0.0,633.0
1719328476.2586565,0.0,633.0
1719328476.3951275,0.0,633.0
1719328476.5302694,0.0,633.0
1719328476.6669066,0.0,633.0
1719328476.8048253,0.0,633.0
1719328476.9421365,0.0,633.0
1719328477.0762591,0.0,633.0
1719328477.212309,0.0,633.0
1719328477.3496091,0.0,633.0
1719328477.4850068,0.0,633.0
1719328477.623206,0.0,633.0
1719328477.7588878,0.0,633.0
1719328477.8922203,0.0,633.0
1719328478.0266151,0.0,633.0
1719328478.1596746,0.0,633.0
1719328478.293043,0.0,633.0
1719328478.4249415,0.0,633.0
1719328478.5558703,0.0,633.0
1719328478.6899436,0.0,633.0
1719328478.8277924,0.0,633.0
1719328478.9658597,0.0,633.0
1719328479.102547,0.0,633.0
1719328479.2387905,0.0,633.0
1719328479.370212,0.0,633.0
1719328479.5036461,0.0,633.0
1719328479.6367688,0.0,633.0
1719328479.7673905,0.0,633.0
1719328479.8982685,0.0,633.0
1719328480.0320704,0.0,633.0
1719328480.1645806,0.0,633.0
1719328480.300407,0.0,633.0
1719328480.437881,0.0,633.0
1719328480.5769722,0.0,633.0
1719328480.7136211,0.0,633.0
1719328480.8529632,0.0,633.0
1719328480.9892948,0.0,633.0
1719328481.126156,0.0,633.0
1719328481.2615438,0.0,633.0
1719328481.3970518,0.0,633.0
1719328481.5346596,0.0,633.0
1719328481.6699183,0.0,633.0
1719328481.8055484,0.0,633.0
1719328481.9431295,0.0,633.0
1719328482.0815053,0.0,633.0
1719328482.2186165,0.0,633.0
1719328482.3551853,0.0,633.0
1719328482.4919176,0.0,633.0
1719328482.6273553,0.0,633.0
1719328482.7617445,0.0,633.0
1719328482.8957095,0.0,633.0
1719328483.0295599,0.0,633.0
1719328483.1630147,0.0,633.0
1719328483.2956138,0.0,633.0
1719328483.4262278,0.0,633.0
1719328483.5608153,0.0,633.0
1719328483.700218,0.0,633.0
1719328483.8391354,0.0,633.0
1719328483.9771369,0.0,633.0
1719328484.1143456,0.0,633.0
1719328484.247828,0.0,633.0
1719328484.384019,0.0,633.0
1719328484.5188138,0.0,633.0
1719328484.650251,0.0,633.0
1719328484.786666,0.0,633.0
1719328484.9214592,0.0,633.0
1719328485.0563083,0.0,633.0
1719328485.192731,0.0,633.0
1719328485.3316112,0.0,2453.0
1719328485.480361,18.0,7715.0
1719328485.620098,18.0,10009.0
1719328485.7638245,91.0,30409.0
1719328485.9062817,98.0,30409.0
1719328486.0498047,98.0,36565.0
1719328486.2005134,46.0,36565.0
1719328486.3499143,100.0,36567.0
1719328486.5003288,98.0,36569.0
1719328486.6491642,98.0,36581.0
1719328486.7978098,76.0,36581.0
1719328486.9664724,76.0,36581.0
1719328487.1187592,100.0,36581.0
1719328487.2826734,99.0,42727.0
1719328487.4288638,99.0,42727.0
1719328487.5770893,100.0,42727.0
1719328487.7235792,100.0,42727.0
1719328487.8683653,100.0,42727.0
1719328488.0120895,79.0,42727.0
1719328488.170545,18.0,42727.0
1719328488.3157294,18.0,42727.0
1719328488.4923618,99.0,42727.0
1719328488.639969,99.0,42727.0
1719328488.7906587,100.0,42727.0
1719328488.9393272,100.0,42727.0
1719328489.0847843,100.0,42727.0
1719328489.2338285,87.0,42727.0
1719328489.3793223,53.0,42727.0
1719328489.524153,100.0,42727.0
1719328489.67034,100.0,42727.0
1719328489.8161218,99.0,42727.0
1719328489.9634147,100.0,42727.0
1719328490.1144402,100.0,42727.0
1719328490.2658746,100.0,42727.0
1719328490.451323,54.0,42727.0
1719328490.6047816,75.0,42727.0
1719328490.753348,75.0,42727.0
1719328490.907015,94.0,42727.0
1719328491.0577807,94.0,42727.0
1719328491.208338,100.0,42727.0
1719328491.3580463,100.0,42727.0
1719328491.506826,100.0,42727.0
1719328491.6784332,36.0,42727.0
1719328491.833073,91.0,42727.0
1719328491.9892592,99.0,42727.0
1719328492.1398242,99.0,42727.0
1719328492.2911775,100.0,42727.0
1719328492.437795,100.0,42727.0
1719328492.5873764,100.0,42727.0
1719328492.7338402,100.0,42727.0
1719328492.9107254,37.0,42727.0
1719328493.0720658,100.0,42727.0
1719328493.2199788,97.0,42727.0
1719328493.372633,100.0,42727.0
1719328493.528369,100.0,42727.0
1719328493.6792674,100.0,42727.0
1719328493.8313036,87.0,42727.0
1719328494.0029025,22.0,42727.0
1719328494.1521456,100.0,42727.0
1719328494.298309,100.0,42727.0
1719328494.4508634,99.0,42727.0
1719328494.5998743,100.0,42727.0
1719328494.7524147,100.0,42727.0
1719328494.907473,100.0,42727.0
1719328495.068691,84.0,42727.0
1719328495.2216327,67.0,42727.0
1719328495.3771892,100.0,42727.0
1719328495.5293672,100.0,42727.0
1719328495.6806781,99.0,42727.0
1719328495.8303456,100.0,42727.0
1719328495.9804523,100.0,42727.0
1719328496.1351395,100.0,42727.0
1719328496.2901216,40.0,42727.0
1719328496.4416041,81.0,42727.0
1719328496.595067,81.0,42727.0
1719328496.7468762,100.0,42727.0
1719328496.8973415,99.0,42727.0
1719328497.048322,100.0,42727.0
1719328497.198007,100.0,42727.0
1719328497.349337,51.0,42727.0
1719328497.4979286,51.0,42727.0
1719328497.644335,100.0,42727.0
1719328497.7908833,99.0,42727.0
1719328497.9367146,99.0,42727.0
1719328498.0855272,100.0,42727.0
1719328498.2386642,100.0,42727.0
1719328498.3929746,81.0,42727.0
1719328498.548121,81.0,42727.0
1719328498.6975234,63.0,42727.0
1719328498.8491693,100.0,42727.0
1719328498.999574,99.0,42727.0
1719328499.145788,99.0,42727.0
1719328499.2959888,100.0,42727.0
1719328499.4487169,100.0,42727.0
1719328499.6002626,100.0,42727.0
1719328499.755656,49.0,42727.0
1719328499.9102426,100.0,42727.0
1719328500.063596,99.0,42727.0
1719328500.2171261,99.0,42727.0
1719328500.3777165,100.0,42727.0
1719328500.5304248,100.0,42727.0
1719328500.6845143,100.0,42727.0
1719328500.842773,2.0,42727.0
1719328501.0042014,2.0,42727.0
1719328501.1554434,54.0,42727.0
1719328501.3056102,100.0,42727.0
1719328501.4604912,99.0,42727.0
1719328501.6127152,100.0,42727.0
1719328501.7672303,100.0,42727.0
1719328501.9162164,100.0,42727.0
1719328502.0661137,52.0,42727.0
1719328502.2185013,96.0,42727.0
1719328502.3659532,96.0,42727.0
1719328502.5131607,99.0,42727.0
1719328502.658372,100.0,42727.0
1719328502.8042264,100.0,42727.0
1719328502.9556782,100.0,42727.0
1719328503.1100116,100.0,42727.0
1719328503.2671578,50.0,42727.0
1719328503.4180682,50.0,42727.0
1719328503.57183,100.0,42727.0
1719328503.7191288,99.0,42727.0
1719328503.8659115,100.0,42727.0
1719328504.0128796,100.0,42727.0
1719328504.1638129,100.0,42727.0
1719328504.3134956,68.0,42727.0
1719328504.4651144,60.0,42727.0
1719328504.619837,100.0,42727.0
1719328504.7779534,100.0,42727.0
1719328504.934201,99.0,42727.0
1719328505.08672,100.0,42727.0
1719328505.240718,100.0,42727.0
1719328505.3921666,100.0,42727.0
1719328505.5925186,48.0,42727.0
1719328505.7958806,99.0,42727.0
1719328505.947774,99.0,42727.0
1719328506.1030166,100.0,42727.0
1719328506.2635658,100.0,42727.0
1719328506.42039,100.0,42727.0
1719328506.5749614,100.0,42727.0
1719328506.728133,49.0,42727.0
1719328506.8826945,100.0,42727.0
1719328507.0353723,99.0,42727.0
1719328507.1865704,99.0,42727.0
1719328507.3356566,100.0,42727.0
1719328507.4847076,100.0,42727.0
1719328507.6358845,100.0,42727.0
1719328507.8005307,75.0,42727.0
1719328507.961062,75.0,42727.0
1719328508.1180484,100.0,42727.0
1719328508.2675629,99.0,42727.0
1719328508.4181685,100.0,42727.0
1719328508.5710688,100.0,42727.0
1719328508.7177866,100.0,42727.0
1719328508.892185,44.0,42727.0
1719328509.040054,100.0,42727.0
1719328509.190916,100.0,42727.0
1719328509.3453279,96.0,42727.0
1719328509.5005705,100.0,42727.0
1719328509.6543505,100.0,42727.0
1719328509.8082244,100.0,42727.0
1719328509.95987,97.0,42727.0
1719328510.116047,16.0,42727.0
1719328510.2725189,16.0,42727.0
1719328510.4267187,99.0,42727.0
1719328510.5826674,99.0,42727.0
1719328510.736949,100.0,42727.0
1719328510.8906286,100.0,42727.0
1719328511.0450869,90.0,42727.0
1719328511.203177,90.0,42727.0
1719328511.3621163,55.0,42727.0
1719328511.5174088,100.0,42727.0
1719328511.6715658,93.0,42727.0
1719328511.8268216,93.0,42727.0
1719328511.9815407,100.0,42727.0
1719328512.1319015,100.0,42727.0
1719328512.2813842,59.0,42727.0
1719328512.4333553,59.0,42727.0
1719328512.5863812,97.0,42727.0
1719328512.744157,99.0,42727.0
1719328512.89776,100.0,42727.0
1719328513.0498178,100.0,42727.0
1719328513.1989384,100.0,42727.0
1719328513.354747,100.0,42727.0
1719328513.5116532,40.0,42727.0
1719328513.6562445,40.0,42727.0
1719328513.8367693,99.0,42727.0
1719328513.986805,99.0,42727.0
1719328514.1380074,100.0,42727.0
1719328514.293207,100.0,42727.0
1719328514.4483464,76.0,42727.0
1719328514.6219854,76.0,42727.0
1719328514.775288,67.0,42727.0
1719328514.926408,100.0,42727.0
1719328515.0765357,99.0,42727.0
1719328515.2278242,99.0,42727.0
1719328515.4499493,100.0,42727.0
1719328515.6030874,100.0,42727.0
1719328515.7654352,42.0,42727.0
1719328515.9173112,42.0,42727.0
1719328516.0722122,100.0,42727.0
1719328516.2227988,99.0,42727.0
1719328516.3745196,100.0,42727.0
1719328516.5216892,100.0,42727.0
1719328516.6715446,100.0,42727.0
1719328516.8208857,100.0,42727.0
1719328516.9686644,48.0,42727.0
1719328517.1149468,100.0,42727.0
1719328517.2594569,100.0,42727.0
1719328517.4074318,99.0,42727.0
1719328517.559793,100.0,42727.0
1719328517.7148116,100.0,42727.0
1719328517.865577,100.0,42727.0
1719328518.0200486,62.0,42727.0
1719328518.170052,88.0,42727.0
1719328518.318844,88.0,42727.0
1719328518.4725883,99.0,42727.0
1719328518.6209354,100.0,42727.0
1719328518.7689693,100.0,42727.0
1719328518.918628,100.0,42727.0
1719328519.0679588,50.0,42727.0
1719328519.2323766,50.0,42727.0
1719328519.3838189,100.0,42727.0
1719328519.5366683,99.0,42727.0
1719328519.6901283,100.0,42727.0
1719328519.840138,100.0,42727.0
1719328519.9913385,100.0,42727.0
1719328520.1430492,74.0,42727.0
1719328520.2972558,75.0,42727.0
1719328520.452937,75.0,42727.0
1719328520.6043153,100.0,42727.0
1719328520.7562275,99.0,42727.0
1719328520.9083478,99.0,42727.0
1719328521.090599,100.0,42727.0
1719328521.2471552,100.0,42727.0
1719328521.4041042,45.0,42727.0
1719328521.5534234,100.0,42727.0
1719328521.7011151,100.0,42727.0
1719328521.8457384,99.0,42727.0
1719328521.9905474,100.0,42727.0
1719328522.1336088,100.0,42727.0
1719328522.2811282,100.0,42727.0
1719328522.4504979,92.0,42727.0
1719328522.603609,58.0,42727.0
1719328522.754563,100.0,42727.0
1719328522.9054184,99.0,42727.0
1719328523.053186,99.0,42727.0
1719328523.2008395,100.0,42727.0
1719328523.3485744,100.0,42727.0
1719328523.4999585,100.0,42727.0
1719328523.6589057,48.0,42727.0
1719328523.8198235,25.0,42727.0
1719328523.9811707,100.0,42727.0
1719328524.1390004,99.0,42727.0
1719328524.2993374,99.0,42727.0
1719328524.510511,100.0,42727.0
1719328524.6681,100.0,42727.0
1719328524.8202188,81.0,42727.0
1719328524.9720476,70.0,42727.0
1719328525.1248422,100.0,42727.0
1719328525.2814472,100.0,42727.0
1719328525.4321685,99.0,42727.0
1719328525.5880506,99.0,42727.0
1719328525.7388132,100.0,42727.0
1719328525.888013,100.0,42727.0
1719328526.0360622,35.0,42727.0
1719328526.2092755,25.0,42727.0
1719328526.3572328,100.0,42727.0
1719328526.502205,100.0,42727.0
1719328526.6461458,99.0,42727.0
1719328526.7894254,100.0,42727.0
1719328526.938242,100.0,42727.0
1719328527.087192,100.0,42727.0
1719328527.2448008,81.0,42727.0
1719328527.4021015,49.0,42727.0
1719328527.550185,100.0,42727.0
1719328527.696557,100.0,42727.0
1719328527.8426695,99.0,42727.0
1719328527.9878285,100.0,42727.0
1719328528.139032,100.0,42727.0
1719328528.2880676,100.0,42727.0
1719328528.4397392,58.0,42727.0
1719328528.5956326,90.0,42727.0
1719328528.747821,90.0,42727.0
1719328528.9024708,97.0,42727.0
1719328529.056884,100.0,42727.0
1719328529.2106411,100.0,42727.0
1719328529.3611612,100.0,42727.0
1719328529.5123284,100.0,42727.0
1719328529.6621723,19.0,42727.0
1719328529.8128934,77.0,42727.0
1719328529.963749,77.0,42727.0
1719328530.1462228,99.0,42727.0
1719328530.2981162,99.0,42727.0
1719328530.4505997,100.0,42727.0
1719328530.6005578,100.0,42727.0
1719328530.7483993,100.0,42727.0
1719328530.8991966,56.0,42727.0
1719328531.0477421,100.0,42727.0
1719328531.1943493,100.0,42727.0
1719328531.3398209,99.0,42727.0
1719328531.4843383,100.0,42727.0
1719328531.629384,100.0,42727.0
1719328531.7794025,78.0,42727.0
1719328531.9550056,59.0,42727.0
1719328532.108554,59.0,42727.0
1719328532.2608254,100.0,42727.0
1719328532.409719,99.0,42727.0
1719328532.5587225,99.0,42727.0
1719328532.7085238,100.0,42727.0
1719328532.856418,100.0,42727.0
1719328533.0104353,100.0,42727.0
1719328533.1626227,54.0,42727.0
1719328533.3603842,99.0,42727.0
1719328533.5131783,99.0,42727.0
1719328533.665485,100.0,42727.0
1719328533.8204067,100.0,42727.0
1719328533.978298,98.0,42727.0
1719328534.1308038,98.0,42727.0
1719328534.2837703,57.0,42727.0
1719328534.434721,100.0,42727.0
1719328534.5854256,99.0,42727.0
1719328534.7397766,99.0,42727.0
1719328534.890229,100.0,42727.0
1719328535.0430152,100.0,42727.0
1719328535.1969779,100.0,42727.0
1719328535.3820345,95.0,42727.0
1719328535.549615,95.0,42727.0
1719328535.7016573,99.0,42727.0
1719328535.8489897,100.0,42727.0
1719328535.9966474,100.0,42727.0
1719328536.1417387,100.0,42727.0
1719328536.2870376,100.0,42727.0
1719328536.4402747,46.0,42727.0
1719328536.5915205,46.0,42727.0
1719328536.7464507,100.0,42727.0
1719328536.89998,99.0,42727.0
1719328537.0520978,100.0,42727.0
1719328537.2017407,100.0,42727.0
1719328537.3507583,100.0,42727.0
1719328537.5085206,69.0,42727.0
1719328537.6747808,34.0,42727.0
1719328537.8280125,100.0,42727.0
1719328538.0008328,99.0,42727.0
1719328538.150931,99.0,42727.0
1719328538.3070781,100.0,42727.0
1719328538.4608328,100.0,42727.0
1719328538.6145437,100.0,42727.0
1719328538.8060496,72.0,42727.0
1719328538.9573932,55.0,42727.0
1719328539.107824,100.0,42727.0
1719328539.257335,99.0,42727.0
1719328539.4093359,100.0,42727.0
1719328539.5588222,100.0,42727.0
1719328539.709925,100.0,42727.0
1719328539.861218,100.0,42727.0
1719328540.0154076,56.0,42727.0
1719328540.2158298,99.0,42727.0
1719328540.365584,99.0,42727.0
1719328540.5151875,100.0,42727.0
1719328540.6651673,100.0,42727.0
1719328540.8120093,100.0,42727.0
1719328540.9578066,100.0,42727.0
1719328541.106025,56.0,42727.0
1719328541.2565444,100.0,42727.0
1719328541.403276,100.0,42727.0
1719328541.5570123,99.0,42727.0
1719328541.7122147,100.0,42727.0
1719328541.861584,100.0,42727.0
1719328542.0219939,100.0,42727.0
1719328542.2230465,51.0,42727.0
1719328542.3745248,93.0,42727.0
1719328542.5197442,99.0,42727.0
1719328542.669889,100.0,42727.0
1719328542.8171282,100.0,42727.0
1719328542.9661515,100.0,42727.0
1719328543.1199596,100.0,42727.0
1719328543.2739873,27.0,42727.0
1719328543.4331248,27.0,42727.0
1719328543.6039124,100.0,42727.0
1719328543.7584372,94.0,42727.0
1719328543.9132586,94.0,42727.0
1719328544.0638216,100.0,42727.0
1719328544.215427,100.0,42727.0
1719328544.373793,95.0,42727.0
1719328544.5253825,43.0,42727.0
1719328544.675599,100.0,42727.0
1719328544.8305874,100.0,42727.0
1719328544.9821315,99.0,42727.0
1719328545.1318429,100.0,42727.0
1719328545.281802,100.0,42727.0
1719328545.4293401,100.0,42727.0
1719328545.590988,64.0,42727.0
1719328545.739187,82.0,42727.0
1719328545.8874004,100.0,42727.0
1719328546.0354843,100.0,42727.0
1719328546.1848605,93.0,42727.0
1719328546.3407407,100.0,42727.0
1719328546.4937644,100.0,42727.0
1719328546.6447358,100.0,42727.0
1719328546.7945747,54.0,42727.0
1719328546.9449098,100.0,42727.0
1719328547.0959427,99.0,42727.0
1719328547.2421703,99.0,42727.0
1719328547.390957,100.0,42727.0
1719328547.538448,100.0,42727.0
1719328547.687698,100.0,42727.0
1719328547.8450348,83.0,42727.0
1719328547.9985156,63.0,42727.0
1719328548.1513522,100.0,42727.0
1719328548.3045688,100.0,42727.0
1719328548.4569628,99.0,42727.0
1719328548.6089182,100.0,42727.0
1719328548.7609828,100.0,42727.0
1719328548.910142,100.0,42727.0
1719328549.0761142,51.0,42727.0
1719328549.2258227,51.0,42727.0
1719328549.3823266,100.0,42727.0
1719328549.5356927,99.0,42727.0
1719328549.689092,100.0,42727.0
1719328549.8412042,100.0,42727.0
1719328549.9934757,100.0,42727.0
1719328550.141637,56.0,42727.0
1719328550.2906961,56.0,42727.0
1719328550.477062,93.0,42727.0
1719328550.6246061,93.0,42727.0
1719328550.7715826,100.0,42727.0
1719328550.9220498,100.0,42727.0
1719328551.0750647,100.0,42727.0
1719328551.2326555,100.0,42727.0
1719328551.3858814,44.0,42727.0
1719328551.5341988,100.0,42727.0
1719328551.6878438,100.0,42727.0
1719328551.8374512,99.0,42727.0
1719328551.9829977,100.0,42727.0
1719328552.1326447,100.0,42727.0
1719328552.2800286,100.0,42727.0
1719328552.4895203,72.0,42727.0
1719328552.6419208,71.0,42727.0
1719328552.7945397,100.0,42727.0
1719328552.9477837,99.0,42727.0
1719328553.101068,100.0,42727.0
1719328553.2679288,100.0,42727.0
1719328553.4190059,100.0,42727.0
1719328553.5714786,34.0,42727.0
1719328553.7233853,34.0,42727.0
1719328553.8812623,85.0,42727.0
1719328554.0327911,100.0,42727.0
1719328554.1840866,99.0,42727.0
1719328554.336757,99.0,42727.0
1719328554.5084383,100.0,42727.0
1719328554.6566422,100.0,42727.0
1719328554.8057432,21.0,42727.0
1719328554.958267,59.0,42727.0
1719328555.1072721,59.0,42727.0
1719328555.2560637,100.0,42727.0
1719328555.4036062,99.0,42727.0
1719328555.5518217,100.0,42727.0
1719328555.698258,100.0,42727.0
1719328555.8501596,100.0,42727.0
1719328556.0064013,49.0,42727.0
1719328556.1588595,96.0,42727.0
1719328556.310544,96.0,42727.0
1719328556.4616153,99.0,42727.0
1719328556.6095414,100.0,42727.0
1719328556.7542057,100.0,42727.0
1719328556.9065676,100.0,42727.0
1719328557.05474,100.0,42727.0
1719328557.2292206,13.0,42727.0
1719328557.3827431,100.0,42727.0
1719328557.538398,100.0,42727.0
1719328557.6903372,99.0,42727.0
1719328557.8434775,100.0,42727.0
1719328557.9951322,100.0,42727.0
1719328558.1451511,100.0,42727.0
1719328558.2983108,100.0,42727.0
1719328558.4501204,54.0,42727.0
1719328558.6035566,100.0,42727.0
1719328558.756636,99.0,42727.0
1719328558.9070606,99.0,42727.0
1719328559.0630572,100.0,42727.0
1719328559.2155893,100.0,42727.0
1719328559.367854,58.0,42727.0
1719328559.5182755,58.0,42727.0
1719328559.6669216,97.0,42727.0
1719328559.8172107,99.0,42727.0
1719328559.9645405,100.0,42727.0
1719328560.1093657,100.0,42727.0
1719328560.254044,100.0,42727.0
1719328560.3989093,100.0,42727.0
1719328560.5476077,100.0,42727.0
1719328560.702094,47.0,42727.0
1719328560.8550153,100.0,42727.0
1719328561.008828,97.0,42727.0
1719328561.1598322,97.0,42727.0
1719328561.3129892,100.0,42727.0
1719328561.4615705,100.0,42727.0
1719328561.6111388,70.0,42727.0
1719328561.7596567,70.0,42727.0
1719328561.9116793,85.0,42727.0
1719328562.060614,100.0,42727.0
1719328562.213056,100.0,42727.0
1719328562.3735974,100.0,42727.0
1719328562.5598302,100.0,42727.0
1719328562.7120748,100.0,42727.0
1719328562.864629,21.0,42727.0
1719328563.017952,88.0,42727.0
1719328563.1710029,99.0,42727.0
1719328563.3236878,99.0,42727.0
1719328563.479756,98.0,42727.0
1719328563.6325638,98.0,42727.0
1719328563.783237,100.0,42727.0
1719328563.9404848,100.0,42727.0
1719328564.093318,51.0,42727.0
1719328564.2474678,100.0,42727.0
1719328564.399062,99.0,42727.0
1719328564.5484152,99.0,42727.0
1719328564.695623,100.0,42727.0
1719328564.8429835,100.0,42727.0
1719328564.9925451,75.0,42727.0
1719328565.1433458,75.0,42727.0
1719328565.293132,76.0,42727.0
1719328565.444725,100.0,42727.0
1719328565.5993397,99.0,42727.0
1719328565.7492,99.0,42727.0
1719328565.9693556,100.0,42727.0
1719328566.1213942,100.0,42727.0
1719328566.2799904,42.0,42727.0
1719328566.4280667,42.0,42727.0
1719328566.5772808,100.0,42727.0
1719328566.7258494,99.0,42727.0
1719328566.8765972,100.0,42727.0
1719328567.0297658,100.0,42727.0
1719328567.1855865,94.0,42727.0
1719328567.336501,94.0,42727.0
1719328567.4874067,0.0,42727.0
1719328567.637892,0.0,42727.0
1719328567.7878265,0.0,42727.0
1719328567.9391005,0.0,42727.0
1719328568.0901344,0.0,42727.0
1719328568.241207,0.0,42727.0
1719328568.3948712,0.0,42727.0
1719328568.5474162,17.0,42727.0
1719328568.701752,100.0,42727.0
1719328568.8557172,99.0,42727.0
1719328569.0078182,100.0,42727.0
1719328569.1577647,100.0,42727.0
1719328569.3061688,100.0,42727.0
1719328569.4544146,88.0,42727.0
1719328569.6074405,88.0,42727.0
1719328569.7561567,51.0,42727.0
1719328569.902774,100.0,42727.0
1719328570.047018,100.0,42727.0
1719328570.1954896,99.0,42727.0
1719328570.3468323,100.0,42727.0
1719328570.501035,100.0,42727.0
1719328570.659047,100.0,42727.0
1719328570.8153472,67.0,42727.0
1719328570.9632664,67.0,42727.0
1719328571.112476,100.0,42727.0
1719328571.2576683,99.0,42727.0
1719328571.4087553,99.0,42727.0
1719328571.6152654,100.0,42727.0
1719328571.7672124,100.0,42727.0
1719328571.923955,43.0,42727.0
1719328572.0782654,100.0,42727.0
1719328572.2333736,100.0,42727.0
1719328572.3883128,99.0,42727.0
1719328572.539814,100.0,42727.0
1719328572.6921906,100.0,42727.0
1719328572.843126,100.0,42727.0
1719328573.0010076,100.0,42727.0
1719328573.1604235,4.0,42727.0
1719328573.314416,100.0,42727.0
1719328573.4671812,99.0,42727.0
1719328573.622459,99.0,42727.0
1719328573.7722538,100.0,42727.0
1719328573.9203591,100.0,42727.0
1719328574.0713735,100.0,42727.0
1719328574.2190893,100.0,42727.0
1719328574.3694496,46.0,42727.0
1719328574.5170705,100.0,42727.0
1719328574.6664736,100.0,42727.0
1719328574.812105,99.0,42727.0
1719328574.9612095,100.0,42727.0
1719328575.1140635,100.0,42727.0
1719328575.2707324,64.0,42727.0
1719328575.4387324,74.0,42727.0
1719328575.5888941,74.0,42727.0
1719328575.7430553,100.0,42727.0
1719328575.8899088,99.0,42727.0
1719328576.0332344,99.0,42727.0
1719328576.2400327,100.0,42727.0
1719328576.3860126,100.0,42727.0
1719328576.546043,39.0,42727.0
1719328576.7034128,100.0,42727.0
1719328576.8606324,99.0,42727.0
1719328577.020467,99.0,42727.0
1719328577.1822758,100.0,42727.0
1719328577.3375645,100.0,42727.0
1719328577.4959111,99.0,42727.0
1719328577.6708267,46.0,42727.0
1719328577.8204033,46.0,42727.0
1719328577.9749918,100.0,42727.0
1719328578.1267343,99.0,42727.0
1719328578.2782555,100.0,42727.0
1719328578.4363973,100.0,42727.0
1719328578.587564,100.0,42727.0
1719328578.739474,61.0,42727.0
1719328578.8892362,61.0,42727.0
1719328579.0533311,100.0,42727.0
1719328579.2181897,100.0,42727.0
1719328579.364375,99.0,42727.0
1719328579.5108447,100.0,42727.0
1719328579.6562474,100.0,42727.0
1719328579.805872,100.0,42727.0
1719328579.9658759,100.0,42727.0
1719328580.1296213,42.0,42727.0
1719328580.2808073,100.0,42727.0
1719328580.4299726,100.0,42727.0
1719328580.578726,99.0,42727.0
1719328580.7237678,100.0,42727.0
1719328580.8681567,100.0,42727.0
1719328581.0211246,100.0,42727.0
1719328581.1692307,68.0,42727.0
1719328581.329015,68.0,42727.0
1719328581.4905367,100.0,42727.0
1719328581.65235,100.0,42727.0
1719328581.8201377,99.0,42727.0
1719328581.9782054,100.0,42727.0
1719328582.1367793,100.0,42727.0
1719328582.2961867,100.0,42727.0
1719328582.4844952,63.0,42727.0
1719328582.6398282,63.0,42727.0
1719328582.7993708,100.0,42727.0
1719328582.955864,99.0,42727.0
1719328583.1150208,100.0,42727.0
1719328583.2721198,100.0,42727.0
1719328583.4514902,100.0,42727.0
1719328583.6063218,46.0,42727.0
1719328583.7569718,100.0,42727.0
1719328583.9043844,100.0,42727.0
1719328584.0512304,99.0,42727.0
1719328584.1942701,100.0,42727.0
1719328584.339477,100.0,42727.0
1719328584.4824152,100.0,42727.0
1719328584.6309483,100.0,42727.0
1719328584.7861822,54.0,42727.0
1719328584.9423158,100.0,42727.0
1719328585.0942585,100.0,42727.0
1719328585.2424366,99.0,42727.0
1719328585.3946297,100.0,42727.0
1719328585.5396876,100.0,42727.0
1719328585.6869135,100.0,42727.0
1719328585.8342264,56.0,42727.0
1719328585.981177,0.0,42727.0
1719328586.1337206,94.0,42727.0
1719328586.298805,98.0,42727.0
1719328586.4531572,98.0,42727.0
1719328586.6109748,100.0,42727.0
1719328586.7628243,100.0,42727.0
1719328586.9124236,100.0,42727.0
1719328587.0614526,100.0,42727.0
1719328587.2115943,54.0,42727.0
1719328587.3656168,100.0,42727.0
1719328587.5170765,100.0,42727.0
1719328587.665631,99.0,42727.0
1719328587.8163981,100.0,42727.0
1719328587.9725118,100.0,42727.0
1719328588.1229146,100.0,42727.0
1719328588.275292,64.0,42727.0
1719328588.4305487,82.0,42727.0
1719328588.5836532,100.0,42727.0
1719328588.7368476,100.0,42727.0
1719328588.8881297,99.0,42727.0
1719328589.0366995,100.0,42727.0
1719328589.1863549,100.0,42727.0
1719328589.3361552,100.0,42727.0
1719328589.494662,51.0,42727.0
1719328589.649742,100.0,42727.0
1719328589.802585,99.0,42727.0
1719328589.9525874,99.0,42727.0
1719328590.1176353,100.0,42727.0
1719328590.2640755,100.0,42727.0
1719328590.40993,80.0,42727.0
1719328590.5565507,23.0,42727.0
1719328590.715712,23.0,42727.0
1719328590.88174,100.0,42727.0
1719328591.0371506,93.0,42727.0
1719328591.1897953,100.0,42727.0
1719328591.3400953,100.0,42727.0
1719328591.495093,100.0,42727.0
1719328591.6515694,88.0,42727.0
1719328591.8057208,29.0,42727.0
1719328591.9583929,29.0,42727.0
1719328592.1112936,100.0,42727.0
1719328592.2622948,99.0,42727.0
1719328592.4135242,100.0,42727.0
1719328592.5690057,100.0,42727.0
1719328592.7223468,100.0,42727.0
1719328592.871724,77.0,42727.0
1719328593.0218158,72.0,42727.0
1719328593.1715987,100.0,42727.0
1719328593.3342166,100.0,42727.0
1719328593.4817185,99.0,42727.0
1719328593.6314626,100.0,42727.0
1719328593.7779713,100.0,42727.0
1719328593.9264662,100.0,42727.0
1719328594.084739,51.0,42727.0
1719328594.2386804,100.0,42727.0
1719328594.3940759,99.0,42727.0
1719328594.5450869,99.0,42727.0
1719328594.6919508,100.0,42727.0
1719328594.8425164,100.0,42727.0
1719328594.992483,87.0,42727.0
1719328595.1435776,87.0,42727.0
1719328595.295026,62.0,42727.0
1719328595.442021,100.0,42727.0
1719328595.5931184,100.0,42727.0
1719328595.7472203,99.0,42727.0
1719328595.899087,100.0,42727.0
1719328596.0476253,100.0,42727.0
1719328596.2020383,100.0,42727.0
1719328596.3738744,44.0,42727.0
1719328596.5231984,56.0,42727.0
1719328596.6718712,100.0,42727.0
1719328596.8222425,99.0,42727.0
1719328596.974482,100.0,42727.0
1719328597.1237473,100.0,42727.0
1719328597.27639,100.0,42727.0
1719328597.436631,50.0,42727.0
1719328597.5963683,50.0,42727.0
1719328597.7488186,72.0,42727.0
1719328597.9020169,100.0,42727.0
1719328598.054444,99.0,42727.0
1719328598.2063892,100.0,42727.0
1719328598.3562212,100.0,42727.0
1719328598.5062468,100.0,42727.0
1719328598.6538274,34.0,42727.0
1719328598.8022768,30.0,42727.0
1719328598.9579234,30.0,42727.0
1719328599.1760645,100.0,42727.0
1719328599.3294673,99.0,42727.0
1719328599.4787207,100.0,42727.0
1719328599.6255867,100.0,42727.0
1719328599.7704427,100.0,42727.0
1719328599.912241,76.0,42727.0
1719328600.0624638,69.0,42727.0
1719328600.211234,69.0,42727.0
1719328600.361096,100.0,42727.0
1719328600.5152655,99.0,42727.0
1719328600.6675286,100.0,42727.0
1719328600.821226,100.0,42727.0
1719328600.9808357,100.0,42727.0
1719328601.1360676,51.0,42727.0
1719328601.28839,100.0,42727.0
1719328601.4401293,99.0,42727.0
1719328601.5909815,99.0,42727.0
1719328601.739128,100.0,42727.0
1719328601.8900054,100.0,42727.0
1719328602.0397534,100.0,42727.0
1719328602.2104976,90.0,42727.0
1719328602.3967414,100.0,42727.0
1719328602.5723972,100.0,42727.0
1719328602.7192447,99.0,42727.0
1719328602.8661983,100.0,42727.0
1719328603.0112088,100.0,42727.0
1719328603.1547492,100.0,42727.0
1719328603.3080244,99.0,42727.0
1719328603.4694822,45.0,42727.0
1719328603.6172261,45.0,42727.0
1719328603.7695446,100.0,42727.0
1719328603.9227476,99.0,42727.0
1719328604.0751007,100.0,42727.0
1719328604.225246,100.0,42727.0
1719328604.3740957,100.0,42727.0
1719328604.5225616,62.0,42727.0
1719328604.6697748,84.0,42727.0
1719328604.8142917,84.0,42727.0
1719328604.9648,100.0,42727.0
1719328605.112284,99.0,42727.0
1719328605.2622764,99.0,42727.0
1719328605.4397871,100.0,42727.0
1719328605.5946372,100.0,42727.0
1719328605.7454944,54.0,42727.0
1719328605.8991315,54.0,42727.0
1719328606.0503016,99.0,42727.0
1719328606.201472,99.0,42727.0
1719328606.3533363,100.0,42727.0
1719328606.5054414,100.0,42727.0
1719328606.659619,100.0,42727.0
1719328606.8396933,68.0,42727.0
1719328606.9908798,68.0,42727.0
1719328607.1432066,100.0,42727.0
1719328607.2956114,99.0,42727.0
1719328607.446532,99.0,42727.0
1719328607.6606069,100.0,42727.0
1719328607.8137217,100.0,42727.0
1719328607.9743168,43.0,42727.0
1719328608.121512,100.0,42727.0
1719328608.2666535,99.0,42727.0
1719328608.4123971,99.0,42727.0
1719328608.5576653,100.0,42727.0
1719328608.7068021,100.0,42727.0
1719328608.861328,100.0,42727.0
1719328609.0157986,99.0,42727.0
1719328609.1672432,54.0,42727.0
1719328609.3187928,100.0,42727.0
1719328609.469686,100.0,42727.0
1719328609.6133177,99.0,42727.0
1719328609.7586446,100.0,42727.0
1719328609.9091074,100.0,42727.0
1719328610.0580711,100.0,42727.0
1719328610.2626245,81.0,42727.0
1719328610.41696,81.0,42727.0
1719328610.5714273,100.0,42727.0
1719328610.7242491,99.0,42727.0
1719328610.8780377,100.0,42727.0
1719328611.0279992,100.0,42727.0
1719328611.1815202,100.0,42727.0
1719328611.3323553,100.0,42727.0
1719328611.4834232,25.0,42727.0
1719328611.685695,96.0,42727.0
1719328611.8402421,96.0,42727.0
1719328611.9963725,100.0,42727.0
1719328612.1493049,100.0,42727.0
1719328612.3019679,100.0,42727.0
1719328612.4544282,100.0,42727.0
1719328612.6039703,55.0,42727.0
1719328612.753059,100.0,42727.0
1719328612.899159,100.0,42727.0
1719328613.0439718,99.0,42727.0
1719328613.1872911,100.0,42727.0
1719328613.3294327,100.0,42727.0
1719328613.4756317,100.0,42727.0
1719328613.630064,67.0,42727.0
1719328613.78126,73.0,42727.0
1719328613.9331214,100.0,42727.0
1719328614.08518,100.0,42727.0
1719328614.2356641,98.0,42727.0
1719328614.3877962,100.0,42727.0
1719328614.5353212,100.0,42727.0
1719328614.691579,100.0,42727.0
1719328614.8940191,92.0,42727.0
1719328615.0600696,92.0,42727.0
1719328615.2145905,99.0,42727.0
1719328615.369156,100.0,42727.0
1719328615.5201843,100.0,42727.0
1719328615.6723936,100.0,42727.0
1719328615.8342836,100.0,42727.0
1719328615.9921956,43.0,42727.0
1719328616.143134,100.0,42727.0
1719328616.2955847,100.0,42727.0
1719328616.4459388,99.0,42727.0
1719328616.5985303,100.0,42727.0
1719328616.7494643,100.0,42727.0
1719328616.9024622,100.0,42727.0
1719328617.0545251,78.0,42727.0
1719328617.2065268,72.0,42727.0
1719328617.3587189,100.0,42727.0
1719328617.5090249,100.0,42727.0
1719328617.6563609,98.0,42727.0
1719328617.8060043,100.0,42727.0
1719328617.9551876,100.0,42727.0
1719328618.1006649,100.0,42727.0
1719328618.2500095,36.0,42727.0
1719328618.4085948,27.0,42727.0
1719328618.557732,100.0,42727.0
1719328618.7309191,99.0,42727.0
1719328618.885229,99.0,42727.0
1719328619.0366547,100.0,42727.0
1719328619.187315,100.0,42727.0
1719328619.3372743,100.0,42727.0
1719328619.495376,78.0,42727.0
1719328619.6399543,41.0,42727.0
1719328619.789962,41.0,42727.0
1719328619.936849,99.0,42727.0
1719328620.0857835,99.0,42727.0
1719328620.2395642,100.0,42727.0
1719328620.3934278,100.0,42727.0
1719328620.5447104,100.0,42727.0
1719328620.7440085,65.0,42727.0
1719328620.8970866,78.0,42727.0
1719328621.0478258,100.0,42727.0
1719328621.198952,99.0,42727.0
1719328621.349181,100.0,42727.0
1719328621.5003927,100.0,42727.0
1719328621.652829,100.0,42727.0
1719328621.8206787,43.0,42727.0
1719328621.9797304,43.0,42727.0
1719328622.1313732,100.0,42727.0
1719328622.281079,99.0,42727.0
1719328622.4280648,100.0,42727.0
1719328622.5755234,100.0,42727.0
1719328622.7218451,100.0,42727.0
1719328622.8654685,90.0,42727.0
1719328623.0137918,65.0,42727.0
1719328623.156676,65.0,42727.0
1719328623.3602636,99.0,42727.0
1719328623.5172768,99.0,42727.0
1719328623.6703763,100.0,42727.0
1719328623.8215673,100.0,42727.0
1719328623.9709344,54.0,42727.0
1719328624.1260285,54.0,42727.0
1719328624.2751503,100.0,42727.0
1719328624.429084,99.0,42727.0
1719328624.584478,99.0,42727.0
1719328624.773073,100.0,42727.0
1719328624.931582,100.0,42727.0
1719328625.0948982,91.0,42727.0
1719328625.2524223,62.0,42727.0
1719328625.4069862,62.0,42727.0
1719328625.5766718,99.0,42727.0
1719328625.7268143,99.0,42727.0
1719328625.8786604,100.0,42727.0
1719328626.0292826,100.0,42727.0
1719328626.1806939,100.0,42727.0
1719328626.3812895,44.0,42727.0
1719328626.5342476,71.0,42727.0
1719328626.6881568,100.0,42727.0
1719328626.839494,99.0,42727.0
1719328626.99182,99.0,42727.0
1719328627.1421707,100.0,42727.0
1719328627.291043,100.0,42727.0
1719328627.4461474,100.0,42727.0
1719328627.608939,34.0,42727.0
1719328627.754433,65.0,42727.0
1719328627.8986475,100.0,42727.0
1719328628.047376,99.0,42727.0
1719328628.1999593,99.0,42727.0
1719328628.3523822,100.0,42727.0
1719328628.5031407,100.0,42727.0
1719328628.6583395,100.0,42727.0
1719328628.8063831,100.0,42727.0
1719328628.9605944,100.0,42727.0
1719328629.1046474,99.0,42727.0
1719328629.2547328,100.0,42727.0
1719328629.4011292,100.0,42727.0
1719328629.5502827,100.0,42727.0
1719328629.7137585,100.0,42727.0
1719328629.8834302,38.0,42727.0
1719328630.0363393,100.0,42727.0
1719328630.1908522,100.0,42727.0
1719328630.3426197,99.0,42727.0
1719328630.494796,100.0,42727.0
1719328630.6450863,100.0,42727.0
1719328630.7955067,100.0,42727.0
1719328630.9474652,69.0,42727.0
1719328631.0968108,0.0,42727.0
1719328631.2484288,0.0,42727.0
1719328631.419667,0.0,42727.0
1719328631.571003,0.0,42727.0
1719328631.7223265,0.0,42727.0
1719328631.8709915,0.0,42727.0
1719328632.020211,33.0,42727.0
1719328632.1726432,33.0,42727.0
1719328632.3205557,100.0,42727.0
1719328632.4656339,100.0,42727.0
1719328632.6107473,99.0,42727.0
1719328632.7580755,100.0,42727.0
1719328632.9074807,100.0,42727.0
1719328633.0712636,73.0,42727.0
1719328633.2362835,73.0,42727.0
1719328633.3901546,70.0,42727.0
1719328633.5428264,100.0,42727.0
1719328633.6915917,99.0,42727.0
1719328633.8360248,100.0,42727.0
1719328633.9808602,100.0,42727.0
1719328634.13039,100.0,42727.0
1719328634.2798197,100.0,42727.0
1719328634.4330416,37.0,42727.0
1719328634.586991,44.0,42727.0
1719328634.7400267,100.0,42727.0
1719328634.8933907,98.0,42727.0
1719328635.0468867,100.0,42727.0
1719328635.198022,100.0,42727.0
1719328635.3500552,100.0,42727.0
1719328635.5022378,100.0,42727.0
1719328635.6572213,63.0,42727.0
1719328635.8487759,100.0,42727.0
1719328636.0108917,100.0,42727.0
1719328636.1607916,93.0,42727.0
1719328636.3178744,100.0,42727.0
1719328636.4690077,100.0,42727.0
1719328636.6204824,100.0,42727.0
1719328636.7686462,92.0,42727.0
1719328636.9208581,92.0,42727.0
1719328637.070933,50.0,42727.0
1719328637.2531202,100.0,42727.0
1719328637.3995833,99.0,42727.0
1719328637.5442197,100.0,42727.0
1719328637.6945984,100.0,42727.0
1719328637.8484323,100.0,42727.0
1719328638.016521,56.0,42727.0
1719328638.1680422,89.0,42727.0
1719328638.3186982,89.0,42727.0
1719328638.467821,99.0,42727.0
1719328638.6119719,100.0,42727.0
1719328638.7610557,100.0,42727.0
1719328638.91309,100.0,42727.0
1719328639.06688,54.0,42727.0
1719328639.222182,54.0,42727.0
1719328639.3773618,100.0,42727.0
1719328639.5284133,99.0,42727.0
1719328639.684758,100.0,42727.0
1719328639.838724,100.0,42727.0
1719328639.9903326,100.0,42727.0
1719328640.1427886,69.0,42727.0
1719328640.2963426,85.0,42727.0
1719328640.448622,85.0,42727.0
1719328640.6019692,100.0,42727.0
1719328640.7528524,99.0,42727.0
1719328640.9065382,100.0,42727.0
1719328641.0608778,100.0,42727.0
1719328641.213705,100.0,42727.0
1719328641.3631728,29.0,42727.0
1719328641.514451,29.0,42727.0
1719328641.6828468,99.0,42727.0
1719328641.8306744,99.0,42727.0
1719328641.9748032,100.0,42727.0
1719328642.1207771,100.0,42727.0
1719328642.2667518,100.0,42727.0
1719328642.4174888,98.0,42727.0
1719328642.5712738,56.0,42727.0
1719328642.7280254,100.0,42727.0
1719328642.8790424,100.0,42727.0
1719328643.029626,99.0,42727.0
1719328643.1791246,100.0,42727.0
1719328643.326686,100.0,42727.0
1719328643.4716403,100.0,42727.0
1719328643.619139,51.0,42727.0
1719328643.7656922,51.0,42727.0
1719328643.9163482,0.0,42727.0
1719328644.0708683,0.0,42727.0
1719328644.2243216,0.0,42727.0
1719328644.377811,0.0,42727.0
1719328644.5311646,0.0,42727.0
1719328644.684831,0.0,42727.0
1719328644.8383574,37.0,42727.0
1719328644.9900753,100.0,42727.0
1719328645.1416092,99.0,42727.0
1719328645.2932994,99.0,42727.0
1719328645.44818,100.0,42727.0
1719328645.6001945,100.0,42727.0
1719328645.765165,69.0,42727.0
1719328645.931404,64.0,42727.0
1719328646.0820847,64.0,42727.0
1719328646.231051,100.0,42727.0
1719328646.3808446,99.0,42727.0
1719328646.5324895,99.0,42727.0
1719328646.7130294,100.0,42727.0
1719328646.8593102,100.0,42727.0
1719328647.0072916,41.0,42727.0
1719328647.155297,94.0,42727.0
1719328647.3190858,94.0,42727.0
1719328647.4722009,99.0,42727.0
1719328647.6238236,100.0,42727.0
1719328647.7738328,100.0,42727.0
1719328647.9232674,100.0,42727.0
1719328648.0767057,100.0,42727.0
1719328648.2470753,11.0,42727.0
1719328648.3969622,11.0,42727.0
1719328648.5465665,96.0,42727.0
1719328648.7000048,99.0,42727.0
1719328648.8554363,100.0,42727.0
1719328649.007661,100.0,42727.0
1719328649.1638768,100.0,42727.0
1719328649.3156238,100.0,42727.0
1719328649.469347,54.0,42727.0
1719328649.619391,100.0,42727.0
1719328649.7721558,99.0,42727.0
1719328649.9232268,99.0,42727.0
1719328650.0754755,100.0,42727.0
1719328650.228978,100.0,42727.0
1719328650.383198,62.0,42727.0
1719328650.5417535,62.0,42727.0
1719328650.6946898,88.0,42727.0
1719328650.8445263,100.0,42727.0
1719328650.991443,100.0,42727.0
1719328651.1383083,100.0,42727.0
1719328651.2871852,100.0,42727.0
1719328651.4332426,100.0,42727.0
1719328651.5804446,50.0,42727.0
1719328651.7274463,50.0,42727.0
1719328651.8785641,100.0,42727.0
1719328652.029002,99.0,42727.0
1719328652.188332,100.0,42727.0
1719328652.34003,100.0,42727.0
1719328652.490166,100.0,42727.0
1719328652.645189,75.0,42727.0
1719328652.7946186,75.0,42727.0
1719328652.9636583,99.0,42727.0
1719328653.1264262,99.0,42727.0
1719328653.2804198,99.0,42727.0
1719328653.4310174,100.0,42727.0
1719328653.5847678,100.0,42727.0
1719328653.7405107,100.0,42727.0
1719328653.9030232,100.0,42727.0
1719328654.0694969,40.0,42727.0
1719328654.226165,100.0,42727.0
1719328654.3823106,100.0,42727.0
1719328654.5391562,99.0,42727.0
1719328654.6920707,100.0,42727.0
1719328654.8448374,100.0,42727.0
1719328655.01983,100.0,42727.0
1719328655.1810327,68.0,42727.0
1719328655.334867,68.0,42727.0
1719328655.4857888,100.0,42727.0
1719328655.635612,99.0,42727.0
1719328655.784942,99.0,42727.0
1719328655.9920204,100.0,42727.0
1719328656.1405675,100.0,42727.0
1719328656.2914183,48.0,42727.0
1719328656.436364,100.0,42727.0
1719328656.595409,99.0,42727.0
1719328656.745591,99.0,42727.0
1719328656.8985083,100.0,42727.0
1719328657.0516627,100.0,42727.0
1719328657.2017841,100.0,42727.0
1719328657.3518984,93.0,42727.0
1719328657.5033364,0.0,42727.0
1719328657.6516352,0.0,42727.0
1719328657.805162,99.0,42727.0
1719328657.9534605,99.0,42727.0
1719328658.105401,100.0,42727.0
1719328658.2599442,100.0,42727.0
1719328658.4142745,100.0,42727.0
1719328658.564236,100.0,42727.0
1719328658.7207918,43.0,42727.0
1719328658.872657,100.0,42727.0
1719328659.0220346,100.0,42727.0
1719328659.17251,99.0,42727.0
1719328659.3224566,100.0,42727.0
1719328659.4727213,100.0,42727.0
1719328659.6313446,100.0,42727.0
1719328659.7935061,79.0,42727.0
1719328659.9430199,69.0,42727.0
1719328660.0966353,100.0,42727.0
1719328660.2495089,100.0,42727.0
1719328660.4211006,100.0,42727.0
1719328660.5699751,100.0,42727.0
1719328660.7177517,100.0,42727.0
1719328660.8670888,37.0,42727.0
1719328661.0135524,37.0,42727.0
1719328661.1635218,43.0,42727.0
1719328661.3093476,100.0,42727.0
1719328661.4598732,99.0,42727.0
1719328661.6112752,99.0,42727.0
1719328661.7646966,100.0,42727.0
1719328661.915138,100.0,42727.0
1719328662.0642211,100.0,42727.0
1719328662.2299347,62.0,42727.0
1719328662.376555,68.0,42727.0
1719328662.520304,100.0,42727.0
1719328662.6753495,99.0,42727.0
1719328662.8232167,99.0,42727.0
1719328662.9926946,100.0,42727.0
1719328663.1474903,100.0,42727.0
1719328663.2998137,38.0,42727.0
1719328663.4551134,99.0,42727.0
1719328663.6072605,99.0,42727.0
1719328663.7601957,99.0,42727.0
1719328663.911069,100.0,42727.0
1719328664.0610757,100.0,42727.0
1719328664.2166567,100.0,42727.0
1719328664.3687828,100.0,42727.0
1719328664.5247107,50.0,42727.0
1719328664.6737356,50.0,42727.0
1719328664.8465517,99.0,42727.0
1719328664.9999416,99.0,42727.0
1719328665.1506362,100.0,42727.0
1719328665.3005958,100.0,42727.0
1719328665.4482903,62.0,42727.0
1719328665.613268,62.0,42727.0
1719328665.7633543,83.0,42727.0
1719328665.9091966,100.0,42727.0
1719328666.054569,100.0,42727.0
1719328666.200385,99.0,42727.0
1719328666.3516734,100.0,42727.0
1719328666.5056627,100.0,42727.0
1719328666.660495,100.0,42727.0
1719328666.8647208,27.0,42727.0
1719328667.0638254,98.0,42727.0
1719328667.2154143,98.0,42727.0
1719328667.3619006,100.0,42727.0
1719328667.5108883,100.0,42727.0
1719328667.6615434,100.0,42727.0
1719328667.8117929,100.0,42727.0
1719328667.9650078,54.0,42727.0
1719328668.119221,100.0,42727.0
1719328668.273489,100.0,42727.0
1719328668.428842,99.0,42727.0
1719328668.5841122,100.0,42727.0
1719328668.7361999,100.0,42727.0
1719328668.8903573,100.0,42727.0
1719328669.075964,54.0,42727.0
1719328669.2255318,76.0,42727.0
1719328669.38171,100.0,42727.0
1719328669.5300672,99.0,42727.0
1719328669.6835308,100.0,42727.0
1719328669.8368368,100.0,42727.0
1719328669.9880404,100.0,42727.0
1719328670.1413887,100.0,42727.0
1719328670.2894878,31.0,42727.0
1719328670.4800212,95.0,42727.0
1719328670.630253,95.0,42727.0
1719328670.7764485,100.0,42727.0
1719328670.9231637,100.0,42727.0
1719328671.072951,100.0,42727.0
1719328671.2241716,100.0,42727.0
1719328671.3947816,22.0,42727.0
1719328671.5489185,100.0,42727.0
1719328671.7016377,99.0,42727.0
1719328671.8505661,99.0,42727.0
1719328672.0038888,100.0,42727.0
1719328672.1516695,100.0,42727.0
1719328672.3000984,100.0,42727.0
1719328672.4510038,93.0,42727.0
1719328672.5995328,61.0,42727.0
1719328672.7509148,100.0,42727.0
1719328672.905663,100.0,42727.0
1719328673.0576968,99.0,42727.0
1719328673.2122853,100.0,42727.0
1719328673.3666496,100.0,42727.0
1719328673.518836,100.0,42727.0
1719328673.706016,100.0,42727.0
1719328673.8694825,100.0,42727.0
1719328674.0194697,99.0,42727.0
1719328674.1750631,100.0,42727.0
1719328674.3264148,100.0,42727.0
1719328674.476644,100.0,42727.0
1719328674.630907,97.0,42727.0
1719328674.7821858,58.0,42727.0
1719328674.935074,100.0,42727.0
1719328675.0822446,100.0,42727.0
1719328675.2303386,99.0,42727.0
1719328675.3812377,100.0,42727.0
1719328675.5287545,100.0,42727.0
1719328675.6756258,100.0,42727.0
1719328675.834693,50.0,42727.0
1719328675.983456,50.0,42727.0
1719328676.1385467,98.0,42727.0
1719328676.2922544,99.0,42727.0
1719328676.445819,100.0,42727.0
1719328676.5942783,100.0,42727.0
1719328676.7444086,100.0,42727.0
1719328676.8961134,100.0,42727.0
1719328677.041932,7.0,42727.0
1719328677.1896596,0.0,42727.0
1719328677.3386645,0.0,42727.0
1719328677.4877949,0.0,42727.0
1719328677.6380367,0.0,42727.0
1719328677.7912514,0.0,42727.0
1719328677.9470727,0.0,42727.0
1719328678.1051393,0.0,42727.0
1719328678.258209,88.0,42727.0
1719328678.4102433,88.0,42727.0
1719328678.5632799,100.0,42727.0
1719328678.7149286,100.0,42727.0
1719328678.8674195,100.0,42727.0
1719328679.017131,100.0,42727.0
1719328679.1696134,22.0,42727.0
1719328679.3202484,22.0,42727.0
1719328679.5432556,100.0,42727.0
1719328679.6931803,99.0,42727.0
1719328679.8429773,100.0,42727.0
1719328679.9931505,100.0,42727.0
1719328680.1423697,100.0,42727.0
1719328680.290726,100.0,42727.0
1719328680.4389637,55.0,42727.0
1719328680.5879588,100.0,42727.0
1719328680.7353585,100.0,42727.0
1719328680.8866117,99.0,42727.0
1719328681.0403469,100.0,42727.0
1719328681.1939528,100.0,42727.0
1719328681.3471127,100.0,42727.0
1719328681.5552263,54.0,42727.0
1719328681.7578013,100.0,42727.0
1719328681.9240692,100.0,42727.0
1719328682.074506,99.0,42727.0
1719328682.2244134,100.0,42727.0
1719328682.3756,100.0,42727.0
1719328682.5302174,100.0,42727.0
1719328682.6861877,99.0,42727.0
1719328682.8442402,47.0,42727.0
1719328682.9971104,47.0,42727.0
1719328683.1474357,100.0,42727.0
1719328683.2992718,99.0,42727.0
1719328683.4501264,100.0,42727.0
1719328683.601059,100.0,42727.0
1719328683.7552757,100.0,42727.0
1719328683.9173424,59.0,42727.0
1719328684.0695014,83.0,42727.0
1719328684.2227714,100.0,42727.0
1719328684.3749683,99.0,42727.0
1719328684.525051,99.0,42727.0
1719328684.6756244,100.0,42727.0
1719328684.8315523,100.0,42727.0
1719328684.9820333,100.0,42727.0
1719328685.1289566,55.0,42727.0
1719328685.2746854,100.0,42727.0
1719328685.4246817,99.0,42727.0
1719328685.5715086,99.0,42727.0
1719328685.7208223,100.0,42727.0
1719328685.8737142,100.0,42727.0
1719328686.0249808,74.0,42727.0
1719328686.1758957,74.0,42727.0
1719328686.3286612,43.0,42727.0
1719328686.4784064,100.0,42727.0
1719328686.626056,100.0,42727.0
1719328686.7754974,99.0,42727.0
1719328686.9247148,100.0,42727.0
1719328687.0744662,100.0,42727.0
1719328687.2266188,100.0,42727.0
1719328687.3931904,79.0,42727.0
1719328687.548474,79.0,42727.0
1719328687.6996176,100.0,42727.0
1719328687.8519404,99.0,42727.0
1719328688.0053275,100.0,42727.0
1719328688.1531773,100.0,42727.0
1719328688.3032322,100.0,42727.0
1719328688.456825,100.0,42727.0
1719328688.6083114,46.0,42727.0
1719328688.7979596,100.0,42727.0
1719328688.9490619,99.0,42727.0
1719328689.101555,100.0,42727.0
1719328689.2559466,100.0,42727.0
1719328689.4054732,100.0,42727.0
1719328689.556363,86.0,42727.0
1719328689.7053955,63.0,42727.0
1719328689.8540566,100.0,42727.0
1719328690.0019515,100.0,42727.0
1719328690.1473153,99.0,42727.0
1719328690.2927065,100.0,42727.0
1719328690.4386303,100.0,42727.0
1719328690.5886045,100.0,42727.0
1719328690.8090432,44.0,42727.0
1719328690.9615033,98.0,42727.0
1719328691.1092775,99.0,42727.0
1719328691.2606235,100.0,42727.0
1719328691.408615,100.0,42727.0
1719328691.554794,100.0,42727.0
1719328691.7034972,100.0,42727.0
1719328691.8557749,46.0,42727.0
1719328692.0058568,46.0,42727.0
1719328692.1578515,100.0,42727.0
1719328692.3120794,99.0,42727.0
1719328692.463247,100.0,42727.0
1719328692.6128407,100.0,42727.0
1719328692.767047,100.0,42727.0
1719328692.9178433,66.0,42727.0
1719328693.0717788,66.0,42727.0
1719328693.2215776,86.0,42727.0
1719328693.373111,100.0,42727.0
1719328693.5249984,99.0,42727.0
1719328693.6782959,99.0,42727.0
1719328693.8306184,100.0,42727.0
1719328693.989113,100.0,42727.0
1719328694.1406639,20.0,42727.0
1719328694.2922218,84.0,42727.0
1719328694.4504337,84.0,42727.0
1719328694.6019735,100.0,42727.0
1719328694.7511866,99.0,42727.0
1719328694.8995893,100.0,42727.0
1719328695.0441163,100.0,42727.0
1719328695.1916,100.0,42727.0
1719328695.338151,23.0,42727.0
1719328695.4913282,23.0,42727.0
1719328695.6538463,99.0,42727.0
1719328695.8088691,99.0,42727.0
1719328695.96051,100.0,42727.0
1719328696.1088464,100.0,42727.0
1719328696.2599466,100.0,42727.0
1719328696.4076235,100.0,42727.0
1719328696.554492,56.0,42727.0
1719328696.7067115,100.0,42727.0
1719328696.859179,100.0,42727.0
1719328697.011478,99.0,42727.0
1719328697.1637268,100.0,42727.0
1719328697.3156698,100.0,42727.0
1719328697.4707134,100.0,42727.0
1719328697.6812375,54.0,42727.0
1719328697.8344824,45.0,42727.0
1719328697.9886048,100.0,42727.0
1719328698.1407437,99.0,42727.0
1719328698.2919974,100.0,42727.0
1719328698.4434743,100.0,42727.0
1719328698.595997,100.0,42727.0
1719328698.7486043,61.0,42727.0
1719328698.9030902,94.0,42727.0
1719328699.066159,94.0,42727.0
1719328699.2191505,99.0,42727.0
1719328699.3669646,100.0,42727.0
1719328699.5158222,100.0,42727.0
1719328699.662811,100.0,42727.0
1719328699.8170369,100.0,42727.0
1719328699.9746513,49.0,42727.0
1719328700.1265502,100.0,42727.0
1719328700.2768111,100.0,42727.0
1719328700.4308093,99.0,42727.0
1719328700.58437,100.0,42727.0
1719328700.7373698,100.0,42727.0
1719328700.8873115,100.0,42727.0
1719328701.091834,69.0,42727.0
1719328701.2410529,75.0,42727.0
1719328701.3882997,75.0,42727.0
1719328701.5364027,99.0,42727.0
1719328701.6870213,100.0,42727.0
1719328701.8602455,100.0,42727.0
1719328702.0122917,100.0,42727.0
1719328702.1688402,29.0,42727.0
1719328702.3358557,57.0,42727.0
1719328702.49136,57.0,42727.0
1719328702.6445723,100.0,42727.0
1719328702.79649,99.0,42727.0
1719328702.950346,100.0,42727.0
1719328703.1009874,100.0,42727.0
1719328703.256035,100.0,42727.0
1719328703.4275246,51.0,42727.0
1719328703.5812628,98.0,42727.0
1719328703.7331996,98.0,42727.0
1719328703.889427,99.0,42727.0
1719328704.0406127,100.0,42727.0
1719328704.1893349,100.0,42727.0
1719328704.3387728,100.0,42727.0
1719328704.4870963,100.0,42727.0
1719328704.6351006,7.0,42727.0
1719328704.782947,63.0,42727.0
1719328704.932971,100.0,42727.0
1719328705.0838485,100.0,42727.0
1719328705.2323577,99.0,42727.0
1719328705.3870313,100.0,42727.0
1719328705.5404904,100.0,42727.0
1719328705.6928706,100.0,42727.0
1719328705.8416824,43.0,42727.0
1719328705.9949188,29.0,42727.0
1719328706.1409023,29.0,42727.0
1719328706.3238304,99.0,42727.0
1719328706.4748375,99.0,42727.0
1719328706.6268768,100.0,42727.0
1719328706.7770724,100.0,42727.0
1719328706.9317477,77.0,42727.0
1719328707.087396,77.0,42727.0
1719328707.242431,66.0,42727.0
1719328707.3952205,100.0,42727.0
1719328707.546852,100.0,42727.0
1719328707.6968355,96.0,42727.0
1719328707.85091,100.0,42727.0
1719328708.0018728,100.0,42727.0
1719328708.1525173,100.0,42727.0
1719328708.3058689,55.0,42727.0
1719328708.4585457,100.0,42727.0
1719328708.6133575,99.0,42727.0
1719328708.7663517,99.0,42727.0
1719328708.9497654,100.0,42727.0
1719328709.0981262,100.0,42727.0
1719328709.2453697,92.0,42727.0
1719328709.3943124,9.0,42727.0
1719328709.5546696,100.0,42727.0
1719328709.7127295,100.0,42727.0
1719328709.8579276,99.0,42727.0
1719328710.0041282,100.0,42727.0
1719328710.1539254,100.0,42727.0
1719328710.3093646,100.0,42727.0
1719328710.461498,96.0,42727.0
1719328710.6128366,96.0,42727.0
1719328710.7642398,11.0,42727.0
1719328710.9584801,100.0,42727.0
1719328711.1065195,99.0,42727.0
1719328711.2559521,100.0,42727.0
1719328711.4078739,100.0,42727.0
1719328711.5579176,100.0,42727.0
1719328711.712315,94.0,42727.0
1719328711.865115,59.0,42727.0
1719328712.0178816,100.0,42727.0
1719328712.1721723,100.0,42727.0
1719328712.3247333,99.0,42727.0
1719328712.4786417,100.0,42727.0
1719328712.6266365,100.0,42727.0
1719328712.7820144,100.0,42727.0
1719328712.9771135,47.0,42727.0
1719328713.1298432,77.0,42727.0
1719328713.2816045,100.0,42727.0
1719328713.4357388,100.0,42727.0
1719328713.5883725,100.0,42727.0
1719328713.7425315,100.0,42727.0
1719328713.8919146,100.0,42727.0
1719328714.0431247,27.0,42727.0
1719328714.1942701,96.0,42727.0
1719328714.3466954,96.0,42727.0
1719328714.4928527,99.0,42727.0
1719328714.6398215,100.0,42727.0
1719328714.7872727,100.0,42727.0
1719328714.9377048,100.0,42727.0
1719328715.089984,100.0,42727.0
1719328715.2463348,46.0,42727.0
1719328715.395703,46.0,42727.0
1719328715.5980136,100.0,42727.0
1719328715.7457643,99.0,42727.0
1719328715.8932912,100.0,42727.0
1719328716.0432065,100.0,42727.0
1719328716.1907377,100.0,42727.0
1719328716.3407497,69.0,42727.0
1719328716.4941404,64.0,42727.0
1719328716.6498332,100.0,42727.0
1719328716.8014235,99.0,42727.0
1719328716.9563754,99.0,42727.0
1719328717.107822,100.0,42727.0
1719328717.2609985,100.0,42727.0
1719328717.411838,42.0,42727.0
1719328717.5866838,42.0,42727.0
1719328717.738896,65.0,42727.0
1719328717.889189,100.0,42727.0
1719328718.0468063,100.0,42727.0
1719328718.2001376,99.0,42727.0
1719328718.351573,100.0,42727.0
1719328718.5030823,100.0,42727.0
1719328718.6601622,40.0,42727.0
1719328718.8218892,83.0,42727.0
1719328718.9805393,83.0,42727.0
1719328719.131509,100.0,42727.0
1719328719.282061,99.0,42727.0
1719328719.4312782,100.0,42727.0
1719328719.5834432,100.0,42727.0
1719328719.7434418,100.0,42727.0
1719328719.9069903,42.0,42727.0
1719328720.0644803,42.0,42727.0
1719328720.2302907,99.0,42727.0
1719328720.3857605,99.0,42727.0
1719328720.5417004,100.0,42727.0
1719328720.691185,100.0,42727.0
1719328720.8472452,86.0,42727.0
1719328720.9955628,86.0,42727.0
1719328721.1517138,41.0,42727.0
1719328721.310954,100.0,42727.0
1719328721.468421,99.0,42727.0
1719328721.624951,99.0,42727.0
1719328721.7789357,100.0,42727.0
1719328721.9320762,100.0,42727.0
1719328722.0847473,66.0,42727.0
1719328722.2459784,66.0,42727.0
1719328722.4017928,82.0,42727.0
1719328722.5579746,100.0,42727.0
1719328722.7160795,99.0,42727.0
1719328722.8715448,100.0,42727.0
1719328723.053431,100.0,42727.0
1719328723.2100427,100.0,42727.0
1719328723.3741171,27.0,42727.0
1719328723.5257235,100.0,42727.0
1719328723.675175,99.0,42727.0
1719328723.8254228,99.0,42727.0
1719328723.972618,100.0,42727.0
1719328724.120288,100.0,42727.0
1719328724.2682755,100.0,42727.0
1719328724.4225318,100.0,42727.0
1719328724.586323,12.0,42727.0
1719328724.740451,12.0,42727.0
1719328724.8927653,99.0,42727.0
1719328725.0418067,99.0,42727.0
1719328725.191134,100.0,42727.0
1719328725.3409278,100.0,42727.0
1719328725.4864578,95.0,42727.0
1719328725.6332495,95.0,42727.0
1719328725.7825348,57.0,42727.0
1719328725.932204,100.0,42727.0
1719328726.0842268,99.0,42727.0
1719328726.2370248,99.0,42727.0
1719328726.3887239,100.0,42727.0
1719328726.542802,100.0,42727.0
1719328726.7000072,50.0,42727.0
1719328726.8592355,50.0,42727.0
1719328727.0147338,90.0,42727.0
1719328727.169676,99.0,42727.0
1719328727.32413,99.0,42727.0
1719328727.4830375,100.0,42727.0
1719328727.675475,100.0,42727.0
1719328727.834615,100.0,42727.0
1719328727.9903996,46.0,42727.0
1719328728.14786,100.0,42727.0
1719328728.3015344,99.0,42727.0
1719328728.4556134,99.0,42727.0
1719328728.6096451,100.0,42727.0
1719328728.759377,100.0,42727.0
1719328728.9098616,100.0,42727.0
1719328729.0544393,75.0,42727.0
1719328729.2063217,39.0,42727.0
1719328729.36599,100.0,42727.0
1719328729.5265944,99.0,42727.0
1719328729.6832778,99.0,42727.0
1719328729.83854,100.0,42727.0
1719328729.9913146,100.0,42727.0
1719328730.1499865,66.0,42727.0
1719328730.3041723,66.0,42727.0
1719328730.4543972,78.0,42727.0
1719328730.6034377,100.0,42727.0
1719328730.7518604,100.0,42727.0
1719328730.9067783,99.0,42727.0
1719328731.0589159,100.0,42727.0
1719328731.211068,100.0,42727.0
1719328731.3654883,100.0,42727.0
1719328731.5186994,100.0,42727.0
1719328731.6692376,100.0,42727.0
1719328731.8201725,99.0,42727.0
1719328731.9718351,100.0,42727.0
1719328732.121256,100.0,42727.0
1719328732.2744007,100.0,42727.0
1719328732.4255002,99.0,42727.0
1719328732.5798938,49.0,42727.0
1719328732.7356842,100.0,42727.0
1719328732.886107,100.0,42727.0
1719328733.0366116,99.0,42727.0
1719328733.1859488,100.0,42727.0
1719328733.3331044,100.0,42727.0
1719328733.4819036,100.0,42727.0
1719328733.6271186,57.0,42727.0
1719328733.7748656,57.0,42727.0
1719328733.9191408,100.0,42727.0
1719328734.0680814,100.0,42727.0
1719328734.2217338,99.0,42727.0
1719328734.3762362,100.0,42727.0
1719328734.5291853,100.0,42727.0
1719328734.67828,100.0,42727.0
1719328734.8258526,25.0,42727.0
1719328734.9722404,25.0,42727.0
1719328735.1220932,99.0,42727.0
1719328735.2718244,99.0,42727.0
1719328735.4231126,100.0,42727.0
1719328735.5730903,100.0,42727.0
1719328735.7296271,100.0,42727.0
1719328735.8845077,100.0,42727.0
1719328736.0426302,22.0,42727.0
1719328736.1968164,100.0,42727.0
1719328736.349074,100.0,42727.0
1719328736.4990878,99.0,42727.0
1719328736.6522057,100.0,42727.0
1719328736.8023043,100.0,42727.0
1719328736.9507298,100.0,42727.0
1719328737.1041634,95.0,42727.0
1719328737.254656,56.0,42727.0
1719328737.4062886,56.0,42727.0
1719328737.5614774,100.0,42727.0
1719328737.7126489,99.0,42727.0
1719328737.863341,100.0,42727.0
1719328738.012931,100.0,42727.0
1719328738.1623468,53.0,42727.0
1719328738.3168898,53.0,42727.0
1719328738.4631827,99.0,42727.0
1719328738.6088135,99.0,42727.0
1719328738.753758,99.0,42727.0
1719328738.9040782,100.0,42727.0
1719328739.0593278,100.0,42727.0
1719328739.213927,100.0,42727.0
1719328739.3636966,6.0,42727.0
1719328739.5292568,6.0,42727.0
1719328739.679898,67.0,42727.0
1719328739.8282678,100.0,42727.0
1719328739.9728916,99.0,42727.0
1719328740.1174293,99.0,42727.0
1719328740.2682416,100.0,42727.0
1719328740.4156408,100.0,42727.0
1719328740.5664659,100.0,42727.0
1719328740.7679002,65.0,42727.0
1719328740.9229462,65.0,42727.0
1719328741.0784628,100.0,42727.0
1719328741.2292638,99.0,42727.0
1719328741.3815007,99.0,42727.0
1719328741.5333414,100.0,42727.0
1719328741.6830816,100.0,42727.0
1719328741.834668,100.0,42727.0
1719328741.986365,48.0,42727.0
1719328742.177866,99.0,42727.0
1719328742.3315554,99.0,42727.0
1719328742.4845302,100.0,42727.0
1719328742.6359096,100.0,42727.0
1719328742.7887485,97.0,42727.0
1719328742.938122,97.0,42727.0
1719328743.0858326,0.0,42727.0
1719328743.235056,0.0,42727.0
1719328743.3934147,99.0,42727.0
1719328743.5497315,99.0,42727.0
1719328743.6946611,100.0,42727.0
1719328743.8421824,100.0,42727.0
1719328743.9963665,100.0,42727.0
1719328744.150736,100.0,42727.0
1719328744.302932,49.0,42727.0
1719328744.4525635,100.0,42727.0
1719328744.6036925,99.0,42727.0
1719328744.7493718,99.0,42727.0
1719328744.8994117,100.0,42727.0
1719328745.048366,100.0,42727.0
1719328745.1959875,75.0,42727.0
1719328745.352467,75.0,42727.0
1719328745.515063,17.0,42727.0
1719328745.6679332,17.0,42727.0
1719328745.8216488,100.0,42727.0
1719328745.9724064,99.0,42727.0
1719328746.1265106,100.0,42727.0
1719328746.2781053,100.0,42727.0
1719328746.4297543,100.0,42727.0
1719328746.5821202,89.0,42727.0
1719328746.7349532,55.0,42727.0
1719328746.888285,100.0,42727.0
1719328747.0420828,99.0,42727.0
1719328747.1971896,99.0,42727.0
1719328747.3491147,100.0,42727.0
1719328747.501366,100.0,42727.0
1719328747.6507075,56.0,42727.0
1719328747.7987974,56.0,42727.0
1719328747.9500828,100.0,42727.0
1719328748.0986452,99.0,42727.0
1719328748.2465131,100.0,42727.0
1719328748.3914852,100.0,42727.0
1719328748.5396142,100.0,42727.0
1719328748.6974576,100.0,42727.0
1719328748.852697,42.0,42727.0
1719328749.0054178,42.0,42727.0
1719328749.1544073,100.0,42727.0
1719328749.3039908,99.0,42727.0
1719328749.4507396,100.0,42727.0
1719328749.596048,100.0,42727.0
1719328749.7493327,100.0,42727.0
1719328749.899303,65.0,42727.0
1719328750.0606842,7.0,42727.0
1719328750.2367423,100.0,42727.0
1719328750.3961549,100.0,42727.0
1719328750.5472875,99.0,42727.0
1719328750.7030432,99.0,42727.0
1719328750.8550868,100.0,42727.0
1719328751.0059047,100.0,42727.0
1719328751.158299,98.0,42727.0
1719328751.3191748,0.0,42727.0
1719328751.4844031,65.0,42727.0
1719328751.6492112,100.0,42727.0
1719328751.8036988,100.0,42727.0
1719328751.9586,99.0,42727.0
1719328752.1127846,100.0,42727.0
1719328752.2709677,100.0,42727.0
1719328752.4330118,100.0,42727.0
1719328752.655668,41.0,42727.0
1719328752.8547184,97.0,42727.0
1719328753.005173,97.0,42727.0
1719328753.161641,100.0,42727.0
1719328753.312157,100.0,42727.0
1719328753.4585,100.0,42727.0
1719328753.6211455,100.0,42727.0
1719328753.7834165,25.0,42727.0
1719328753.9333096,100.0,42727.0
1719328754.0841174,100.0,42727.0
1719328754.2340734,99.0,42727.0
1719328754.376775,100.0,42727.0
1719328754.5293393,100.0,42727.0
1719328754.6819928,100.0,42727.0
1719328754.8335755,92.0,42727.0
1719328754.985559,59.0,42727.0
1719328755.1386907,59.0,42727.0
1719328755.2935889,98.0,42727.0
1719328755.451962,98.0,42727.0
1719328755.6098566,100.0,42727.0
1719328755.763298,100.0,42727.0
1719328755.914197,49.0,42727.0
1719328756.0659325,49.0,42727.0
1719328756.217206,47.0,42727.0
1719328756.366618,100.0,42727.0
1719328756.5216882,99.0,42727.0
1719328756.677087,99.0,42727.0
1719328756.8321927,100.0,42727.0
1719328756.988015,100.0,42727.0
1719328757.1407926,60.0,42727.0
1719328757.2928512,60.0,42727.0
1719328757.4428523,88.0,42727.0
1719328757.590631,99.0,42727.0
1719328757.7387357,100.0,42727.0
1719328757.8837051,100.0,42727.0
1719328758.0305734,100.0,42727.0
1719328758.1769168,100.0,42727.0
1719328758.3277705,100.0,42727.0
1719328758.4951632,19.0,42727.0
1719328758.6574056,82.0,42727.0
1719328758.815244,100.0,42727.0
1719328758.9692109,99.0,42727.0
1719328759.124333,100.0,42727.0
1719328759.2740698,100.0,42727.0
1719328759.4176264,100.0,42727.0
1719328759.5677443,28.0,42727.0
1719328759.7177444,28.0,42727.0
1719328759.9008195,99.0,42727.0
1719328760.0562177,99.0,42727.0
1719328760.210643,100.0,42727.0
1719328760.363561,100.0,42727.0
1719328760.517938,100.0,42727.0
1719328760.6705613,100.0,42727.0
1719328760.8219168,54.0,42727.0
1719328760.9740744,100.0,42727.0
1719328761.1266956,99.0,42727.0
1719328761.2772784,99.0,42727.0
1719328761.428876,100.0,42727.0
1719328761.5795183,100.0,42727.0
1719328761.734956,100.0,42727.0
1719328761.905831,55.0,42727.0
1719328762.1135113,99.0,42727.0
1719328762.2618105,99.0,42727.0
1719328762.413223,100.0,42727.0
1719328762.5619876,100.0,42727.0
1719328762.7070668,100.0,42727.0
1719328762.8528318,100.0,42727.0
1719328763.003321,53.0,42727.0
1719328763.1529107,100.0,42727.0
1719328763.3039231,100.0,42727.0
1719328763.4581313,99.0,42727.0
1719328763.6090662,100.0,42727.0
1719328763.7593148,100.0,42727.0
1719328763.9074073,100.0,42727.0
1719328764.05544,67.0,42727.0
1719328764.2014246,53.0,42727.0
1719328764.3502057,53.0,42727.0
1719328764.4996352,100.0,42727.0
1719328764.647825,99.0,42727.0
1719328764.8029509,100.0,42727.0
1719328764.9550927,100.0,42727.0
1719328765.1125166,100.0,42727.0
1719328765.3169572,54.0,42727.0
1719328765.4706333,90.0,42727.0
1719328765.6228716,99.0,42727.0
1719328765.7763867,100.0,42727.0
1719328765.9289007,100.0,42727.0
1719328766.0877612,100.0,42727.0
1719328766.2453234,100.0,42727.0
1719328766.4032347,47.0,42727.0
1719328766.5570824,100.0,42727.0
1719328766.7087123,100.0,42727.0
1719328766.8598313,99.0,42727.0
1719328767.0108013,100.0,42727.0
1719328767.1595597,100.0,42727.0
1719328767.3061905,100.0,42727.0
1719328767.455384,76.0,42727.0
1719328767.602231,79.0,42727.0
1719328767.7477167,79.0,42727.0
1719328767.8926778,100.0,42727.0
1719328768.04251,99.0,42727.0
1719328768.197327,100.0,42727.0
1719328768.3519664,100.0,42727.0
1719328768.5113437,100.0,42727.0
1719328768.6690972,49.0,42727.0
1719328768.8226647,100.0,42727.0
1719328768.9736338,99.0,42727.0
1719328769.1188118,99.0,42727.0
1719328769.2712245,100.0,42727.0
1719328769.420195,100.0,42727.0
1719328769.5742173,84.0,42727.0
1719328769.7500176,84.0,42727.0
1719328769.9051952,62.0,42727.0
1719328770.0597491,100.0,42727.0
1719328770.214735,100.0,42727.0
1719328770.3664825,99.0,42727.0
1719328770.5240119,100.0,42727.0
1719328770.6730886,100.0,42727.0
1719328770.824543,43.0,42727.0
1719328770.9767535,85.0,42727.0
1719328771.133946,85.0,42727.0
1719328771.2863765,100.0,42727.0
1719328771.4406078,99.0,42727.0
1719328771.5916615,99.0,42727.0
1719328771.7418272,100.0,42727.0
1719328771.8916626,100.0,42727.0
1719328772.043822,46.0,42727.0
1719328772.1928096,46.0,42727.0
1719328772.3397174,100.0,42727.0
1719328772.485902,99.0,42727.0
1719328772.6313193,99.0,42727.0
1719328772.7803369,100.0,42727.0
1719328772.9326406,100.0,42727.0
1719328773.0878441,80.0,42727.0
1719328773.2512147,80.0,42727.0
1719328773.4025507,16.0,42727.0
1719328773.5735252,100.0,42727.0
1719328773.7219598,99.0,42727.0
1719328773.973214,100.0,42727.0
1719328774.1242085,100.0,42727.0
1719328774.2740471,89.0,42727.0
1719328774.4325776,59.0,42727.0
1719328774.586866,59.0,42727.0
1719328774.7408137,100.0,42727.0
1719328774.8941464,99.0,42727.0
1719328775.049348,100.0,42727.0
1719328775.2020757,100.0,42727.0
1719328775.3519578,100.0,42727.0
1719328775.5277147,47.0,42727.0
1719328775.6853514,92.0,42727.0
1719328775.8402696,99.0,42727.0
1719328775.9937239,100.0,42727.0
1719328776.1446652,100.0,42727.0
1719328776.2984471,100.0,42727.0
1719328776.4546063,100.0,42727.0
1719328776.6106596,14.0,42727.0
1719328776.773366,14.0,42727.0
1719328776.9215388,87.0,42727.0
1719328777.0713942,100.0,42727.0
1719328777.2201657,100.0,42727.0
1719328777.3652039,100.0,42727.0
1719328777.5124416,100.0,42727.0
1719328777.65871,100.0,42727.0
1719328777.8069665,54.0,42727.0
1719328777.9603674,54.0,42727.0
1719328778.1144814,100.0,42727.0
1719328778.2659438,99.0,42727.0
1719328778.4164753,100.0,42727.0
1719328778.5741012,100.0,42727.0
1719328778.7289321,100.0,42727.0
1719328778.8828475,71.0,42727.0
1719328779.034465,85.0,42727.0
1719328779.189971,85.0,42727.0
1719328779.341844,100.0,42727.0
1719328779.496761,99.0,42727.0
1719328779.6551921,99.0,42727.0
1719328779.81741,100.0,42727.0
1719328779.9741118,100.0,42727.0
1719328780.139102,47.0,42727.0
1719328780.2942317,100.0,42727.0
1719328780.449375,99.0,42727.0
1719328780.6033964,99.0,42727.0
1719328780.7549207,100.0,42727.0
1719328780.9078624,100.0,42727.0
1719328781.0587084,79.0,42727.0
1719328781.2083838,79.0,42727.0
1719328781.3660793,17.0,42727.0
1719328781.5153828,100.0,42727.0
1719328781.6662707,100.0,42727.0
1719328781.8275464,99.0,42727.0
1719328781.9753764,100.0,42727.0
1719328782.128538,100.0,42727.0
1719328782.2753024,100.0,42727.0
1719328782.4361746,61.0,42727.0
1719328782.5869627,61.0,42727.0
1719328782.7402608,100.0,42727.0
1719328782.9003935,100.0,42727.0
1719328783.0616145,100.0,42727.0
1719328783.2189476,100.0,42727.0
1719328783.377515,100.0,42727.0
1719328783.5287385,45.0,42727.0
1719328783.6819549,46.0,42727.0
1719328783.8339615,46.0,42727.0
1719328783.987935,100.0,42727.0
1719328784.14231,99.0,42727.0
1719328784.297079,100.0,42727.0
1719328784.456395,100.0,42727.0
1719328784.6152549,100.0,42727.0
1719328784.7684286,60.0,42727.0
1719328784.9280467,26.0,42727.0
1719328785.0861936,100.0,42727.0
1719328785.2420378,100.0,42727.0
1719328785.397791,99.0,42727.0
1719328785.555137,100.0,42727.0
1719328785.707823,100.0,42727.0
1719328785.8593264,100.0,42727.0
1719328786.0146294,80.0,42727.0
1719328786.1686246,61.0,42727.0
1719328786.3227496,100.0,42727.0
1719328786.473258,100.0,42727.0
1719328786.627083,99.0,42727.0
1719328786.7741153,100.0,42727.0
1719328786.9213097,100.0,42727.0
1719328787.0668964,100.0,42727.0
1719328787.214424,46.0,42727.0
1719328787.3629882,68.0,42727.0
1719328787.512737,68.0,42727.0
1719328787.6671796,100.0,42727.0
1719328787.8221886,98.0,42727.0
1719328787.9738445,100.0,42727.0
1719328788.1244226,100.0,42727.0
1719328788.2752273,55.0,42727.0
1719328788.426046,55.0,42727.0
1719328788.5748208,100.0,42727.0
1719328788.7296174,97.0,42727.0
1719328788.8808937,100.0,42727.0
1719328789.0294297,100.0,42727.0
1719328789.1844192,100.0,42727.0
1719328789.3384972,93.0,42727.0
1719328789.4899912,2.0,42727.0
1719328789.6519713,2.0,42727.0
1719328789.8025692,99.0,42727.0
1719328789.9546654,99.0,42727.0
1719328790.1045368,100.0,42727.0
1719328790.2559347,100.0,42727.0
1719328790.4119997,100.0,42727.0
1719328790.567283,100.0,42727.0
1719328790.7308176,40.0,42727.0
1719328790.8885949,100.0,42727.0
1719328791.0443485,100.0,42727.0
1719328791.200255,99.0,42727.0
1719328791.353717,100.0,42727.0
1719328791.5092862,100.0,42727.0
1719328791.667055,100.0,42727.0
1719328791.8193407,70.0,42727.0
1719328791.9741797,77.0,42727.0
1719328792.1283152,77.0,42727.0
1719328792.2947357,100.0,42727.0
1719328792.4521255,96.0,42727.0
1719328792.6077893,100.0,42727.0
1719328792.7630708,100.0,42727.0
1719328792.9162319,54.0,42727.0
1719328793.0684533,54.0,42727.0
1719328793.217477,100.0,42727.0
1719328793.3723073,99.0,42727.0
1719328793.52568,100.0,42727.0
1719328793.6806445,100.0,42727.0
1719328793.8380978,100.0,42727.0
1719328793.9995592,83.0,42727.0
1719328794.158688,72.0,42727.0
1719328794.3160167,72.0,42727.0
1719328794.5040188,99.0,42727.0
1719328794.6614602,99.0,42727.0
1719328794.8176625,100.0,42727.0
1719328794.9739664,100.0,42727.0
1719328795.133424,50.0,42727.0
1719328795.2927358,50.0,42727.0
1719328795.4512126,100.0,42727.0
1719328795.609897,99.0,42727.0
1719328795.7674785,100.0,42727.0
1719328795.9238284,100.0,42727.0
1719328796.0796738,100.0,42727.0
1719328796.2375743,91.0,42727.0
1719328796.391061,60.0,42727.0
1719328796.542001,60.0,42727.0
1719328796.6942296,100.0,42727.0
1719328796.84729,99.0,42727.0
1719328797.0034277,100.0,42727.0
1719328797.1630578,100.0,42727.0
1719328797.3222897,100.0,42727.0
1719328797.4832964,46.0,42727.0
1719328797.6412256,93.0,42727.0
1719328797.7956614,99.0,42727.0
1719328797.9478884,99.0,42727.0
1719328798.102787,100.0,42727.0
1719328798.2556856,100.0,42727.0
1719328798.4073174,100.0,42727.0
1719328798.5729585,100.0,42727.0
1719328798.7274141,46.0,42727.0
1719328798.882793,100.0,42727.0
1719328799.0366848,99.0,42727.0
1719328799.1900752,100.0,42727.0
1719328799.3399386,100.0,42727.0
1719328799.4921396,100.0,42727.0
1719328799.6441994,73.0,42727.0
1719328799.79439,73.0,42727.0
1719328799.9492464,100.0,42727.0
1719328800.1091263,100.0,42727.0
1719328800.2607977,99.0,42727.0
1719328800.4184675,100.0,42727.0
1719328800.5703778,100.0,42727.0
1719328800.724392,100.0,42727.0
1719328800.8743627,50.0,42727.0
1719328801.0250692,100.0,42727.0
1719328801.1738896,100.0,42727.0
1719328801.320037,99.0,42727.0
1719328801.4674544,100.0,42727.0
1719328801.6127365,100.0,42727.0
1719328801.7614498,88.0,42727.0
1719328801.9174001,88.0,42727.0
1719328802.0806189,10.0,42727.0
1719328802.2311385,100.0,42727.0
1719328802.3805945,99.0,42727.0
1719328802.526951,99.0,42727.0
1719328802.673827,100.0,42727.0
1719328802.8185894,100.0,42727.0
1719328802.968607,100.0,42727.0
1719328803.1171224,96.0,42727.0
1719328803.2681289,58.0,42727.0
1719328803.4218414,58.0,42727.0
1719328803.5763159,99.0,42727.0
1719328803.7331147,99.0,42727.0
1719328803.8899977,100.0,42727.0
1719328804.0441155,100.0,42727.0
1719328804.195931,48.0,42727.0
1719328804.348149,48.0,42727.0
1719328804.4998436,50.0,42727.0
1719328804.6528037,100.0,42727.0
1719328804.804981,100.0,42727.0
1719328804.9581294,99.0,42727.0
1719328805.1114662,100.0,42727.0
1719328805.2650604,100.0,42727.0
1719328805.416084,100.0,42727.0
1719328805.5683208,58.0,42727.0
1719328805.7180562,97.0,42727.0
1719328805.869137,99.0,42727.0
1719328806.0162392,100.0,42727.0
1719328806.161162,100.0,42727.0
1719328806.30716,100.0,42727.0
1719328806.452356,100.0,42727.0
1719328806.601921,8.0,42727.0
1719328806.7556438,8.0,42727.0
1719328806.9099193,55.0,42727.0
1719328807.0584915,100.0,42727.0
1719328807.21062,99.0,42727.0
1719328807.361089,99.0,42727.0
1719328807.5106356,100.0,42727.0
1719328807.6582026,100.0,42727.0
1719328807.8130336,51.0,42727.0
1719328807.981237,51.0,42727.0
1719328808.13003,78.0,42727.0
1719328808.2805676,100.0,42727.0
1719328808.433661,99.0,42727.0
1719328808.5864818,99.0,42727.0
1719328808.740068,100.0,42727.0
1719328808.8923736,100.0,42727.0
1719328809.0446064,100.0,42727.0
1719328809.1949456,29.0,42727.0
1719328809.3483317,28.0,42727.0
1719328809.499477,100.0,42727.0
1719328809.6539145,99.0,42727.0
1719328809.8066242,99.0,42727.0
1719328809.9589386,100.0,42727.0
1719328810.1137342,100.0,42727.0
1719328810.2677066,78.0,42727.0
1719328810.4171047,78.0,42727.0
1719328810.5681977,38.0,42727.0
1719328810.7166421,100.0,42727.0
1719328810.865316,99.0,42727.0
1719328811.0125465,99.0,42727.0
1719328811.1603582,100.0,42727.0
1719328811.3085048,100.0,42727.0
1719328811.4571817,69.0,42727.0
1719328811.6156821,69.0,42727.0
1719328811.769681,82.0,42727.0
1719328811.9215589,100.0,42727.0
1719328812.0712886,100.0,42727.0
1719328812.2220902,99.0,42727.0
1719328812.3692362,100.0,42727.0
1719328812.5170543,100.0,42727.0
1719328812.6880977,100.0,42727.0
1719328812.8395278,100.0,42727.0
1719328812.9898117,100.0,42727.0
1719328813.1447139,99.0,42727.0
1719328813.3015103,100.0,42727.0
1719328813.4512355,100.0,42727.0
1719328813.6030662,100.0,42727.0
1719328813.7568605,81.0,42727.0
1719328813.9194984,10.0,42727.0
1719328814.0714757,100.0,42727.0
1719328814.223537,100.0,42727.0
1719328814.3749585,99.0,42727.0
1719328814.5260339,100.0,42727.0
1719328814.6789727,100.0,42727.0
1719328814.8349624,100.0,42727.0
1719328814.9849517,95.0,42727.0
1719328815.134844,0.0,42727.0
1719328815.2826152,0.0,42727.0
1719328815.4319248,0.0,42727.0
1719328815.5796354,0.0,42727.0
1719328815.7266545,0.0,42727.0
1719328815.8732924,0.0,42727.0
1719328816.0201197,0.0,42727.0
1719328816.168415,0.0,42727.0
1719328816.3196125,62.0,42727.0
1719328816.4775205,100.0,42727.0
1719328816.6383355,100.0,42727.0
1719328816.7909548,99.0,42727.0
1719328816.943748,100.0,42727.0
1719328817.0979664,100.0,42727.0
1719328817.2454875,100.0,42727.0
1719328817.4402301,52.0,42727.0
1719328817.5937922,100.0,42727.0
1719328817.7423239,99.0,42727.0
1719328817.8926306,100.0,42727.0
1719328818.0479565,100.0,42727.0
1719328818.1996362,100.0,42727.0
1719328818.3528755,98.0,42727.0
1719328818.5181396,41.0,42727.0
1719328818.6718426,100.0,42727.0
1719328818.8241436,100.0,42727.0
1719328819.0592675,99.0,42727.0
1719328819.221856,100.0,42727.0
1719328819.3730888,100.0,42727.0
1719328819.5276866,65.0,42727.0
1719328819.6806154,65.0,42727.0
1719328819.860736,7.0,42727.0
1719328820.0655706,99.0,42727.0
1719328820.2158625,99.0,42727.0
1719328820.365262,100.0,42727.0
1719328820.5137744,100.0,42727.0
1719328820.6608407,100.0,42727.0
1719328820.8083315,99.0,42727.0
1719328820.956,57.0,42727.0
1719328821.1082785,100.0,42727.0
1719328821.2590306,100.0,42727.0
1719328821.4157288,99.0,42727.0
1719328821.5673094,100.0,42727.0
1719328821.7183466,100.0,42727.0
1719328821.8769002,100.0,42727.0
1719328822.0715375,49.0,42727.0
1719328822.271294,95.0,42727.0
1719328822.4225168,99.0,42727.0
1719328822.57177,100.0,42727.0
1719328822.7224998,100.0,42727.0
