timestamp,gpu_util,gpu_mem
1719338378.4725094,0.0,4.0
1719338378.6037207,0.0,4.0
1719338378.7349453,0.0,4.0
1719338378.8650262,0.0,21.0
1719338379.0043688,3.0,633.0
1719338379.1310537,3.0,633.0
1719338379.2567217,4.0,633.0
1719338379.3822958,0.0,633.0
1719338379.5859165,0.0,633.0
1719338379.713027,0.0,633.0
1719338379.8402839,0.0,633.0
1719338379.9679422,0.0,633.0
1719338380.0956175,0.0,633.0
1719338380.2227225,0.0,633.0
1719338380.3507023,0.0,633.0
1719338380.4776573,0.0,633.0
1719338380.6048837,0.0,633.0
1719338380.7316968,0.0,633.0
1719338380.8576028,0.0,633.0
1719338380.9868672,0.0,633.0
1719338381.1129572,0.0,633.0
1719338381.243917,0.0,633.0
1719338381.3712928,0.0,633.0
1719338381.4967625,0.0,633.0
1719338381.6221366,0.0,633.0
1719338381.7467752,0.0,633.0
1719338381.8712947,0.0,633.0
1719338381.9955993,0.0,633.0
1719338382.1231077,0.0,633.0
1719338382.2508328,0.0,633.0
1719338382.3769767,0.0,633.0
1719338382.50348,0.0,633.0
1719338382.6660702,0.0,633.0
1719338382.7961829,0.0,633.0
1719338382.9267972,0.0,633.0
1719338383.0596046,0.0,633.0
1719338383.1909947,0.0,633.0
1719338383.3195965,0.0,633.0
1719338383.4475691,0.0,633.0
1719338383.5741222,0.0,633.0
1719338383.699917,0.0,633.0
1719338383.8282294,0.0,633.0
1719338383.9546738,0.0,633.0
1719338384.0809672,0.0,633.0
1719338384.205909,0.0,633.0
1719338384.3305066,0.0,633.0
1719338384.4557724,0.0,633.0
1719338384.581798,0.0,633.0
1719338384.7122858,0.0,633.0
1719338384.8424869,0.0,633.0
1719338384.9744487,0.0,633.0
1719338385.1051316,0.0,633.0
1719338385.2329803,0.0,633.0
1719338385.3596263,0.0,633.0
1719338385.490976,0.0,633.0
1719338385.6195984,0.0,633.0
1719338385.7478547,0.0,633.0
1719338385.8751323,0.0,633.0
1719338386.003736,0.0,633.0
1719338386.1315746,0.0,633.0
1719338386.2585988,0.0,633.0
1719338386.3892486,0.0,633.0
1719338386.5187936,0.0,633.0
1719338386.6475716,0.0,633.0
1719338386.7763362,0.0,633.0
1719338386.9060216,0.0,633.0
1719338387.0348473,0.0,633.0
1719338387.1637738,0.0,633.0
1719338387.2949274,0.0,633.0
1719338387.4261363,0.0,633.0
1719338387.5581393,0.0,633.0
1719338387.6889615,0.0,633.0
1719338387.8198087,0.0,633.0
1719338387.9504786,0.0,633.0
1719338388.0803447,0.0,633.0
1719338388.2079268,0.0,633.0
1719338388.3357482,0.0,633.0
1719338388.4653938,0.0,633.0
1719338388.5935545,0.0,633.0
1719338388.722567,0.0,633.0
1719338388.8526406,0.0,633.0
1719338388.9827228,0.0,633.0
1719338389.1155963,0.0,633.0
1719338389.2459362,0.0,633.0
1719338389.3764598,0.0,633.0
1719338389.506361,0.0,633.0
1719338389.6357868,0.0,633.0
1719338389.7654283,0.0,633.0
1719338389.8965526,0.0,633.0
1719338390.0256646,0.0,633.0
1719338390.1543663,0.0,633.0
1719338390.2831342,0.0,633.0
1719338390.4103143,0.0,633.0
1719338390.5358772,0.0,633.0
1719338390.6638966,0.0,633.0
1719338390.791442,0.0,633.0
1719338390.923198,0.0,633.0
1719338391.051419,0.0,633.0
1719338391.1818624,0.0,633.0
1719338391.3116217,0.0,633.0
1719338391.4405856,0.0,633.0
1719338391.5689046,0.0,633.0
1719338391.696972,0.0,633.0
1719338391.8250918,0.0,633.0
1719338391.955311,0.0,633.0
1719338392.0884235,0.0,633.0
1719338392.2189722,0.0,633.0
1719338392.3497987,0.0,633.0
1719338392.479817,0.0,633.0
1719338392.6091955,0.0,633.0
1719338392.7411468,0.0,633.0
1719338392.871772,0.0,633.0
1719338393.0024855,0.0,633.0
1719338393.1351142,0.0,633.0
1719338393.263961,0.0,633.0
1719338393.395576,0.0,633.0
1719338393.5253127,0.0,633.0
1719338393.6534178,0.0,633.0
1719338393.782738,0.0,633.0
1719338393.9139097,0.0,633.0
1719338394.0421586,0.0,633.0
1719338394.1710613,0.0,633.0
1719338394.3029082,0.0,633.0
1719338394.4335666,0.0,633.0
1719338394.5645697,0.0,633.0
1719338394.6955538,0.0,633.0
1719338394.826556,0.0,633.0
1719338394.9614565,0.0,633.0
1719338395.092134,0.0,633.0
1719338395.2233431,0.0,633.0
1719338395.352093,0.0,633.0
1719338395.4807496,0.0,633.0
1719338395.609698,0.0,633.0
1719338395.7395647,0.0,633.0
1719338395.8677802,0.0,633.0
1719338395.9963245,0.0,633.0
1719338396.1250837,0.0,633.0
1719338396.2520306,0.0,633.0
1719338396.3792915,0.0,633.0
1719338396.506418,0.0,633.0
1719338396.6337166,0.0,633.0
1719338396.7616248,0.0,633.0
1719338396.888701,0.0,633.0
1719338397.0153275,0.0,633.0
1719338397.1446016,0.0,633.0
1719338397.2732546,0.0,633.0
1719338397.3997414,0.0,633.0
1719338397.5262287,0.0,633.0
1719338397.6530848,0.0,633.0
1719338397.7808464,0.0,633.0
1719338397.9090612,0.0,633.0
1719338398.036175,0.0,633.0
1719338398.1651442,0.0,633.0
1719338398.294428,0.0,633.0
1719338398.4252598,0.0,633.0
1719338398.5540583,0.0,633.0
1719338398.6844506,0.0,633.0
1719338398.8129401,0.0,633.0
1719338398.9413438,0.0,633.0
1719338399.071593,0.0,633.0
1719338399.1998732,0.0,633.0
1719338399.3280995,0.0,633.0
1719338399.459994,0.0,633.0
1719338399.5906558,0.0,633.0
1719338399.7215562,0.0,633.0
1719338399.853492,0.0,633.0
1719338399.9830434,0.0,633.0
1719338400.1150088,0.0,633.0
1719338400.245626,0.0,633.0
1719338400.3766098,0.0,633.0
1719338400.5081308,0.0,633.0
1719338400.6380956,0.0,633.0
1719338400.768801,0.0,633.0
1719338400.8981838,0.0,633.0
1719338401.0259686,0.0,633.0
1719338401.155685,0.0,633.0
1719338401.2863777,0.0,633.0
1719338401.4151657,0.0,633.0
1719338401.5425615,0.0,633.0
1719338401.670715,0.0,633.0
1719338401.8015802,0.0,633.0
1719338401.9318264,0.0,633.0
1719338402.062191,0.0,633.0
1719338402.1932018,0.0,633.0
1719338402.3234665,0.0,633.0
1719338402.4552798,0.0,633.0
1719338402.5855474,0.0,633.0
1719338402.715052,0.0,633.0
1719338402.8452778,0.0,633.0
1719338402.9736714,0.0,633.0
1719338403.1034648,0.0,633.0
1719338403.2341177,0.0,633.0
1719338403.3627787,0.0,633.0
1719338403.4906442,0.0,633.0
1719338403.618541,0.0,633.0
1719338403.7468593,0.0,633.0
1719338403.8756511,0.0,633.0
1719338404.0024652,0.0,633.0
1719338404.1317067,0.0,633.0
1719338404.259471,0.0,633.0
1719338404.3881497,0.0,633.0
1719338404.5149994,0.0,633.0
1719338404.641896,0.0,633.0
1719338404.7686996,0.0,633.0
1719338404.8969994,0.0,633.0
1719338405.0237625,0.0,633.0
1719338405.1508052,0.0,633.0
1719338405.2776105,0.0,633.0
1719338405.404197,0.0,633.0
1719338405.53193,0.0,633.0
1719338405.6595557,0.0,633.0
1719338405.802487,0.0,633.0
1719338405.9441803,0.0,633.0
1719338406.100965,0.0,633.0
1719338406.2476408,0.0,633.0
1719338406.402848,0.0,633.0
1719338406.561013,0.0,633.0
1719338406.7418015,0.0,633.0
1719338406.878907,0.0,633.0
1719338407.0203667,0.0,633.0
1719338407.171783,0.0,633.0
1719338407.3335009,0.0,633.0
1719338407.495245,0.0,633.0
1719338407.6788318,0.0,633.0
1719338407.8580782,0.0,633.0
1719338408.0024195,0.0,633.0
1719338408.1825378,0.0,633.0
1719338408.345111,0.0,633.0
1719338408.5401955,0.0,633.0
1719338408.6744459,0.0,633.0
1719338408.8345008,0.0,633.0
1719338408.9987504,0.0,633.0
1719338409.1302536,0.0,633.0
1719338409.2628982,0.0,713.0
1719338409.3963594,6.0,2401.0
1719338409.527772,6.0,5539.0
1719338409.6617682,4.0,9189.0
1719338409.8021593,83.0,30395.0
1719338409.9725587,94.0,30395.0
1719338410.1191063,94.0,32709.0
1719338410.3038,41.0,49615.0
1719338410.455986,90.0,49615.0
1719338410.632584,100.0,49619.0
1719338410.7882998,98.0,49619.0
1719338410.9487464,58.0,49633.0
1719338411.0863526,58.0,49633.0
1719338411.238472,7.0,49633.0
1719338411.4160924,0.0,49633.0
1719338411.5698755,0.0,49633.0
1719338411.726581,0.0,49633.0
1719338411.938073,0.0,49633.0
1719338412.143042,0.0,49633.0
1719338412.3178957,0.0,49633.0
1719338412.5033612,0.0,49633.0
1719338412.693886,0.0,49633.0
1719338412.8564126,0.0,49633.0
1719338413.0281725,0.0,49633.0
1719338413.192193,0.0,49633.0
1719338413.331217,0.0,49633.0
1719338413.470256,0.0,49633.0
1719338413.6100476,34.0,49633.0
1719338413.7515736,34.0,49633.0
1719338413.8927276,100.0,49633.0
1719338414.034042,99.0,49633.0
1719338414.2037168,99.0,49633.0
1719338414.3583891,100.0,49633.0
1719338414.53572,100.0,49633.0
1719338414.6944587,100.0,49633.0
1719338414.8583012,50.0,49633.0
1719338415.002476,0.0,49633.0
1719338415.157619,0.0,49633.0
1719338415.3413758,0.0,49633.0
1719338415.5051184,0.0,49633.0
1719338415.6664903,0.0,49633.0
1719338415.8372355,0.0,49633.0
1719338416.0105004,0.0,49633.0
1719338416.2228346,0.0,49633.0
1719338416.3813975,0.0,49633.0
1719338416.585053,0.0,49633.0
1719338416.7819865,0.0,49633.0
1719338416.9295702,0.0,49633.0
1719338417.0827858,0.0,49633.0
1719338417.249172,0.0,49633.0
1719338417.4042957,0.0,49633.0
1719338417.5439072,0.0,49633.0
1719338417.6830492,0.0,49633.0
1719338417.8243375,60.0,49633.0
1719338417.9673052,60.0,49633.0
1719338418.1520236,100.0,49633.0
1719338418.3320768,100.0,49633.0
1719338418.5026152,100.0,49633.0
1719338418.6728425,100.0,49633.0
1719338418.8392043,100.0,49633.0
1719338418.9973538,15.0,49633.0
1719338419.1712627,0.0,49633.0
1719338419.3388205,0.0,49633.0
1719338419.4986286,0.0,49633.0
1719338419.6629725,0.0,49633.0
1719338419.8181655,0.0,49633.0
1719338419.9760334,0.0,49633.0
1719338420.1237202,0.0,49633.0
1719338420.326669,0.0,49633.0
1719338420.532117,0.0,49633.0
1719338420.695686,0.0,49633.0
1719338420.8788443,0.0,49633.0
1719338421.0479972,0.0,49633.0
1719338421.228801,0.0,49633.0
1719338421.3901703,0.0,49633.0
1719338421.5465236,0.0,49633.0
1719338421.685282,0.0,49633.0
1719338421.825422,0.0,49633.0
1719338421.9673884,0.0,49633.0
1719338422.108882,72.0,49633.0
1719338422.2494755,72.0,49633.0
1719338422.3929682,99.0,49633.0
1719338422.5927987,100.0,49633.0
1719338422.772684,100.0,49633.0
1719338422.9392292,100.0,49633.0
1719338423.0961661,100.0,49633.0
1719338423.2643075,4.0,49633.0
1719338423.4308548,0.0,49633.0
1719338423.5787282,0.0,49633.0
1719338423.7387393,0.0,49633.0
1719338423.912602,0.0,49633.0
1719338424.091098,0.0,49633.0
1719338424.2630894,0.0,49633.0
1719338424.4654872,0.0,49633.0
1719338424.6661568,0.0,49633.0
1719338424.842149,0.0,49633.0
1719338425.0324893,0.0,49633.0
1719338425.2346568,0.0,49633.0
1719338425.407865,0.0,49633.0
1719338425.5641768,0.0,49633.0
1719338425.7306597,0.0,49633.0
1719338425.8697722,0.0,49633.0
1719338426.008168,0.0,49633.0
1719338426.1451046,10.0,49633.0
1719338426.2852583,100.0,49633.0
1719338426.4272575,99.0,49633.0
1719338426.5721972,99.0,49633.0
1719338426.7439196,98.0,49633.0
1719338426.9185,100.0,49633.0
1719338427.0800734,100.0,49633.0
1719338427.2388396,72.0,49633.0
1719338427.3998075,72.0,49633.0
1719338427.6205814,0.0,49633.0
1719338427.8019366,0.0,49633.0
1719338427.9556062,0.0,49633.0
1719338428.1120565,0.0,49633.0
1719338428.284634,0.0,49633.0
1719338428.440414,0.0,49633.0
1719338428.6387212,0.0,49633.0
1719338428.8378034,0.0,49633.0
1719338429.0381484,0.0,49633.0
1719338429.2341294,0.0,49633.0
1719338429.4217112,0.0,49633.0
1719338429.6130173,0.0,49633.0
1719338429.7770834,0.0,49633.0
1719338429.9299078,0.0,49633.0
1719338430.0692427,0.0,49633.0
1719338430.2092974,0.0,49633.0
1719338430.3498952,5.0,49633.0
1719338430.4924593,100.0,49633.0
1719338430.6340332,100.0,49633.0
1719338430.8297384,100.0,49633.0
1719338431.0014038,99.0,49633.0
1719338431.1570435,100.0,49633.0
1719338431.3155246,100.0,49633.0
1719338431.4751594,76.0,49633.0
1719338431.6331997,76.0,49633.0
1719338431.775503,0.0,49633.0
1719338431.926796,0.0,49633.0
1719338432.094308,0.0,49633.0
1719338432.2665324,0.0,49633.0
1719338432.4372013,0.0,49633.0
1719338432.5914261,0.0,49633.0
1719338432.743517,0.0,49633.0
1719338432.9304757,0.0,49633.0
1719338433.125573,0.0,49633.0
1719338433.3156927,0.0,49633.0
1719338433.4611545,0.0,49633.0
1719338433.6634452,0.0,49633.0
1719338433.8171573,0.0,49633.0
1719338433.979723,0.0,49633.0
1719338434.1367188,0.0,49633.0
1719338434.2763367,0.0,49633.0
1719338434.4154918,0.0,49633.0
1719338434.5543413,26.0,49633.0
1719338434.6954298,26.0,49633.0
1719338434.835849,100.0,49633.0
1719338434.9762573,99.0,49633.0
1719338435.1321642,99.0,49633.0
1719338435.3004677,100.0,49633.0
1719338435.4605672,100.0,49633.0
1719338435.6206095,100.0,49633.0
1719338435.802168,56.0,49633.0
1719338435.952577,0.0,49633.0
1719338436.1206064,0.0,49633.0
1719338436.2767174,0.0,49633.0
1719338436.4388971,0.0,49633.0
1719338436.604054,0.0,49633.0
1719338436.759021,0.0,49633.0
1719338436.9058566,0.0,49633.0
1719338437.1099644,0.0,49633.0
1719338437.3127806,0.0,49633.0
1719338437.5031111,0.0,49633.0
1719338437.6519763,0.0,49633.0
1719338437.8552675,0.0,49633.0
1719338438.016902,0.0,49633.0
1719338438.171132,0.0,49633.0
1719338438.3261726,0.0,49633.0
1719338438.464952,0.0,49633.0
1719338438.6065173,0.0,49633.0
1719338438.74502,39.0,49633.0
1719338438.8859591,39.0,49633.0
1719338439.0266075,100.0,49633.0
1719338439.166572,99.0,49633.0
1719338439.3440554,100.0,49633.0
1719338439.5094075,100.0,49633.0
1719338439.675843,100.0,49633.0
1719338439.8369255,100.0,49633.0
1719338440.0015006,46.0,49633.0
1719338440.1507795,0.0,49633.0
1719338440.3235936,0.0,49633.0
1719338440.4877064,0.0,49633.0
1719338440.65577,0.0,49633.0
1719338440.8255384,0.0,49633.0
1719338440.9855728,0.0,49633.0
1719338441.1339235,0.0,49633.0
1719338441.3399198,0.0,49633.0
1719338441.5113935,0.0,49633.0
1719338441.7130883,0.0,49633.0
1719338441.886343,0.0,49633.0
1719338442.0753045,0.0,49633.0
1719338442.2160282,0.0,49633.0
1719338442.389694,0.0,49633.0
1719338442.545588,0.0,49633.0
1719338442.6899307,0.0,49633.0
1719338442.8335571,0.0,49633.0
1719338442.9760761,67.0,49633.0
1719338443.121684,67.0,49633.0
1719338443.3166873,100.0,49633.0
1719338443.5082483,100.0,49633.0
1719338443.670166,100.0,49633.0
1719338443.8417091,100.0,49633.0
1719338444.0132291,100.0,49633.0
1719338444.1922734,9.0,49633.0
1719338444.346241,0.0,49633.0
1719338444.5116885,0.0,49633.0
1719338444.6786125,0.0,49633.0
1719338444.848423,0.0,49633.0
1719338445.0126004,0.0,49633.0
1719338445.189823,0.0,49633.0
1719338445.356767,0.0,49633.0
1719338445.5673654,0.0,49633.0
1719338445.7232754,0.0,49633.0
1719338445.926785,0.0,49633.0
1719338446.0976322,0.0,49633.0
1719338446.276096,0.0,49633.0
1719338446.4270446,0.0,49633.0
1719338446.5924199,0.0,49633.0
1719338446.7443168,0.0,49633.0
1719338446.8835647,0.0,49633.0
1719338447.0241594,0.0,49633.0
1719338447.1612992,0.0,49633.0
1719338447.2965667,75.0,49633.0
1719338447.4273815,75.0,49633.0
1719338447.5592396,99.0,49633.0
1719338447.6899965,99.0,49633.0
1719338447.8200357,100.0,49633.0
1719338447.949544,100.0,49633.0
1719338448.0818524,100.0,49633.0
1719338448.2130594,100.0,49633.0
1719338448.347032,2.0,49633.0
1719338448.5014882,2.0,49633.0
1719338448.635269,0.0,49633.0
1719338448.7689385,0.0,49633.0
1719338448.9031937,0.0,49633.0
1719338449.0345852,0.0,49633.0
1719338449.1650772,0.0,49633.0
1719338449.2976654,0.0,49633.0
1719338449.4354365,0.0,49633.0
1719338449.5654635,0.0,49633.0
1719338449.7032757,0.0,49633.0
1719338449.837691,0.0,49633.0
1719338449.9690306,0.0,49633.0
1719338450.099455,0.0,49633.0
1719338450.2286897,0.0,49633.0
1719338450.3592987,0.0,49633.0
1719338450.49009,0.0,49633.0
1719338450.6240692,0.0,49633.0
1719338450.7732522,0.0,49633.0
1719338450.9117436,0.0,49633.0
1719338451.0509274,0.0,49633.0
1719338451.1909025,0.0,49633.0
1719338451.3289766,0.0,49633.0
1719338451.4644635,0.0,49633.0
1719338451.59757,0.0,49633.0
1719338451.7301621,0.0,49633.0
1719338451.8650408,0.0,49633.0
1719338451.9974368,0.0,49633.0
1719338452.1286013,0.0,49633.0
1719338452.2614522,0.0,49633.0
1719338452.3932343,0.0,49633.0
1719338452.525029,0.0,49633.0
1719338452.6576295,0.0,49633.0
1719338452.793371,0.0,49633.0
1719338452.931296,0.0,49633.0
1719338453.0704439,0.0,49633.0
1719338453.209314,0.0,49633.0
1719338453.346228,0.0,49633.0
1719338453.4843054,0.0,49633.0
1719338453.621617,0.0,49633.0
1719338453.7623987,0.0,49633.0
1719338453.8970594,0.0,49633.0
1719338454.0295856,0.0,49633.0
1719338454.1628592,0.0,49633.0
1719338454.2978046,0.0,49633.0
1719338454.4341917,0.0,49633.0
1719338454.5709245,0.0,49633.0
1719338454.7070072,0.0,49633.0
1719338454.8429725,0.0,49633.0
1719338454.9784064,0.0,49633.0
1719338455.114866,0.0,49633.0
1719338455.2504997,0.0,49633.0
1719338455.3885403,0.0,49633.0
1719338455.5286257,0.0,49633.0
1719338455.6681864,0.0,49633.0
1719338455.807656,0.0,49633.0
1719338455.9473512,0.0,49633.0
1719338456.0838778,0.0,49633.0
1719338456.2190766,0.0,49633.0
1719338456.3536687,0.0,49633.0
1719338456.4906652,0.0,49633.0
1719338456.6270297,0.0,49633.0
1719338456.7659562,0.0,49633.0
1719338456.901716,0.0,49633.0
1719338457.0402277,0.0,49633.0
1719338457.1767929,0.0,49633.0
1719338457.315889,0.0,49633.0
1719338457.4528587,0.0,49633.0
1719338457.590258,0.0,49633.0
1719338457.726868,0.0,49633.0
1719338457.8637648,0.0,49633.0
1719338458.0029628,0.0,49633.0
1719338458.138781,0.0,49633.0
1719338458.2742639,0.0,49633.0
1719338458.410871,0.0,49633.0
1719338458.5432487,0.0,49633.0
1719338458.6759083,0.0,49633.0
1719338458.8158088,0.0,49633.0
1719338458.9526665,0.0,49633.0
1719338459.089449,0.0,49633.0
1719338459.2266037,0.0,49633.0
1719338459.361654,0.0,49633.0
1719338459.4993484,0.0,49633.0
1719338459.6349657,0.0,49633.0
1719338459.7713418,0.0,49633.0
1719338459.9076664,0.0,49633.0
1719338460.0424562,0.0,49633.0
1719338460.179966,0.0,49633.0
1719338460.318487,0.0,49633.0
1719338460.4586682,0.0,49633.0
1719338460.597588,0.0,49633.0
1719338460.7342637,0.0,49633.0
1719338460.872446,0.0,49633.0
1719338461.0089157,0.0,49633.0
1719338461.148569,0.0,49633.0
1719338461.2862055,0.0,49633.0
1719338461.4232664,0.0,49633.0
1719338461.5595846,0.0,49633.0
1719338461.6941462,0.0,49633.0
1719338461.83227,0.0,49633.0
1719338461.9711618,0.0,49633.0
1719338462.107744,0.0,49633.0
1719338462.242631,0.0,49633.0
1719338462.3770258,0.0,49633.0
1719338462.514354,0.0,49633.0
1719338462.6498804,0.0,49633.0
1719338462.7840064,0.0,49633.0
1719338462.9198618,0.0,49633.0
1719338463.055196,0.0,49633.0
1719338463.1942317,0.0,49633.0
1719338463.3340344,0.0,49633.0
1719338463.4711816,0.0,49633.0
1719338463.6104438,0.0,49633.0
1719338463.7468734,0.0,49633.0
1719338463.8840334,0.0,49633.0
1719338464.0230017,0.0,49633.0
1719338464.1606202,0.0,49633.0
1719338464.2955391,0.0,49633.0
1719338464.4281662,0.0,49633.0
1719338464.5619931,0.0,49633.0
1719338464.6938672,0.0,49633.0
1719338464.8262196,0.0,49633.0
1719338464.9573927,0.0,49633.0
1719338465.0894067,0.0,49633.0
1719338465.2213686,0.0,49633.0
1719338465.3526413,0.0,49633.0
1719338465.4852786,0.0,49633.0
1719338465.6165168,0.0,49633.0
1719338465.7482603,0.0,49633.0
1719338465.87924,0.0,49633.0
1719338466.0116117,0.0,49633.0
1719338466.143156,0.0,49633.0
1719338466.2775626,0.0,49633.0
1719338466.4095304,0.0,49633.0
1719338466.5449226,0.0,49633.0
1719338466.6829028,0.0,49633.0
1719338466.822498,0.0,49633.0
1719338466.9605846,0.0,49633.0
1719338467.095901,0.0,49633.0
1719338467.2303727,0.0,49633.0
1719338467.3642073,0.0,49633.0
1719338467.4966416,0.0,49633.0
1719338467.6372159,0.0,49633.0
1719338467.7724864,0.0,49633.0
1719338467.9063795,0.0,49633.0
1719338468.043737,0.0,49633.0
1719338468.1780186,0.0,49633.0
1719338468.3141766,0.0,49633.0
1719338468.4542248,0.0,49633.0
1719338468.5934048,0.0,49633.0
1719338468.731484,0.0,49633.0
1719338468.8745446,0.0,49633.0
1719338469.0115871,0.0,49633.0
1719338469.150152,0.0,49633.0
1719338469.2877004,0.0,49633.0
1719338469.4261208,0.0,49633.0
1719338469.5653021,0.0,49633.0
1719338469.702617,0.0,49633.0
1719338469.8399112,0.0,49633.0
1719338469.9773552,0.0,49633.0
1719338470.1120439,0.0,49633.0
1719338470.2472162,0.0,49633.0
1719338470.3838844,0.0,49633.0
1719338470.5182014,0.0,49633.0
1719338470.6529977,0.0,49633.0
1719338470.792407,0.0,49633.0
1719338470.9306066,0.0,49633.0
1719338471.0678105,0.0,49633.0
1719338471.2058012,0.0,49633.0
1719338471.3440568,0.0,49633.0
1719338471.4824033,0.0,49633.0
1719338471.6205964,0.0,49633.0
1719338471.7595193,0.0,49633.0
1719338471.8977368,0.0,49633.0
1719338472.033132,0.0,49633.0
1719338472.1676366,0.0,49633.0
1719338472.3012087,0.0,49633.0
1719338472.4345732,0.0,49633.0
1719338472.5664413,0.0,49633.0
1719338472.6991608,0.0,49633.0
1719338472.8305278,0.0,49633.0
1719338472.964181,0.0,49633.0
1719338473.0952222,0.0,49633.0
1719338473.2283173,0.0,49633.0
1719338473.3595023,0.0,49633.0
1719338473.4907067,0.0,49633.0
1719338473.622674,0.0,49633.0
1719338473.7537384,0.0,49633.0
1719338473.8861382,0.0,49633.0
1719338474.01881,0.0,49633.0
1719338474.1514635,0.0,49633.0
1719338474.2869086,0.0,49633.0
1719338474.4501693,0.0,49633.0
1719338474.6136167,0.0,49633.0
1719338474.7929273,0.0,49633.0
1719338474.9523392,0.0,49633.0
1719338475.1289506,0.0,49633.0
1719338475.2762825,0.0,49633.0
1719338475.4470444,0.0,49633.0
1719338475.6130009,0.0,49633.0
1719338475.7823944,0.0,49633.0
1719338475.9404006,0.0,49633.0
1719338476.0996733,0.0,49633.0
1719338476.2488291,0.0,49633.0
1719338476.4538884,0.0,49633.0
1719338476.659234,0.0,49633.0
1719338476.8603199,0.0,49633.0
1719338477.0174103,0.0,49633.0
1719338477.2278845,0.0,49633.0
1719338477.370949,0.0,49633.0
1719338477.542412,0.0,49633.0
1719338477.7058535,0.0,49633.0
1719338477.844369,0.0,49633.0
1719338477.984698,0.0,49633.0
1719338478.1221182,0.0,49633.0
1719338478.2616115,68.0,49633.0
1719338478.3997917,100.0,49633.0
1719338478.5383277,98.0,49633.0
1719338478.7035332,100.0,49633.0
1719338478.868806,100.0,49633.0
1719338479.0833442,100.0,49633.0
1719338479.2588294,100.0,49633.0
1719338479.4353554,9.0,49633.0
1719338479.5922618,0.0,49633.0
1719338479.7490819,0.0,49633.0
1719338479.9021127,0.0,49633.0
1719338480.06417,0.0,49633.0
1719338480.2376122,0.0,49633.0
1719338480.3926625,0.0,49633.0
1719338480.5940282,0.0,49633.0
1719338480.7979782,0.0,49633.0
1719338481.001213,0.0,49633.0
1719338481.1632953,0.0,49633.0
1719338481.3802202,0.0,49633.0
1719338481.5469973,0.0,49633.0
1719338481.7021701,0.0,49633.0
1719338481.8591857,0.0,49633.0
1719338481.9984157,0.0,49633.0
1719338482.1382623,0.0,49633.0
1719338482.2846818,0.0,49633.0
1719338482.4260485,96.0,49633.0
1719338482.5669463,96.0,49633.0
1719338482.7058399,99.0,49633.0
1719338482.8633282,99.0,49633.0
1719338483.0387795,100.0,49633.0
1719338483.2032967,100.0,49633.0
1719338483.376335,83.0,49633.0
1719338483.5392628,83.0,49633.0
1719338483.7114916,0.0,49633.0
1719338483.8564305,0.0,49633.0
1719338484.0187495,0.0,49633.0
1719338484.188485,0.0,49633.0
1719338484.3489416,0.0,49633.0
1719338484.5124292,0.0,49633.0
1719338484.7154522,0.0,49633.0
1719338484.909781,0.0,49633.0
1719338485.1171565,0.0,49633.0
1719338485.2858887,0.0,49633.0
1719338485.474588,0.0,49633.0
1719338485.6510694,0.0,49633.0
1719338485.8008668,0.0,49633.0
1719338485.971026,0.0,49633.0
1719338486.1260657,0.0,49633.0
1719338486.2683718,0.0,49633.0
1719338486.4076881,0.0,49633.0
1719338486.5458233,0.0,49633.0
1719338486.6871724,93.0,49633.0
1719338486.8258152,100.0,49633.0
1719338487.0116148,99.0,49633.0
1719338487.176622,100.0,49633.0
1719338487.3442626,100.0,49633.0
1719338487.50176,100.0,49633.0
1719338487.6739204,85.0,49633.0
1719338487.8239923,0.0,49633.0
1719338487.9807165,0.0,49633.0
1719338488.1281154,0.0,49633.0
1719338488.2827873,0.0,49633.0
1719338488.4350529,0.0,49633.0
1719338488.6225998,0.0,49633.0
1719338488.7909882,0.0,49633.0
1719338488.9920707,0.0,49633.0
1719338489.1918063,0.0,49633.0
1719338489.3931782,0.0,49633.0
1719338489.559759,0.0,49633.0
1719338489.7479165,0.0,49633.0
1719338489.9158988,0.0,49633.0
1719338490.0954728,0.0,49633.0
1719338490.2641947,0.0,49633.0
1719338490.4049575,0.0,49633.0
1719338490.5447564,0.0,49633.0
1719338490.685765,32.0,49633.0
1719338490.8278959,32.0,49633.0
1719338490.969758,100.0,49633.0
1719338491.114008,99.0,49633.0
1719338491.2847035,100.0,49633.0
1719338491.4375892,100.0,49633.0
1719338491.609275,100.0,49633.0
1719338491.7665167,52.0,49633.0
1719338491.9373617,52.0,49633.0
1719338492.0813951,0.0,49633.0
1719338492.2405286,0.0,49633.0
1719338492.390653,0.0,49633.0
1719338492.5442553,0.0,49633.0
1719338492.7200801,0.0,49633.0
1719338492.8729262,0.0,49633.0
1719338493.0245273,0.0,49633.0
1719338493.2394106,0.0,49633.0
1719338493.4361768,0.0,49633.0
1719338493.6396224,0.0,49633.0
1719338493.7982607,0.0,49633.0
1719338494.0063033,0.0,49633.0
1719338494.161521,0.0,49633.0
1719338494.3181732,0.0,49633.0
1719338494.4816186,0.0,49633.0
1719338494.6222422,0.0,49633.0
1719338494.7627158,0.0,49633.0
1719338494.9003856,46.0,49633.0
1719338495.0413468,46.0,49633.0
1719338495.1792572,100.0,49633.0
1719338495.3680885,100.0,49633.0
1719338495.550998,100.0,49633.0
1719338495.7261088,100.0,49633.0
1719338495.8980124,100.0,49633.0
1719338496.0563247,32.0,49633.0
1719338496.2084546,32.0,49633.0
1719338496.3923955,0.0,49633.0
1719338496.5429294,0.0,49633.0
1719338496.714884,0.0,49633.0
1719338496.8809078,0.0,49633.0
1719338497.0400708,0.0,49633.0
1719338497.1832273,0.0,49633.0
1719338497.3866594,0.0,49633.0
1719338497.5778036,0.0,49633.0
1719338497.7703903,0.0,49633.0
1719338497.9186487,0.0,49633.0
1719338498.11094,0.0,49633.0
1719338498.2584739,0.0,49633.0
1719338498.4153318,0.0,49633.0
1719338498.5881023,0.0,49633.0
1719338498.729052,0.0,49633.0
1719338498.8688889,0.0,49633.0
1719338499.0103445,0.0,49633.0
1719338499.1519084,73.0,49633.0
1719338499.292968,100.0,49633.0
1719338499.4372108,95.0,49633.0
1719338499.6019285,95.0,49633.0
1719338499.75541,100.0,49633.0
1719338499.9154267,100.0,49633.0
1719338500.0763044,100.0,49633.0
1719338500.2487621,100.0,49633.0
1719338500.4170234,0.0,49633.0
1719338500.5786836,0.0,49633.0
1719338500.7428727,0.0,49633.0
1719338500.9057646,0.0,49633.0
1719338501.0578916,0.0,49633.0
1719338501.2305157,0.0,49633.0
1719338501.3751376,0.0,49633.0
1719338501.5793047,0.0,49633.0
1719338501.7510808,0.0,49633.0
1719338501.9428253,0.0,49633.0
1719338502.0974605,0.0,49633.0
1719338502.2973473,0.0,49633.0
1719338502.4396822,0.0,49633.0
1719338502.6049187,0.0,49633.0
1719338502.759251,0.0,49633.0
1719338502.8998299,0.0,49633.0
1719338503.0395892,0.0,49633.0
1719338503.1783962,15.0,49633.0
1719338503.3186753,100.0,49633.0
1719338503.457679,100.0,49633.0
1719338503.6481009,100.0,49633.0
1719338503.8296146,100.0,49633.0
1719338503.9936259,100.0,49633.0
1719338504.1726918,100.0,49633.0
1719338504.3481894,67.0,49633.0
1719338504.4999304,67.0,49633.0
1719338504.6526077,0.0,49633.0
1719338504.796277,0.0,49633.0
1719338504.946907,0.0,49633.0
1719338505.111393,0.0,49633.0
1719338505.2700694,0.0,49633.0
1719338505.428613,0.0,49633.0
1719338505.6308768,0.0,49633.0
1719338505.8347971,0.0,49633.0
1719338506.0390651,0.0,49633.0
1719338506.1947618,0.0,49633.0
1719338506.386578,0.0,49633.0
1719338506.551517,0.0,49633.0
1719338506.711598,0.0,49633.0
1719338506.8683677,0.0,49633.0
1719338507.0077763,0.0,49633.0
1719338507.1477396,0.0,49633.0
1719338507.2890232,55.0,49633.0
1719338507.43021,55.0,49633.0
1719338507.5706298,100.0,49633.0
1719338507.712581,96.0,49633.0
1719338507.8654242,100.0,49633.0
1719338508.03945,100.0,49633.0
1719338508.2272806,100.0,49633.0
1719338508.3853574,100.0,49633.0
1719338508.5558279,23.0,49633.0
1719338508.716462,0.0,49633.0
1719338508.9028368,0.0,49633.0
1719338509.0514941,0.0,49633.0
1719338509.2023191,0.0,49633.0
1719338509.3647964,0.0,49633.0
1719338509.5202315,0.0,49633.0
1719338509.666695,0.0,49633.0
1719338509.8767273,0.0,49633.0
1719338510.0777347,0.0,49633.0
1719338510.2673635,0.0,49633.0
1719338510.4121654,0.0,49633.0
1719338510.6165102,0.0,49633.0
1719338510.7701797,0.0,49633.0
1719338510.9424486,0.0,49633.0
1719338511.1211395,0.0,49633.0
1719338511.2598875,0.0,49633.0
1719338511.3997223,0.0,49633.0
1719338511.5378554,68.0,49633.0
1719338511.67939,68.0,49633.0
1719338511.8215988,100.0,49633.0
1719338511.983779,99.0,49633.0
1719338512.141952,100.0,49633.0
1719338512.3193653,100.0,49633.0
1719338512.473874,100.0,49633.0
1719338512.6379192,100.0,49633.0
1719338512.8363702,8.0,49633.0
1719338513.0090644,0.0,49633.0
1719338513.157623,0.0,49633.0
1719338513.3123448,0.0,49633.0
1719338513.4817173,0.0,49633.0
1719338513.6406252,0.0,49633.0
1719338513.7998955,0.0,49633.0
1719338514.0076225,0.0,49633.0
1719338514.2116277,0.0,49633.0
1719338514.4294055,0.0,49633.0
1719338514.5908742,0.0,49633.0
1719338514.7895126,0.0,49633.0
1719338514.9384956,0.0,49633.0
1719338515.1052437,0.0,49633.0
1719338515.2670636,0.0,49633.0
1719338515.411104,0.0,49633.0
1719338515.550948,0.0,49633.0
1719338515.689393,3.0,49633.0
1719338515.8233109,100.0,49633.0
1719338515.9562628,100.0,49633.0
1719338516.1027062,100.0,49633.0
1719338516.2336917,99.0,49633.0
1719338516.364273,100.0,49633.0
1719338516.4929702,100.0,49633.0
1719338516.6221447,100.0,49633.0
1719338516.7522943,100.0,49633.0
1719338516.9058821,77.0,49633.0
1719338517.0392878,0.0,49633.0
1719338517.1718466,0.0,49633.0
1719338517.3083816,0.0,49633.0
1719338517.4429114,0.0,49633.0
1719338517.5748734,0.0,49633.0
1719338517.7141607,0.0,49633.0
1719338517.8532753,0.0,49633.0
1719338517.9869523,0.0,49633.0
1719338518.1185327,0.0,49633.0
1719338518.2502322,0.0,49633.0
1719338518.3815162,0.0,49633.0
1719338518.5143216,0.0,49633.0
1719338518.6820714,0.0,49633.0
1719338518.8224738,0.0,49633.0
1719338518.963629,0.0,49633.0
1719338519.101686,0.0,49633.0
1719338519.2383404,0.0,49633.0
1719338519.3778741,0.0,49633.0
1719338519.5097275,0.0,49633.0
1719338519.6462579,0.0,49633.0
1719338519.7802153,0.0,49633.0
1719338519.9103155,0.0,49633.0
1719338520.0399258,0.0,49633.0
1719338520.1714776,0.0,49633.0
1719338520.3041644,0.0,49633.0
1719338520.4356225,0.0,49633.0
1719338520.5718226,0.0,49633.0
1719338520.7092679,0.0,49633.0
1719338520.8480883,0.0,49633.0
1719338520.9851556,0.0,49633.0
1719338521.1241906,0.0,49633.0
1719338521.2590792,0.0,49633.0
1719338521.398848,0.0,49633.0
1719338521.5345697,0.0,49633.0
1719338521.6689541,0.0,49633.0
1719338521.8020685,0.0,49633.0
1719338521.9376311,0.0,49633.0
1719338522.0748117,0.0,49633.0
1719338522.2101176,0.0,49633.0
1719338522.3479204,0.0,49633.0
1719338522.4835663,0.0,49633.0
1719338522.6228874,0.0,49633.0
1719338522.75943,0.0,49633.0
1719338522.8953807,0.0,49633.0
1719338523.030001,0.0,49633.0
1719338523.1695695,0.0,49633.0
1719338523.3091335,0.0,49633.0
1719338523.4477768,0.0,49633.0
1719338523.5861657,0.0,49633.0
1719338523.724302,0.0,49633.0
1719338523.8619816,0.0,49633.0
1719338523.9968467,0.0,49633.0
1719338524.130081,0.0,49633.0
1719338524.2683935,0.0,49633.0
1719338524.4039848,0.0,49633.0
1719338524.541576,0.0,49633.0
1719338524.6801484,0.0,49633.0
1719338524.8153274,0.0,49633.0
1719338524.9535942,0.0,49633.0
1719338525.0904717,0.0,49633.0
1719338525.227476,0.0,49633.0
1719338525.364481,0.0,49633.0
1719338525.5009296,0.0,49633.0
1719338525.636059,0.0,49633.0
1719338525.7736192,0.0,49633.0
1719338525.912201,0.0,49633.0
1719338526.0484552,0.0,49633.0
1719338526.1829693,0.0,49633.0
1719338526.3205626,0.0,49633.0
1719338526.4538047,0.0,49633.0
1719338526.587968,0.0,49633.0
1719338526.7213254,0.0,49633.0
1719338526.8555567,0.0,49633.0
1719338526.987594,0.0,49633.0
1719338527.1256769,0.0,49633.0
1719338527.2621038,0.0,49633.0
1719338527.3999555,0.0,49633.0
1719338527.5372698,0.0,49633.0
1719338527.6732845,0.0,49633.0
1719338527.8092382,0.0,49633.0
1719338527.9443784,0.0,49633.0
1719338528.0773492,0.0,49633.0
1719338528.2124383,0.0,49633.0
1719338528.3474832,0.0,49633.0
1719338528.485321,0.0,49633.0
1719338528.625158,0.0,49633.0
1719338528.763083,0.0,49633.0
1719338528.8993862,0.0,49633.0
1719338529.0361178,0.0,49633.0
1719338529.17459,0.0,49633.0
1719338529.314804,0.0,49633.0
1719338529.45266,0.0,49633.0
1719338529.5900688,0.0,49633.0
1719338529.7283378,0.0,49633.0
1719338529.8633685,0.0,49633.0
1719338529.9984927,0.0,49633.0
1719338530.134621,0.0,49633.0
1719338530.2683058,0.0,49633.0
1719338530.402925,0.0,49633.0
1719338530.5401344,0.0,49633.0
1719338530.674124,0.0,49633.0
1719338530.8091433,0.0,49633.0
1719338530.9468746,0.0,49633.0
1719338531.0853457,0.0,49633.0
1719338531.2239258,0.0,49633.0
1719338531.362246,0.0,49633.0
1719338531.4979234,0.0,49633.0
1719338531.6357093,0.0,49633.0
1719338531.7751174,0.0,49633.0
1719338531.9129007,0.0,49633.0
1719338532.0487094,0.0,49633.0
1719338532.1852202,0.0,49633.0
1719338532.3204432,0.0,49633.0
1719338532.4519308,0.0,49633.0
1719338532.5830195,0.0,49633.0
1719338532.714741,0.0,49633.0
1719338532.845846,0.0,49633.0
1719338532.977758,0.0,49633.0
1719338533.1087604,0.0,49633.0
1719338533.239558,0.0,49633.0
1719338533.37231,0.0,49633.0
1719338533.503208,0.0,49633.0
1719338533.6348484,0.0,49633.0
1719338533.765724,0.0,49633.0
1719338533.8966062,0.0,49633.0
1719338534.0294049,0.0,49633.0
1719338534.16117,0.0,49633.0
1719338534.2955477,0.0,49633.0
1719338534.428951,0.0,49633.0
1719338534.5646768,0.0,49633.0
1719338534.6986399,0.0,49633.0
1719338534.830328,0.0,49633.0
1719338534.963489,0.0,49633.0
1719338535.1009295,0.0,49633.0
1719338535.2397447,0.0,49633.0
1719338535.378224,0.0,49633.0
1719338535.5130076,0.0,49633.0
1719338535.6500695,0.0,49633.0
1719338535.7857413,0.0,49633.0
1719338535.9189987,0.0,49633.0
1719338536.0560725,0.0,49633.0
1719338536.1917815,0.0,49633.0
1719338536.327463,0.0,49633.0
1719338536.466237,0.0,49633.0
1719338536.603043,0.0,49633.0
1719338536.73922,0.0,49633.0
1719338536.8755615,0.0,49633.0
1719338537.0129128,0.0,49633.0
1719338537.1515086,0.0,49633.0
1719338537.2925775,0.0,49633.0
1719338537.4293892,0.0,49633.0
1719338537.5671704,0.0,49633.0
1719338537.7035859,0.0,49633.0
1719338537.8388472,0.0,49633.0
1719338537.9733188,0.0,49633.0
1719338538.1095932,0.0,49633.0
1719338538.2442565,0.0,49633.0
1719338538.379561,0.0,49633.0
1719338538.517021,0.0,49633.0
1719338538.6510599,0.0,49633.0
1719338538.7854006,0.0,49633.0
1719338538.9241288,0.0,49633.0
1719338539.0617056,0.0,49633.0
1719338539.1999054,0.0,49633.0
1719338539.3393154,0.0,49633.0
1719338539.475734,0.0,49633.0
1719338539.6139073,0.0,49633.0
1719338539.7528965,0.0,49633.0
1719338539.8917608,0.0,49633.0
1719338540.0287304,0.0,49633.0
1719338540.1636887,0.0,49633.0
1719338540.296857,0.0,49633.0
1719338540.4286795,0.0,49633.0
1719338540.5606947,0.0,49633.0
1719338540.693166,0.0,49633.0
1719338540.8244865,0.0,49633.0
1719338540.9566476,0.0,49633.0
1719338541.0876195,0.0,49633.0
1719338541.21875,0.0,49633.0
1719338541.3513637,0.0,49633.0
1719338541.482055,0.0,49633.0
1719338541.6147974,0.0,49633.0
1719338541.745434,0.0,49633.0
1719338541.87735,0.0,49633.0
1719338542.010152,0.0,49633.0
1719338542.1689954,0.0,49633.0
1719338542.3374317,0.0,49633.0
1719338542.5023158,0.0,49633.0
1719338542.6616282,0.0,49633.0
1719338542.821861,0.0,49633.0
1719338542.993067,0.0,49633.0
1719338543.1578968,0.0,49633.0
1719338543.3057303,0.0,49633.0
1719338543.4545004,0.0,49633.0
1719338543.611011,0.0,49633.0
1719338543.831957,0.0,49633.0
1719338544.0368025,0.0,49633.0
1719338544.1909752,0.0,49633.0
1719338544.4014046,0.0,49633.0
1719338544.6106799,0.0,49633.0
1719338544.8035922,0.0,49633.0
1719338544.9684231,0.0,49633.0
1719338545.1322215,0.0,49633.0
1719338545.3107362,0.0,49633.0
1719338545.4497185,0.0,49633.0
1719338545.5899441,0.0,49633.0
1719338545.7273695,16.0,49633.0
1719338545.8651154,16.0,49633.0
1719338546.0058434,100.0,49633.0
1719338546.1431417,99.0,49633.0
1719338546.3163466,100.0,49633.0
1719338546.484035,100.0,49633.0
1719338546.6440637,100.0,49633.0
1719338546.8248847,100.0,49633.0
1719338546.9967985,67.0,49633.0
1719338547.1737494,0.0,49633.0
1719338547.3246913,0.0,49633.0
1719338547.4646554,0.0,49633.0
1719338547.6118498,0.0,49633.0
1719338547.7768235,0.0,49633.0
1719338547.9439456,0.0,49633.0
1719338548.0932264,0.0,49633.0
1719338548.2750149,0.0,49633.0
1719338548.4657018,0.0,49633.0
1719338548.6688235,0.0,49633.0
1719338548.8572004,0.0,49633.0
1719338549.0586302,0.0,49633.0
1719338549.2218442,0.0,49633.0
1719338549.3912103,0.0,49633.0
1719338549.5526955,0.0,49633.0
1719338549.6920583,0.0,49633.0
1719338549.8321939,0.0,49633.0
1719338549.9728444,28.0,49633.0
1719338550.1122181,100.0,49633.0
1719338550.2514071,100.0,49633.0
1719338550.3923945,99.0,49633.0
1719338550.5683274,100.0,49633.0
1719338550.743363,100.0,49633.0
1719338550.9064972,100.0,49633.0
1719338551.0749414,55.0,49633.0
1719338551.2300677,55.0,49633.0
1719338551.379386,0.0,49633.0
1719338551.5370898,0.0,49633.0
1719338551.6872354,0.0,49633.0
1719338551.8434236,0.0,49633.0
1719338552.0115721,0.0,49633.0
1719338552.1646342,0.0,49633.0
1719338552.3130822,0.0,49633.0
1719338552.5355613,0.0,49633.0
1719338552.7265558,0.0,49633.0
1719338552.9186637,0.0,49633.0
1719338553.1130447,0.0,49633.0
1719338553.3045573,0.0,49633.0
1719338553.482145,0.0,49633.0
1719338553.655458,0.0,49633.0
1719338553.8283005,0.0,49633.0
1719338553.9682376,0.0,49633.0
1719338554.107974,0.0,49633.0
1719338554.2531853,9.0,49633.0
1719338554.3964396,100.0,49633.0
1719338554.5355997,100.0,49633.0
1719338554.7037187,99.0,49633.0
1719338554.8672898,99.0,49633.0
1719338555.0413423,100.0,49633.0
1719338555.2039697,100.0,49633.0
1719338555.3637474,73.0,49633.0
1719338555.5345688,0.0,49633.0
1719338555.6791763,0.0,49633.0
1719338555.8634522,0.0,49633.0
1719338556.029437,0.0,49633.0
1719338556.1926408,0.0,49633.0
1719338556.353421,0.0,49633.0
1719338556.5184262,0.0,49633.0
1719338556.6957142,0.0,49633.0
1719338556.9018161,0.0,49633.0
1719338557.0729694,0.0,49633.0
1719338557.2782884,0.0,49633.0
1719338557.4542542,0.0,49633.0
1719338557.6013134,0.0,49633.0
1719338557.7628403,0.0,49633.0
1719338557.9268389,0.0,49633.0
1719338558.0881968,0.0,49633.0
1719338558.2279215,0.0,49633.0
1719338558.3685558,0.0,49633.0
1719338558.5054164,11.0,49633.0
1719338558.6455462,100.0,49633.0
1719338558.7844875,99.0,49633.0
1719338558.9663963,100.0,49633.0
1719338559.1348374,100.0,49633.0
1719338559.2900217,100.0,49633.0
1719338559.4580274,100.0,49633.0
1719338559.6255958,70.0,49633.0
1719338559.791325,0.0,49633.0
1719338559.9698272,0.0,49633.0
1719338560.1165912,0.0,49633.0
1719338560.2623985,0.0,49633.0
1719338560.442166,0.0,49633.0
1719338560.6041985,0.0,49633.0
1719338560.7654862,0.0,49633.0
1719338560.9706595,0.0,49633.0
1719338561.1819665,0.0,49633.0
1719338561.3900785,0.0,49633.0
1719338561.5541494,0.0,49633.0
1719338561.7497003,0.0,49633.0
1719338561.9316163,0.0,49633.0
1719338562.1002767,0.0,49633.0
1719338562.266385,0.0,49633.0
1719338562.4077318,0.0,49633.0
1719338562.5474217,0.0,49633.0
1719338562.6866827,21.0,49633.0
1719338562.8264766,100.0,49633.0
1719338562.9649541,100.0,49633.0
1719338563.1549313,100.0,49633.0
1719338563.3339698,100.0,49633.0
1719338563.4988408,100.0,49633.0
1719338563.6524897,100.0,49633.0
1719338563.8100932,62.0,49633.0
1719338563.988036,0.0,49633.0
1719338564.1333902,0.0,49633.0
1719338564.3027508,0.0,49633.0
1719338564.4588647,0.0,49633.0
1719338564.6338682,0.0,49633.0
1719338564.815726,0.0,49633.0
1719338564.9853404,0.0,49633.0
1719338565.1904252,0.0,49633.0
1719338565.394585,0.0,49633.0
1719338565.577822,0.0,49633.0
1719338565.7783623,0.0,49633.0
1719338565.9747524,0.0,49633.0
1719338566.159662,0.0,49633.0
1719338566.327811,0.0,49633.0
1719338566.4920506,0.0,49633.0
1719338566.6341453,0.0,49633.0
1719338566.773166,0.0,49633.0
1719338566.9104025,18.0,49633.0
1719338567.0520663,100.0,49633.0
1719338567.1933641,100.0,49633.0
1719338567.3718755,100.0,49633.0
1719338567.559979,100.0,49633.0
1719338567.737981,100.0,49633.0
1719338567.9098074,100.0,49633.0
1719338568.0958853,65.0,49633.0
1719338568.245458,0.0,49633.0
1719338568.4209702,0.0,49633.0
1719338568.574039,0.0,49633.0
1719338568.7276173,0.0,49633.0
1719338568.914982,0.0,49633.0
1719338569.1171641,0.0,49633.0
1719338569.3263118,0.0,49633.0
1719338569.5351243,0.0,49633.0
1719338569.6948996,0.0,49633.0
1719338569.8473783,0.0,49633.0
1719338570.051833,0.0,49633.0
1719338570.229959,0.0,49633.0
1719338570.4111829,0.0,49633.0
1719338570.576807,0.0,49633.0
1719338570.7161438,0.0,49633.0
1719338570.8564487,0.0,49633.0
1719338570.9933648,0.0,49633.0
1719338571.1352904,86.0,49633.0
1719338571.2751813,86.0,49633.0
1719338571.418786,99.0,49633.0
1719338571.5731604,99.0,49633.0
1719338571.733632,100.0,49633.0
1719338571.9088087,100.0,49633.0
1719338572.0827422,93.0,49633.0
1719338572.2653275,0.0,49633.0
1719338572.412593,0.0,49633.0
1719338572.56157,0.0,49633.0
1719338572.7008379,0.0,49633.0
1719338572.852188,0.0,49633.0
1719338573.021056,0.0,49633.0
1719338573.184223,0.0,49633.0
1719338573.334169,0.0,49633.0
1719338573.5374167,0.0,49633.0
1719338573.7427108,0.0,49633.0
1719338573.9452825,0.0,49633.0
1719338574.1018589,0.0,49633.0
1719338574.303879,0.0,49633.0
1719338574.453787,0.0,49633.0
1719338574.6257575,0.0,49633.0
1719338574.783552,0.0,49633.0
1719338574.9228435,0.0,49633.0
1719338575.0627196,0.0,49633.0
1719338575.2097626,0.0,49633.0
1719338575.3555553,83.0,49633.0
1719338575.4962661,83.0,49633.0
1719338575.6389797,99.0,49633.0
1719338575.8030221,99.0,49633.0
1719338575.9842813,100.0,49633.0
1719338576.1481936,100.0,49633.0
1719338576.315658,95.0,49633.0
1719338576.5029268,0.0,49633.0
1719338576.658945,0.0,49633.0
1719338576.813856,0.0,49633.0
1719338576.9802961,0.0,49633.0
1719338577.1538544,0.0,49633.0
1719338577.3098323,0.0,49633.0
1719338577.4936566,0.0,49633.0
1719338577.6988504,0.0,49633.0
1719338577.9019034,0.0,49633.0
1719338578.1220307,0.0,49633.0
1719338578.2739868,0.0,49633.0
1719338578.4744296,0.0,49633.0
1719338578.6359432,0.0,49633.0
1719338578.7775662,0.0,49633.0
1719338578.9470167,0.0,49633.0
1719338579.1145625,0.0,49633.0
1719338579.2571864,0.0,49633.0
1719338579.3960905,0.0,49633.0
1719338579.5358443,47.0,49633.0
1719338579.677415,47.0,49633.0
1719338579.841544,100.0,49633.0
1719338580.0002809,99.0,49633.0
1719338580.1819708,100.0,49633.0
1719338580.3492362,100.0,49633.0
1719338580.5201755,100.0,49633.0
1719338580.6773672,30.0,49633.0
1719338580.8433938,30.0,49633.0
1719338580.9979486,0.0,49633.0
1719338581.169108,0.0,49633.0
1719338581.3315752,0.0,49633.0
1719338581.510171,0.0,49633.0
1719338581.6832862,0.0,49633.0
1719338581.841999,0.0,49633.0
1719338582.0172272,0.0,49633.0
1719338582.217979,0.0,49633.0
1719338582.3735976,0.0,49633.0
1719338582.5736656,0.0,49633.0
1719338582.7508385,0.0,49633.0
1719338582.9409373,0.0,49633.0
1719338583.1003256,0.0,49633.0
1719338583.2586422,0.0,49633.0
1719338583.409346,0.0,49633.0
1719338583.549612,0.0,49633.0
1719338583.689003,0.0,49633.0
1719338583.8257568,20.0,49633.0
1719338583.9611006,100.0,49633.0
1719338584.092529,100.0,49633.0
1719338584.2596767,99.0,49633.0
1719338584.3933408,100.0,49633.0
1719338584.5256302,100.0,49633.0
1719338584.65518,100.0,49633.0
1719338584.7869241,100.0,49633.0
1719338584.9191911,63.0,49633.0
1719338585.0530698,63.0,49633.0
1719338585.1885245,0.0,49633.0
1719338585.3238947,0.0,49633.0
1719338585.4583898,0.0,49633.0
1719338585.5927217,0.0,49633.0
1719338585.7258348,0.0,49633.0
1719338585.8561473,0.0,49633.0
1719338585.9857702,0.0,49633.0
1719338586.1222959,0.0,49633.0
1719338586.259546,0.0,49633.0
1719338586.3943257,0.0,49633.0
1719338586.5267966,0.0,49633.0
1719338586.6565967,0.0,49633.0
1719338586.7856135,0.0,49633.0
1719338586.9169035,0.0,49633.0
1719338587.0471046,0.0,49633.0
1719338587.1770515,0.0,49633.0
1719338587.3120563,0.0,49633.0
1719338587.4637406,0.0,49633.0
1719338587.604365,0.0,49633.0
1719338587.7496498,0.0,49633.0
1719338587.8982375,0.0,49633.0
1719338588.0372424,0.0,49633.0
1719338588.1749332,0.0,49633.0
1719338588.3119097,0.0,49633.0
1719338588.451302,0.0,49633.0
1719338588.5839884,0.0,49633.0
1719338588.7159166,0.0,49633.0
1719338588.8461716,0.0,49633.0
1719338588.976309,0.0,49633.0
1719338589.1091359,0.0,49633.0
1719338589.2394753,0.0,49633.0
1719338589.3761666,0.0,49633.0
1719338589.511793,0.0,49633.0
1719338589.6511452,0.0,49633.0
1719338589.789498,0.0,49633.0
1719338589.926433,0.0,49633.0
1719338590.0594711,0.0,49633.0
1719338590.1981795,0.0,49633.0
1719338590.335961,0.0,49633.0
1719338590.4697955,0.0,49633.0
1719338590.6031268,0.0,49633.0
1719338590.7351239,0.0,49633.0
1719338590.8721864,0.0,49633.0
1719338591.007728,0.0,49633.0
1719338591.1418881,0.0,49633.0
1719338591.2799263,0.0,49633.0
1719338591.4180853,0.0,49633.0
1719338591.5539277,0.0,49633.0
1719338591.6907878,0.0,49633.0
1719338591.8278735,0.0,49633.0
1719338591.966569,0.0,49633.0
1719338592.1058004,0.0,49633.0
1719338592.2450557,0.0,49633.0
1719338592.3859262,0.0,49633.0
1719338592.5246432,0.0,49633.0
1719338592.6605592,0.0,49633.0
1719338592.7977946,0.0,49633.0
1719338592.9338253,0.0,49633.0
1719338593.0668952,0.0,49633.0
1719338593.2016234,0.0,49633.0
1719338593.3363914,0.0,49633.0
1719338593.4728281,0.0,49633.0
1719338593.6116502,0.0,49633.0
1719338593.7469575,0.0,49633.0
1719338593.8860843,0.0,49633.0
1719338594.0230618,0.0,49633.0
1719338594.1615765,0.0,49633.0
1719338594.2988842,0.0,49633.0
1719338594.4354265,0.0,49633.0
1719338594.5721498,0.0,49633.0
1719338594.7091575,0.0,49633.0
1719338594.8474264,0.0,49633.0
1719338594.9838011,0.0,49633.0
1719338595.1189513,0.0,49633.0
1719338595.2537873,0.0,49633.0
1719338595.3881385,0.0,49633.0
1719338595.5261416,0.0,49633.0
1719338595.664362,0.0,49633.0
1719338595.8017163,0.0,49633.0
1719338595.9390984,0.0,49633.0
1719338596.0754197,0.0,49633.0
1719338596.2098098,0.0,49633.0
1719338596.351594,0.0,49633.0
1719338596.489571,0.0,49633.0
1719338596.6256475,0.0,49633.0
1719338596.7601588,0.0,49633.0
1719338596.8961604,0.0,49633.0
1719338597.0312293,0.0,49633.0
1719338597.1651597,0.0,49633.0
1719338597.304674,0.0,49633.0
1719338597.44457,0.0,49633.0
1719338597.584001,0.0,49633.0
1719338597.7221992,0.0,49633.0
1719338597.8590503,0.0,49633.0
1719338597.9973218,0.0,49633.0
1719338598.1357114,0.0,49633.0
1719338598.2735605,0.0,49633.0
1719338598.4114416,0.0,49633.0
1719338598.55022,0.0,49633.0
1719338598.6855152,0.0,49633.0
1719338598.8208182,0.0,49633.0
1719338598.9578676,0.0,49633.0
1719338599.0912893,0.0,49633.0
1719338599.2258687,0.0,49633.0
1719338599.3652043,0.0,49633.0
1719338599.5031116,0.0,49633.0
1719338599.64252,0.0,49633.0
1719338599.7815385,0.0,49633.0
1719338599.917654,0.0,49633.0
1719338600.0559723,0.0,49633.0
1719338600.1932309,0.0,49633.0
1719338600.3335636,0.0,49633.0
1719338600.474424,0.0,49633.0
1719338600.610776,0.0,49633.0
1719338600.745828,0.0,49633.0
1719338600.8790674,0.0,49633.0
1719338601.0122766,0.0,49633.0
1719338601.144394,0.0,49633.0
1719338601.2770636,0.0,49633.0
1719338601.4085035,0.0,49633.0
1719338601.5408132,0.0,49633.0
1719338601.6720486,0.0,49633.0
1719338601.804737,0.0,49633.0
1719338601.9356306,0.0,49633.0
1719338602.0662916,0.0,49633.0
1719338602.1980922,0.0,49633.0
1719338602.3311207,0.0,49633.0
1719338602.4627078,0.0,49633.0
1719338602.5934312,0.0,49633.0
1719338602.724042,0.0,49633.0
1719338602.8560104,0.0,49633.0
1719338602.9880738,0.0,49633.0
1719338603.1218097,0.0,49633.0
1719338603.256483,0.0,49633.0
1719338603.3937018,0.0,49633.0
1719338603.5309553,0.0,49633.0
1719338603.6665893,0.0,49633.0
1719338603.8048913,0.0,49633.0
1719338603.9408166,0.0,49633.0
1719338604.0754375,0.0,49633.0
1719338604.2144935,0.0,49633.0
1719338604.354187,0.0,49633.0
1719338604.4895444,0.0,49633.0
1719338604.6249726,0.0,49633.0
1719338604.761547,0.0,49633.0
1719338604.895684,0.0,49633.0
1719338605.0307167,0.0,49633.0
1719338605.1683054,0.0,49633.0
1719338605.3064709,0.0,49633.0
1719338605.4443793,0.0,49633.0
1719338605.5835946,0.0,49633.0
1719338605.720323,0.0,49633.0
1719338605.8577235,0.0,49633.0
1719338605.9965727,0.0,49633.0
1719338606.135727,0.0,49633.0
1719338606.2741091,0.0,49633.0
1719338606.4112346,0.0,49633.0
1719338606.547868,0.0,49633.0
1719338606.6817725,0.0,49633.0
1719338606.8170655,0.0,49633.0
1719338606.9513414,0.0,49633.0
1719338607.0851417,0.0,49633.0
1719338607.2187696,0.0,49633.0
1719338607.3569124,0.0,49633.0
1719338607.495431,0.0,49633.0
1719338607.634185,0.0,49633.0
1719338607.7708664,0.0,49633.0
1719338607.907114,0.0,49633.0
1719338608.0457754,0.0,49633.0
1719338608.1837096,0.0,49633.0
1719338608.3234034,0.0,49633.0
1719338608.4610796,0.0,49633.0
1719338608.5968857,0.0,49633.0
1719338608.729953,0.0,49633.0
1719338608.863826,0.0,49633.0
1719338608.9958413,0.0,49633.0
1719338609.128562,0.0,49633.0
1719338609.2601638,0.0,49633.0
1719338609.3925803,0.0,49633.0
1719338609.5236945,0.0,49633.0
1719338609.6552186,0.0,49633.0
1719338609.7876573,0.0,49633.0
1719338609.9190922,0.0,49633.0
1719338610.0516107,0.0,49633.0
1719338610.182953,0.0,49633.0
1719338610.3141015,0.0,49633.0
1719338610.447849,0.0,49633.0
1719338610.578736,0.0,49633.0
1719338610.712082,0.0,49633.0
1719338610.8448646,0.0,49633.0
1719338610.999866,0.0,49633.0
1719338611.1587138,0.0,49633.0
1719338611.324558,0.0,49633.0
1719338611.4778504,0.0,49633.0
1719338611.6355417,0.0,49633.0
1719338611.8059158,0.0,49633.0
1719338611.9867518,0.0,49633.0
1719338612.1257007,0.0,49633.0
1719338612.276626,0.0,49633.0
1719338612.4501438,0.0,49633.0
1719338612.6079185,0.0,49633.0
1719338612.7669125,0.0,49633.0
1719338612.9744039,0.0,49633.0
1719338613.1784506,0.0,49633.0
1719338613.3866963,0.0,49633.0
1719338613.5432673,0.0,49633.0
1719338613.7476401,0.0,49633.0
1719338613.893544,0.0,49633.0
1719338614.066888,0.0,49633.0
1719338614.2323232,0.0,49633.0
1719338614.3704946,0.0,49633.0
1719338614.5104866,0.0,49633.0
1719338614.649831,60.0,49633.0
1719338614.790022,60.0,49633.0
1719338614.9304795,100.0,49633.0
1719338615.0725718,98.0,49633.0
1719338615.236868,100.0,49633.0
1719338615.4234426,100.0,49633.0
1719338615.587384,100.0,49633.0
1719338615.7627943,100.0,49633.0
1719338615.96278,14.0,49633.0
1719338616.1327722,0.0,49633.0
1719338616.2718947,0.0,49633.0
1719338616.422452,0.0,49633.0
1719338616.5784407,0.0,49633.0
1719338616.7477515,0.0,49633.0
1719338616.9130523,0.0,49633.0
1719338617.1177104,0.0,49633.0
1719338617.3218036,0.0,49633.0
1719338617.5426993,0.0,49633.0
1719338617.6960201,0.0,49633.0
1719338617.9055843,0.0,49633.0
1719338618.0583842,0.0,49633.0
1719338618.2313054,0.0,49633.0
1719338618.3925698,0.0,49633.0
1719338618.5369449,0.0,49633.0
1719338618.6766791,0.0,49633.0
1719338618.8140416,19.0,49633.0
1719338618.9555993,100.0,49633.0
1719338619.095228,100.0,49633.0
1719338619.2751086,99.0,49633.0
1719338619.4336784,100.0,49633.0
1719338619.6034737,100.0,49633.0
1719338619.7757378,100.0,49633.0
1719338619.9572263,63.0,49633.0
1719338620.111302,0.0,49633.0
1719338620.2713954,0.0,49633.0
1719338620.4220114,0.0,49633.0
1719338620.5941834,0.0,49633.0
1719338620.7527487,0.0,49633.0
1719338620.9184651,0.0,49633.0
1719338621.0645607,0.0,49633.0
1719338621.2514358,0.0,49633.0
1719338621.4588666,0.0,49633.0
1719338621.6623409,0.0,49633.0
1719338621.8111095,0.0,49633.0
1719338622.0146174,0.0,49633.0
1719338622.1597922,0.0,49633.0
1719338622.3284776,0.0,49633.0
1719338622.48286,0.0,49633.0
1719338622.620799,0.0,49633.0
1719338622.7616026,0.0,49633.0
1719338622.901044,0.0,49633.0
1719338623.0416255,51.0,49633.0
1719338623.181398,100.0,49633.0
1719338623.3198085,99.0,49633.0
1719338623.4729495,100.0,49633.0
1719338623.6531105,100.0,49633.0
1719338623.8031986,100.0,49633.0
1719338623.9791894,100.0,49633.0
1719338624.1587088,21.0,49633.0
1719338624.3067968,21.0,49633.0
1719338624.4569101,0.0,49633.0
1719338624.595936,0.0,49633.0
1719338624.7449994,0.0,49633.0
1719338624.915281,0.0,49633.0
1719338625.0850706,0.0,49633.0
1719338625.23543,0.0,49633.0
1719338625.4374645,0.0,49633.0
1719338625.6377378,0.0,49633.0
1719338625.8413737,0.0,49633.0
1719338626.0037634,0.0,49633.0
1719338626.1902921,0.0,49633.0
1719338626.3515875,0.0,49633.0
1719338626.521048,0.0,49633.0
1719338626.6848075,0.0,49633.0
1719338626.8248537,0.0,49633.0
1719338626.9647832,0.0,49633.0
1719338627.1029658,0.0,49633.0
1719338627.2424195,97.0,49633.0
1719338627.3800044,100.0,49633.0
1719338627.5310571,100.0,49633.0
1719338627.688892,100.0,49633.0
1719338627.8568614,100.0,49633.0
1719338628.0196586,100.0,49633.0
1719338628.1949928,83.0,49633.0
1719338628.3561902,83.0,49633.0
1719338628.5224748,0.0,49633.0
1719338628.674416,0.0,49633.0
1719338628.841077,0.0,49633.0
1719338629.0133429,0.0,49633.0
1719338629.1708128,0.0,49633.0
1719338629.3354967,0.0,49633.0
1719338629.53097,0.0,49633.0
1719338629.7383227,0.0,49633.0
1719338629.9395542,0.0,49633.0
1719338630.1226163,0.0,49633.0
1719338630.3318603,0.0,49633.0
1719338630.5008757,0.0,49633.0
1719338630.658926,0.0,49633.0
1719338630.8148005,0.0,49633.0
1719338630.9531255,0.0,49633.0
1719338631.0932286,0.0,49633.0
1719338631.2325776,24.0,49633.0
1719338631.3748462,24.0,49633.0
1719338631.5152915,100.0,49633.0
1719338631.685853,99.0,49633.0
1719338631.8530898,100.0,49633.0
1719338632.011587,100.0,49633.0
1719338632.1833873,100.0,49633.0
1719338632.353209,59.0,49633.0
1719338632.5103586,59.0,49633.0
1719338632.6671977,0.0,49633.0
1719338632.8135896,0.0,49633.0
1719338632.9639895,0.0,49633.0
1719338633.1176703,0.0,49633.0
1719338633.287143,0.0,49633.0
1719338633.4459949,0.0,49633.0
1719338633.64914,0.0,49633.0
1719338633.8345847,0.0,49633.0
1719338634.0370374,0.0,49633.0
1719338634.2250018,0.0,49633.0
1719338634.4094741,0.0,49633.0
1719338634.5590227,0.0,49633.0
1719338634.7221265,0.0,49633.0
1719338634.8755214,0.0,49633.0
1719338635.0193048,0.0,49633.0
1719338635.1580324,0.0,49633.0
1719338635.2978709,0.0,49633.0
1719338635.4348307,62.0,49633.0
1719338635.5751793,62.0,49633.0
1719338635.7532332,99.0,49633.0
1719338635.9066074,99.0,49633.0
1719338636.0629458,100.0,49633.0
1719338636.2434034,100.0,49633.0
1719338636.4082396,100.0,49633.0
1719338636.5886238,100.0,49633.0
1719338636.7690434,13.0,49633.0
1719338636.9270778,0.0,49633.0
1719338637.0761845,0.0,49633.0
1719338637.2560198,0.0,49633.0
1719338637.421774,0.0,49633.0
1719338637.5819774,0.0,49633.0
1719338637.7262783,0.0,49633.0
1719338637.9306638,0.0,49633.0
1719338638.0955808,0.0,49633.0
1719338638.3185942,0.0,49633.0
1719338638.4958878,0.0,49633.0
1719338638.6686008,0.0,49633.0
1719338638.8248005,0.0,49633.0
1719338638.9836967,0.0,49633.0
1719338639.142009,0.0,49633.0
1719338639.2819438,0.0,49633.0
1719338639.4204147,32.0,49633.0
1719338639.5632515,32.0,49633.0
1719338639.7043777,100.0,49633.0
1719338639.84463,99.0,49633.0
1719338640.0141768,100.0,49633.0
1719338640.1675804,100.0,49633.0
1719338640.3348994,100.0,49633.0
1719338640.4932854,100.0,49633.0
1719338640.663722,53.0,49633.0
1719338640.8099751,0.0,49633.0
1719338640.9831135,0.0,49633.0
1719338641.1431549,0.0,49633.0
1719338641.3160925,0.0,49633.0
1719338641.489069,0.0,49633.0
1719338641.6587415,0.0,49633.0
1719338641.860072,0.0,49633.0
1719338642.0643153,0.0,49633.0
1719338642.2674425,0.0,49633.0
1719338642.463143,0.0,49633.0
1719338642.6567786,0.0,49633.0
1719338642.8138711,0.0,49633.0
1719338642.9880745,0.0,49633.0
1719338643.1412907,0.0,49633.0
1719338643.2801976,0.0,49633.0
1719338643.4216938,0.0,49633.0
1719338643.560922,0.0,49633.0
1719338643.7007535,82.0,49633.0
1719338643.841024,82.0,49633.0
1719338644.0162039,100.0,49633.0
1719338644.2065115,100.0,49633.0
1719338644.3730505,100.0,49633.0
1719338644.5704498,100.0,49633.0
1719338644.7413688,93.0,49633.0
1719338644.922505,0.0,49633.0
1719338645.0796106,0.0,49633.0
1719338645.227875,0.0,49633.0
1719338645.378719,0.0,49633.0
1719338645.5504375,0.0,49633.0
1719338645.7155728,0.0,49633.0
1719338645.8666048,0.0,49633.0
1719338646.0465856,0.0,49633.0
1719338646.2746375,0.0,49633.0
1719338646.470588,0.0,49633.0
1719338646.6410682,0.0,49633.0
1719338646.8421717,0.0,49633.0
1719338646.993403,0.0,49633.0
1719338647.167521,0.0,49633.0
1719338647.325287,0.0,49633.0
1719338647.465862,0.0,49633.0
1719338647.6046586,0.0,49633.0
1719338647.744863,15.0,49633.0
1719338647.887814,15.0,49633.0
1719338648.030584,100.0,49633.0
1719338648.175667,99.0,49633.0
1719338648.3264105,100.0,49633.0
1719338648.4796398,100.0,49633.0
1719338648.6444414,100.0,49633.0
1719338648.8068697,68.0,49633.0
1719338648.9928863,68.0,49633.0
1719338649.142641,0.0,49633.0
1719338649.3039627,0.0,49633.0
1719338649.446448,0.0,49633.0
1719338649.5925143,0.0,49633.0
1719338649.767401,0.0,49633.0
1719338649.9752004,0.0,49633.0
1719338650.166082,0.0,49633.0
1719338650.3810883,0.0,49633.0
1719338650.548578,0.0,49633.0
1719338650.7073674,0.0,49633.0
1719338650.9037359,0.0,49633.0
1719338651.0786428,0.0,49633.0
1719338651.2434728,0.0,49633.0
1719338651.4053047,0.0,49633.0
1719338651.5447233,0.0,49633.0
1719338651.683053,0.0,49633.0
1719338651.822144,0.0,49633.0
1719338651.9589458,70.0,49633.0
1719338652.0908797,70.0,49633.0
1719338652.2509663,100.0,49633.0
1719338652.3843946,99.0,49633.0
1719338652.5153577,100.0,49633.0
1719338652.6439981,100.0,49633.0
1719338652.7749457,100.0,49633.0
1719338652.9050834,100.0,49633.0
1719338653.03678,100.0,49633.0
1719338653.170778,5.0,49633.0
1719338653.305325,0.0,49633.0
1719338653.4392383,0.0,49633.0
1719338653.5736358,0.0,49633.0
1719338653.7081761,0.0,49633.0
1719338653.84,0.0,49633.0
1719338653.9714556,0.0,49633.0
1719338654.1087005,0.0,49633.0
1719338654.244557,0.0,49633.0
1719338654.3799639,0.0,49633.0
1719338654.5106964,0.0,49633.0
