timestamp,gpu_util,gpu_mem
1718314687.8794155,4.0,2030.0
1718314688.009298,4.0,2030.0
1718314688.1450121,0.0,2042.0
1718314688.3037477,18.0,2497.0
1718314688.4522483,18.0,2539.0
1718314688.6577206,11.0,2539.0
1718314688.8105543,0.0,2539.0
1718314688.9454648,0.0,2539.0
1718314689.1637409,0.0,2539.0
1718314689.3034244,1.0,2539.0
1718314689.4419959,1.0,2539.0
1718314689.5964391,1.0,2539.0
1718314689.7334528,0.0,2539.0
1718314689.8833566,1.0,2539.0
1718314690.02782,1.0,2539.0
1718314690.1639314,0.0,2539.0
1718314690.300215,0.0,2539.0
1718314690.4413917,0.0,2539.0
1718314690.5844514,1.0,2539.0
1718314690.7261376,0.0,2539.0
1718314690.867402,0.0,2539.0
1718314691.013759,0.0,2539.0
1718314691.2944207,1.0,2539.0
1718314691.4538827,1.0,2539.0
1718314691.600515,0.0,2539.0
1718314691.7440584,0.0,2539.0
1718314691.8895597,0.0,2539.0
1718314692.089091,0.0,2539.0
1718314692.2348363,0.0,2539.0
1718314692.3891459,0.0,2539.0
1718314692.5475268,0.0,2539.0
1718314692.712732,0.0,2539.0
1718314692.8924346,0.0,2539.0
1718314693.0761614,0.0,2539.0
1718314693.258563,0.0,2539.0
1718314693.4503381,0.0,2539.0
1718314693.6461089,0.0,2539.0
1718314693.8377519,0.0,2539.0
1718314694.035408,0.0,2539.0
1718314694.2383862,0.0,2539.0
1718314694.4473927,0.0,2539.0
1718314694.6418295,1.0,2539.0
1718314694.8337414,0.0,2539.0
1718314695.029427,0.0,2539.0
1718314695.2383068,0.0,2539.0
1718314695.4303331,0.0,2539.0
1718314695.6305037,1.0,2539.0
1718314695.8368397,0.0,2539.0
1718314696.0284243,0.0,2539.0
1718314696.2277136,0.0,2539.0
1718314696.4372118,0.0,2539.0
1718314696.6351442,1.0,2539.0
1718314696.8434641,0.0,2539.0
1718314697.049462,0.0,2539.0
1718314697.2580478,0.0,2539.0
1718314697.4626405,0.0,2539.0
1718314697.6695085,0.0,2539.0
1718314697.8731081,0.0,2539.0
1718314698.07616,0.0,2539.0
1718314698.280983,0.0,2539.0
1718314698.4843924,0.0,2539.0
1718314698.688028,0.0,2539.0
1718314698.8920197,0.0,2539.0
1718314699.0943408,0.0,2539.0
1718314699.2984495,0.0,2539.0
1718314699.505493,0.0,2539.0
1718314699.7091842,0.0,2539.0
1718314699.9133313,0.0,2539.0
1718314700.1183994,0.0,2539.0
1718314700.3209896,0.0,2539.0
1718314700.5260916,0.0,2539.0
1718314700.7376854,0.0,2539.0
1718314700.9578352,0.0,2539.0
1718314701.1741145,0.0,2539.0
1718314701.3950193,0.0,2539.0
1718314701.6279664,0.0,2539.0
1718314701.8552966,0.0,2539.0
1718314702.0928638,0.0,2539.0
1718314702.3281574,0.0,2539.0
1718314702.5754275,0.0,2539.0
1718314702.8138752,0.0,2539.0
1718314703.0519812,0.0,2539.0
1718314703.3025062,0.0,2539.0
1718314703.546074,0.0,2539.0
1718314703.7911692,0.0,2539.0
1718314704.03332,0.0,2539.0
1718314704.2777603,0.0,2539.0
1718314704.5264423,1.0,2539.0
1718314704.7670584,0.0,2539.0
1718314705.0138202,0.0,2539.0
1718314705.2769406,0.0,2539.0
1718314705.5362515,0.0,2539.0
1718314705.7822537,0.0,2539.0
1718314706.0396833,0.0,2539.0
1718314706.301353,2.0,2539.0
1718314706.5728705,0.0,2539.0
1718314706.8425384,0.0,2539.0
1718314707.111325,0.0,2539.0
1718314707.3780582,0.0,2539.0
1718314707.649087,0.0,2539.0
1718314707.9297855,0.0,2539.0
1718314708.215626,4.0,2539.0
1718314708.508373,0.0,2539.0
1718314708.8132374,0.0,2539.0
1718314709.1455462,1.0,2539.0
1718314709.4802191,0.0,2539.0
1718314709.891123,0.0,2539.0
1718314710.0968697,0.0,2539.0
1718314710.3122408,0.0,2539.0
1718314710.5357273,4.0,2539.0
1718314710.7599587,0.0,2539.0
1718314710.985075,0.0,2539.0
1718314711.2192044,0.0,2539.0
1718314711.4385245,4.0,2539.0
1718314711.66767,0.0,2539.0
1718314711.9024227,0.0,2539.0
1718314712.145318,0.0,2539.0
1718314712.3954082,4.0,2539.0
1718314712.6455472,0.0,2539.0
1718314712.8888748,0.0,2539.0
1718314713.131555,0.0,2539.0
1718314713.3854668,0.0,2539.0
1718314713.6439533,3.0,2539.0
1718314713.9086149,0.0,2539.0
1718314714.1658807,0.0,2539.0
1718314714.4124935,0.0,2539.0
1718314714.6658096,5.0,2539.0
1718314714.9259384,0.0,2539.0
1718314715.201019,0.0,2539.0
1718314715.4647303,0.0,2539.0
1718314715.7436445,0.0,2539.0
1718314716.0213714,0.0,2539.0
1718314716.2937508,0.0,2539.0
1718314716.5653434,0.0,2539.0
1718314716.8351269,4.0,2539.0
1718314717.1116378,0.0,2539.0
1718314717.3953063,0.0,2539.0
1718314717.6869116,0.0,2539.0
1718314717.9933937,0.0,2539.0
1718314718.3009274,0.0,2539.0
1718314718.6195796,0.0,2539.0
1718314718.950178,0.0,2539.0
1718314719.458566,0.0,2539.0
1718314720.0645325,0.0,2539.0
1718314720.5834765,0.0,2539.0
1718314721.0631943,0.0,2539.0
1718314721.6754198,0.0,2539.0
1718314722.2794778,0.0,2539.0
1718314722.7107766,0.0,2539.0
1718314723.0834932,1.0,2539.0
1718314723.5556285,0.0,2539.0
1718314724.1170814,0.0,2539.0
1718314724.5351748,0.0,2539.0
1718314724.867245,0.0,2539.0
1718314725.1938345,1.0,2539.0
1718314725.6870635,0.0,2539.0
1718314726.2403066,0.0,2539.0
1718314726.6592886,5.0,2539.0
1718314726.9089823,1.0,6425.0
1718314727.145074,59.0,18753.0
1718314727.387013,24.0,18769.0
1718314727.6395817,100.0,21843.0
1718314727.886166,100.0,21843.0
1718314728.144549,100.0,21843.0
1718314728.3884704,64.0,21851.0
1718314728.6371324,79.0,21853.0
1718314728.8871157,1.0,21853.0
1718314729.1354043,0.0,21853.0
1718314729.5616426,0.0,21853.0
1718314730.0795357,0.0,21853.0
1718314730.560746,0.0,21853.0
1718314731.198415,0.0,21853.0
1718314731.8081148,0.0,21853.0
1718314732.2914934,0.0,21853.0
1718314732.7818253,0.0,21853.0
1718314733.2273164,0.0,21853.0
1718314733.935326,0.0,21853.0
1718314734.367277,0.0,21853.0
1718314734.6954105,0.0,21853.0
1718314735.1018558,0.0,21853.0
1718314735.7474597,0.0,21853.0
1718314736.2914035,0.0,21853.0
1718314736.5596366,97.0,21853.0
1718314736.8184736,74.0,21855.0
1718314737.0935254,95.0,21855.0
1718314737.367501,100.0,21855.0
1718314738.0598295,0.0,21855.0
1718314738.6773238,0.0,21855.0
1718314739.355514,0.0,21855.0
1718314739.997373,0.0,21855.0
1718314740.4914148,0.0,21855.0
1718314740.9626162,0.0,21855.0
1718314741.4154706,0.0,21855.0
1718314741.864448,0.0,21855.0
1718314742.4007072,0.0,21855.0
1718314743.075418,0.0,21855.0
1718314743.7315059,0.0,21855.0
1718314744.355336,0.0,21855.0
1718314744.6573663,0.0,21855.0
1718314744.93842,99.0,21855.0
1718314745.2298295,100.0,21855.0
1718314745.5214436,100.0,21855.0
1718314745.9158034,37.0,21855.0
1718314746.5315099,0.0,21855.0
1718314747.1274588,0.0,21855.0
1718314747.9274814,0.0,21855.0
1718314748.5347571,0.0,21855.0
1718314749.015411,0.0,21855.0
1718314749.4915948,0.0,21855.0
1718314749.9954965,0.0,21855.0
1718314750.684674,0.0,21855.0
1718314751.0794156,0.0,21855.0
1718314751.435412,0.0,21855.0
1718314751.9071853,0.0,21855.0
1718314752.6151788,0.0,21855.0
1718314753.1192825,12.0,21855.0
1718314753.4085488,100.0,21855.0
1718314753.6971443,100.0,21855.0
1718314753.995301,100.0,21855.0
1718314754.3915334,0.0,21855.0
1718314755.0467234,0.0,21855.0
1718314755.6355474,0.0,21855.0
1718314756.4981074,0.0,21855.0
1718314757.0515866,0.0,21855.0
1718314757.5464458,0.0,21855.0
1718314758.078622,0.0,21855.0
1718314758.7371194,0.0,21855.0
1718314759.3591797,1.0,21855.0
1718314759.7194757,0.0,21855.0
1718314760.1554759,0.0,21855.0
1718314760.8395376,0.0,21855.0
1718314761.3868105,0.0,21855.0
1718314761.6718917,76.0,21855.0
1718314761.9558327,100.0,21855.0
1718314762.252472,100.0,21855.0
1718314762.6330597,33.0,21855.0
1718314763.2828996,0.0,21855.0
1718314763.871474,0.0,21855.0
1718314764.6542091,0.0,21855.0
1718314765.265147,0.0,21855.0
1718314765.8034189,0.0,21855.0
1718314766.2610538,0.0,21855.0
1718314766.7036147,0.0,21855.0
1718314767.408148,0.0,21855.0
1718314767.839412,0.0,21855.0
1718314768.187403,0.0,21855.0
1718314768.6830227,0.0,21855.0
1718314769.4526458,0.0,21855.0
1718314769.8187518,0.0,21855.0
1718314770.110647,100.0,21855.0
1718314770.3926625,99.0,21855.0
1718314770.680548,100.0,21855.0
1718314771.0595372,54.0,21855.0
1718314771.695637,0.0,21855.0
1718314772.2616076,0.0,21855.0
1718314773.0513272,0.0,21855.0
1718314773.6584857,0.0,21855.0
1718314774.168966,0.0,21855.0
1718314774.639574,0.0,21855.0
1718314775.0938177,0.0,21855.0
1718314775.7655234,0.0,21855.0
1718314776.2640378,1.0,21855.0
1718314776.6434033,1.0,21855.0
1718314777.1554728,0.0,21855.0
1718314777.9395702,0.0,21855.0
1718314778.3262522,26.0,21855.0
1718314778.614517,100.0,21855.0
1718314778.9027684,100.0,21855.0
1718314779.2095985,100.0,21855.0
1718314779.7629056,0.0,21855.0
1718314780.382336,1.0,21855.0
1718314780.8585691,0.0,21855.0
1718314781.6794617,0.0,21855.0
1718314782.4794767,0.0,21855.0
1718314783.0007079,0.0,21855.0
1718314783.4468372,1.0,21855.0
1718314784.1193466,0.0,21855.0
1718314784.5794168,0.0,21855.0
1718314784.9354048,0.0,21855.0
1718314785.3874269,1.0,21855.0
1718314786.075471,0.0,21855.0
1718314786.589664,0.0,21855.0
1718314786.8768988,63.0,21855.0
1718314787.1620889,99.0,21855.0
1718314787.4566174,100.0,21855.0
1718314787.7954507,49.0,21855.0
1718314788.5835094,0.0,21855.0
1718314789.1425214,0.0,21855.0
1718314789.9635336,0.0,21855.0
1718314790.547523,0.0,21855.0
1718314791.050142,1.0,21855.0
1718314791.5276287,0.0,21855.0
1718314792.0114896,0.0,21855.0
1718314792.6422768,0.0,21855.0
1718314793.1433747,1.0,21855.0
1718314793.5110009,0.0,21855.0
1718314793.9986484,0.0,21855.0
1718314794.7224417,0.0,21855.0
1718314795.2012422,0.0,21855.0
1718314795.4870982,100.0,21855.0
1718314795.775723,99.0,21855.0
1718314796.0702696,100.0,21855.0
1718314796.435622,68.0,21855.0
1718314797.0355942,1.0,21855.0
1718314797.6315103,1.0,21855.0
1718314798.467256,1.0,21855.0
1718314799.1295617,0.0,21855.0
1718314799.6365774,0.0,21855.0
1718314800.1034877,1.0,21855.0
1718314800.6115074,1.0,21855.0
1718314801.2371223,0.0,21855.0
1718314801.7353835,1.0,21855.0
1718314802.0954068,0.0,21855.0
1718314802.5674555,1.0,21855.0
1718314803.2994447,0.0,21855.0
1718314803.7492578,1.0,21855.0
1718314804.0408003,83.0,21855.0
1718314804.3145049,100.0,21855.0
1718314804.5984776,100.0,21855.0
1718314804.8810058,100.0,21855.0
1718314805.165751,100.0,21855.0
1718314805.4531763,35.0,21855.0
1718314805.7467017,1.0,21855.0
1718314806.1558137,1.0,21855.0
1718314806.7877095,1.0,21855.0
1718314807.3395104,0.0,21855.0
1718314808.1035094,0.0,21855.0
1718314808.7606082,1.0,21855.0
1718314809.2429247,1.0,21855.0
1718314809.761122,2.0,21855.0
1718314810.2725697,0.0,21855.0
1718314810.995417,0.0,21855.0
1718314811.359407,0.0,21855.0
1718314811.7594712,0.0,21855.0
1718314812.2516026,0.0,21855.0
1718314812.914668,0.0,21855.0
1718314813.3688502,1.0,21855.0
1718314813.6631553,91.0,21855.0
1718314813.9592865,100.0,21855.0
1718314814.2522528,100.0,21855.0
1718314814.9373648,0.0,21855.0
1718314815.5551217,0.0,21855.0
1718314816.324736,0.0,21855.0
1718314817.0314834,0.0,21855.0
1718314817.5359178,2.0,21855.0
1718314818.0027497,2.0,21855.0
1718314818.4994137,2.0,21855.0
1718314819.1349404,2.0,21855.0
1718314819.624672,3.0,21855.0
1718314819.975414,2.0,21855.0
1718314820.4154778,1.0,21855.0
1718314821.083528,2.0,21855.0
1718314821.6473997,2.0,21855.0
1718314821.9407682,100.0,21855.0
1718314822.2302628,99.0,21855.0
1718314822.507141,100.0,21855.0
1718314822.830674,17.0,21855.0
1718314823.6280565,1.0,21855.0
1718314824.211225,0.0,21855.0
1718314825.0994096,0.0,21855.0
1718314825.8144917,1.0,21855.0
1718314826.357122,0.0,21855.0
1718314826.8483841,7.0,21844.0
1718314827.5394518,9.0,21843.0
1718314828.181481,6.0,21851.0
1718314828.559412,5.0,21852.0
1718314829.0346973,3.0,21852.0
1718314829.6274562,1.0,21852.0
1718314830.3072026,5.0,21852.0
1718314830.601042,68.0,21852.0
1718314830.8911538,99.0,21852.0
1718314831.2041366,100.0,21852.0
1718314831.6387732,79.0,21852.0
1718314832.2742276,7.0,21850.0
1718314832.876832,10.0,21846.0
1718314833.6548479,8.0,21846.0
1718314834.3629575,16.0,21850.0
1718314834.911607,2.0,21852.0
1718314835.4474764,1.0,21855.0
1718314836.0018563,2.0,21855.0
1718314836.65967,0.0,21855.0
1718314837.0442631,0.0,21855.0
1718314837.4032552,0.0,21855.0
1718314837.8949306,0.0,21855.0
1718314838.611454,0.0,21855.0
1718314839.1494896,7.0,21858.0
1718314839.4555962,97.0,21860.0
1718314839.7489974,100.0,21856.0
1718314840.0526013,100.0,21859.0
1718314840.466402,36.0,21861.0
1718314841.1226008,0.0,21867.0
1718314841.7195046,1.0,21867.0
1718314842.6162791,0.0,21867.0
1718314843.2634513,2.0,21867.0
1718314843.7837,0.0,21851.0
1718314844.2570882,0.0,21851.0
1718314844.9387438,1.0,21856.0
1718314845.6464627,0.0,21856.0
1718314846.0350292,1.0,21856.0
1718314846.5081604,0.0,21856.0
1718314847.1514835,2.0,21860.0
1718314847.7766194,18.0,21860.0
1718314848.0759814,100.0,21860.0
1718314848.3645597,99.0,21860.0
1718314848.6605885,100.0,21860.0
1718314849.0603938,1.0,21860.0
1718314849.7946243,2.0,21860.0
1718314850.3795097,0.0,21860.0
1718314851.1154354,0.0,21860.0
1718314851.8867214,0.0,21860.0
1718314852.4141128,0.0,21860.0
1718314852.8782344,0.0,21860.0
1718314853.351143,0.0,21860.0
1718314854.0361104,0.0,21860.0
1718314854.5073345,0.0,21860.0
1718314854.867038,0.0,21860.0
1718314855.3724496,1.0,21860.0
1718314856.1488585,0.0,21860.0
1718314856.5269709,3.0,21860.0
1718314856.8245661,100.0,21860.0
1718314857.1181438,100.0,21860.0
1718314857.4322636,100.0,21860.0
1718314858.07213,1.0,21860.0
1718314858.7395356,1.0,21860.0
1718314859.359554,1.0,21860.0
1718314860.1968458,0.0,21860.0
1718314860.7874818,0.0,21860.0
1718314861.2848947,0.0,21860.0
1718314861.8190475,1.0,21860.0
1718314862.47494,0.0,21860.0
1718314862.8711655,0.0,21860.0
1718314863.2589378,0.0,21860.0
1718314863.7754695,0.0,21860.0
1718314864.5390854,0.0,21860.0
1718314864.9621732,54.0,21860.0
1718314865.2484436,100.0,21860.0
1718314865.5319908,100.0,21860.0
1718314865.943472,84.0,21860.0
1718314866.6715407,0.0,21860.0
1718314867.255488,0.0,21860.0
1718314868.116862,0.0,21860.0
1718314868.7219687,0.0,21860.0
1718314869.2355542,0.0,21860.0
1718314869.7037194,0.0,21860.0
1718314870.2634816,0.0,21860.0
1718314870.8731446,0.0,21860.0
1718314871.2634206,0.0,21860.0
1718314871.6354153,1.0,21860.0
1718314872.1159506,0.0,21860.0
1718314872.8168225,0.0,21860.0
1718314873.334693,0.0,21860.0
1718314873.6328561,70.0,21860.0
1718314873.9253256,100.0,21860.0
1718314874.223745,100.0,21860.0
1718314874.6154866,43.0,21860.0
1718314875.3350236,0.0,21860.0
1718314875.9033732,0.0,21860.0
1718314876.743513,1.0,21860.0
1718314877.2997136,0.0,21860.0
1718314877.8155546,0.0,21860.0
1718314878.3120596,0.0,21860.0
1718314878.8468306,1.0,21860.0
1718314879.5333152,0.0,21860.0
1718314879.9081008,0.0,21860.0
1718314880.3274665,0.0,21860.0
1718314880.8294282,0.0,21860.0
1718314881.5507743,0.0,21860.0
1718314881.9992816,0.0,21860.0
1718314882.2964554,100.0,21860.0
1718314882.58754,99.0,21860.0
1718314882.888671,100.0,21860.0
1718314883.4675105,0.0,21860.0
1718314884.1554613,1.0,21860.0
1718314884.8675191,0.0,21860.0
1718314885.7349255,0.0,21860.0
1718314886.2394507,0.0,21860.0
1718314886.720404,0.0,21860.0
1718314887.2716305,0.0,21860.0
1718314887.9594178,0.0,21860.0
1718314888.4274087,0.0,21860.0
1718314888.8228972,0.0,21860.0
1718314889.4508088,1.0,21860.0
1718314890.1350868,0.0,21860.0
1718314890.462349,46.0,21860.0
1718314890.7514017,100.0,21860.0
1718314891.048453,100.0,21860.0
1718314891.3496358,100.0,21860.0
1718314891.6408367,100.0,21860.0
1718314891.9364734,66.0,21860.0
1718314892.230576,0.0,21860.0
1718314892.6025841,1.0,21860.0
1718314893.3593516,0.0,21860.0
1718314894.0194674,0.0,21854.0
1718314894.8634677,0.0,21854.0
1718314895.459468,0.0,21854.0
1718314895.9891465,1.0,21854.0
1718314896.4634194,0.0,21854.0
1718314896.9715104,0.0,21854.0
1718314897.6829274,0.0,21854.0
1718314898.1434147,1.0,21854.0
1718314898.5308435,0.0,21854.0
1718314899.0426445,0.0,21854.0
1718314899.8544507,0.0,21854.0
1718314900.206464,0.0,21854.0
1718314900.4982405,100.0,21854.0
1718314900.7973773,99.0,21854.0
1718314901.1155066,100.0,21854.0
1718314901.9275134,0.0,21854.0
1718314902.5005639,0.0,21854.0
1718314903.195513,0.0,21854.0
1718314903.9575179,0.0,21854.0
1718314904.490052,0.0,21854.0
1718314905.0335941,0.0,21854.0
1718314905.5643094,0.0,21854.0
1718314906.2470546,0.0,21854.0
1718314906.70741,1.0,21854.0
1718314907.0847487,0.0,21854.0
1718314907.5703678,0.0,21854.0
1718314908.2491825,0.0,21854.0
1718314908.7933466,1.0,21854.0
1718314909.0844848,100.0,21854.0
1718314909.362459,99.0,21854.0
1718314909.6713982,100.0,21854.0
1718314910.0595143,62.0,21854.0
1718314910.707544,0.0,21854.0
1718314911.2955084,0.0,21854.0
1718314912.1101289,0.0,21854.0
1718314912.7156715,0.0,21854.0
1718314913.2475061,0.0,21854.0
1718314913.751536,0.0,21854.0
1718314914.3435097,0.0,21854.0
1718314915.0274127,1.0,21854.0
1718314915.3986356,0.0,21854.0
1718314915.8068986,0.0,21854.0
1718314916.295017,0.0,21854.0
1718314916.9970603,0.0,21854.0
1718314917.4743967,14.0,21854.0
1718314917.7795968,100.0,21854.0
1718314918.074429,100.0,21854.0
1718314918.375404,100.0,21854.0
1718314918.9315083,0.0,21854.0
1718314919.611978,0.0,21854.0
1718314920.1494133,1.0,21854.0
1718314920.8952336,0.0,21854.0
1718314921.631004,0.0,21854.0
1718314922.1754668,0.0,21854.0
1718314922.7029073,0.0,21854.0
1718314923.4442856,0.0,21854.0
1718314923.839211,0.0,21854.0
1718314924.219422,0.0,21854.0
1718314924.71542,0.0,21854.0
1718314925.4608655,1.0,21854.0
1718314925.9526255,0.0,21854.0
1718314926.248025,99.0,21854.0
1718314926.5454788,100.0,21854.0
1718314926.848671,100.0,21854.0
1718314927.5870352,1.0,21854.0
1718314928.3354826,1.0,21854.0
1718314929.199158,0.0,21854.0
1718314929.8954177,0.0,21854.0
1718314930.4169066,0.0,21854.0
1718314930.8555074,0.0,21854.0
1718314931.5994847,0.0,21854.0
1718314932.2111766,0.0,21854.0
1718314932.5825214,0.0,21854.0
1718314933.101399,0.0,21854.0
1718314933.9050772,0.0,21854.0
1718314934.3010395,69.0,21854.0
1718314934.5830655,100.0,21854.0
1718314934.8737833,100.0,21854.0
1718314935.1955092,65.0,21854.0
1718314935.9727983,0.0,21854.0
1718314936.5489573,0.0,21854.0
1718314937.2474802,0.0,21854.0
1718314937.9754698,0.0,21854.0
1718314938.5154886,0.0,21854.0
1718314939.0235312,0.0,21854.0
1718314939.5667958,0.0,21854.0
1718314940.226374,0.0,21854.0
1718314940.6034133,0.0,21854.0
1718314940.9674132,0.0,21854.0
1718314941.4834857,0.0,21854.0
1718314942.254891,0.0,21854.0
1718314942.6225648,39.0,21854.0
1718314942.9280725,100.0,21854.0
1718314943.212803,99.0,21854.0
1718314943.516882,100.0,21854.0
1718314943.9777849,0.0,21854.0
1718314944.6835136,0.0,21854.0
1718314945.1914873,0.0,21854.0
1718314946.0105138,0.0,21854.0
1718314946.690645,1.0,21854.0
1718314947.1592088,0.0,21854.0
1718314947.6754978,0.0,21854.0
1718314948.3754823,0.0,21854.0
1718314949.0319233,1.0,21854.0
1718314949.414955,0.0,21854.0
1718314949.9114726,0.0,21854.0
1718314950.6635792,0.0,21854.0
1718314951.1643345,33.0,21854.0
1718314951.4567559,81.0,21854.0
1718314951.738564,100.0,21854.0
1718314952.0814815,100.0,21854.0
1718314952.7915518,0.0,21854.0
1718314953.4147089,0.0,21854.0
1718314954.1881235,0.0,21854.0
1718314954.854506,0.0,21854.0
1718314955.407489,0.0,21854.0
1718314955.9066453,0.0,21854.0
1718314956.4629366,0.0,21854.0
1718314957.1365657,0.0,21854.0
1718314957.5206761,1.0,21854.0
1718314957.887417,0.0,21854.0
1718314958.403448,0.0,21854.0
1718314959.1868277,0.0,21854.0
1718314959.5804284,0.0,21854.0
1718314959.8797495,100.0,21854.0
1718314960.1643722,99.0,21854.0
1718314960.480317,100.0,21854.0
1718314961.1555042,0.0,21854.0
1718314961.8595283,0.0,21854.0
1718314962.614037,0.0,21854.0
1718314963.3988733,0.0,21854.0
1718314963.947309,0.0,21854.0
1718314964.4595416,0.0,21854.0
1718314965.0394642,0.0,21854.0
1718314965.6778564,0.0,21854.0
1718314966.0834153,0.0,21854.0
1718314966.4874141,0.0,21854.0
1718314967.0394626,0.0,21854.0
1718314967.7940762,0.0,21854.0
1718314968.2095394,1.0,21854.0
1718314968.498892,100.0,21854.0
1718314968.7917001,99.0,21854.0
1718314969.095482,100.0,21854.0
1718314969.819273,0.0,21854.0
1718314970.4395192,0.0,21854.0
1718314971.2074797,0.0,21854.0
1718314971.9185762,0.0,21854.0
1718314972.461883,0.0,21854.0
1718314972.9380314,0.0,21854.0
1718314973.459483,0.0,21854.0
1718314974.1620314,0.0,21854.0
1718314974.6035013,0.0,21854.0
1718314975.0509148,0.0,21854.0
1718314975.5556378,0.0,21854.0
1718314976.275607,0.0,21854.0
1718314976.7227523,0.0,21854.0
1718314977.0227044,92.0,21854.0
1718314977.3108912,100.0,21854.0
1718314977.6068563,100.0,21854.0
1718314977.9028144,100.0,21854.0
1718314978.2050629,100.0,21854.0
1718314978.4940608,1.0,21854.0
1718314978.9434826,0.0,21854.0
1718314979.6452444,0.0,21854.0
1718314980.2195792,0.0,21854.0
1718314980.98334,0.0,21854.0
1718314981.7116678,1.0,21854.0
1718314982.2026465,0.0,21854.0
1718314982.758676,0.0,21854.0
1718314983.4994721,0.0,21854.0
1718314984.1591997,0.0,21854.0
1718314984.5310304,0.0,21854.0
1718314985.0738778,0.0,21854.0
1718314985.7754226,0.0,21854.0
1718314986.198472,1.0,21854.0
1718314986.492683,100.0,21854.0
1718314986.782984,99.0,21854.0
1718314987.0839324,100.0,21854.0
1718314987.506356,0.0,21854.0
1718314988.1817863,0.0,21854.0
1718314988.8395584,1.0,21854.0
1718314989.6624475,0.0,21854.0
1718314990.2587218,0.0,21854.0
1718314990.789548,0.0,21854.0
1718314991.262905,1.0,21854.0
1718314991.7434208,0.0,21854.0
1718314992.4809787,0.0,21854.0
1718314992.8754146,0.0,21854.0
1718314993.2393923,0.0,21854.0
1718314993.7554452,0.0,21854.0
1718314994.5016387,0.0,21854.0
1718314994.931669,0.0,21854.0
1718314995.2339654,100.0,21854.0
1718314995.5315297,99.0,21854.0
1718314995.8694763,100.0,21854.0
1718314996.550478,0.0,21854.0
1718314997.1954787,1.0,21854.0
1718314998.0507221,0.0,21854.0
1718314998.743471,0.0,21854.0
1718314999.2674036,0.0,21854.0
1718314999.7434187,0.0,21854.0
1718315000.295496,0.0,21854.0
1718315000.9774008,0.0,21854.0
1718315001.367381,0.0,21854.0
1718315001.746986,0.0,21854.0
1718315002.2685668,0.0,21854.0
1718315003.025274,1.0,21854.0
1718315003.4264293,93.0,21854.0
1718315003.710098,79.0,21854.0
1718315004.0022128,100.0,21854.0
1718315004.3692358,100.0,21854.0
1718315005.0553849,0.0,21854.0
1718315005.6754837,0.0,21854.0
1718315006.4595191,0.0,21854.0
1718315007.127142,1.0,21854.0
1718315007.6701517,0.0,21854.0
1718315008.1506002,1.0,21854.0
1718315008.6755073,0.0,21854.0
1718315009.3266292,0.0,21854.0
1718315009.8594115,0.0,21854.0
1718315010.2287169,1.0,21854.0
1718315010.743496,0.0,21854.0
1718315011.5119715,0.0,21854.0
1718315011.9106975,0.0,21854.0
1718315012.2109237,72.0,21854.0
1718315012.4971046,100.0,21854.0
1718315012.8066115,100.0,21854.0
1718315013.1829097,42.0,21854.0
1718315013.8076453,0.0,21854.0
1718315014.4462163,0.0,21854.0
1718315015.235532,0.0,21854.0
1718315015.9992902,0.0,21854.0
1718315016.5069783,0.0,21854.0
1718315016.9834938,0.0,21854.0
1718315017.5271525,1.0,21854.0
1718315018.189773,0.0,21854.0
1718315018.5847409,0.0,21854.0
1718315018.960654,0.0,21854.0
1718315019.4832783,0.0,21854.0
1718315020.2539005,0.0,21854.0
1718315020.6944995,0.0,21854.0
1718315020.9969623,98.0,21854.0
1718315021.282523,100.0,21854.0
1718315021.5868804,100.0,21854.0
1718315022.1675568,0.0,21854.0
1718315022.8354986,0.0,21854.0
1718315023.3675246,0.0,21854.0
1718315024.1434891,0.0,21854.0
1718315024.8194916,0.0,21854.0
1718315025.325853,0.0,21854.0
1718315025.8114212,0.0,21854.0
1718315026.5300617,0.0,21854.0
1718315027.0712328,0.0,21854.0
1718315027.4474175,0.0,21854.0
1718315027.9226096,0.0,21854.0
1718315028.6834738,0.0,21854.0
1718315029.183952,0.0,21854.0
1718315029.4872415,100.0,21854.0
1718315029.784001,99.0,21854.0
1718315030.100577,100.0,21854.0
1718315030.8342292,0.0,21854.0
1718315031.5019531,0.0,21854.0
1718315032.2350197,1.0,21854.0
1718315032.999383,0.0,21854.0
1718315033.5241075,0.0,21854.0
1718315034.0274796,0.0,21854.0
1718315034.5993102,1.0,21854.0
1718315035.2710166,0.0,21854.0
1718315035.6554148,0.0,21854.0
1718315036.0710773,0.0,21854.0
1718315036.6034992,0.0,21854.0
1718315037.3094983,0.0,21854.0
1718315037.7273,46.0,21854.0
1718315038.0204244,66.0,21854.0
1718315038.3074367,100.0,21854.0
1718315038.6275237,99.0,21854.0
1718315039.3669307,0.0,21854.0
1718315039.9874916,0.0,21854.0
1718315040.7382443,0.0,21854.0
1718315041.433888,0.0,21854.0
1718315041.9799654,0.0,21854.0
1718315042.485656,0.0,21854.0
1718315043.0355732,0.0,21854.0
1718315043.6977465,0.0,21854.0
1718315044.0793052,0.0,21854.0
1718315044.4588687,0.0,21854.0
1718315044.9004984,0.0,21854.0
1718315045.6218376,0.0,21854.0
1718315046.0939753,0.0,21854.0
1718315046.393037,62.0,21854.0
1718315046.6850994,99.0,21854.0
1718315046.9846826,100.0,21854.0
1718315047.3195071,53.0,21854.0
1718315048.125856,0.0,21854.0
1718315048.7154632,0.0,21854.0
1718315049.5824833,0.0,21854.0
1718315050.3190873,0.0,21854.0
1718315050.863931,0.0,21854.0
1718315051.3242307,0.0,21854.0
1718315052.0465436,0.0,21854.0
1718315052.6299086,0.0,21854.0
1718315053.0127861,0.0,21854.0
1718315053.5149994,1.0,21854.0
1718315054.293906,0.0,21854.0
1718315054.688212,0.0,21854.0
1718315054.9936543,99.0,21854.0
1718315055.290025,100.0,21854.0
1718315055.5932808,100.0,21854.0
1718315056.2516785,0.0,21854.0
1718315056.935464,1.0,21854.0
1718315057.6914907,0.0,21854.0
1718315058.4420385,0.0,21854.0
1718315058.9834192,0.0,21854.0
1718315059.4634206,0.0,21854.0
1718315059.9634247,0.0,21854.0
1718315060.654196,0.0,21854.0
1718315061.1326149,0.0,21854.0
1718315061.5272927,0.0,21854.0
1718315062.003353,0.0,21854.0
1718315062.6834574,0.0,21854.0
1718315063.2421691,0.0,21854.0
1718315063.5381641,92.0,21854.0
1718315063.817757,100.0,21854.0
1718315064.107229,100.0,21854.0
1718315064.3951027,100.0,21854.0
1718315064.6867213,100.0,21854.0
1718315064.9755917,24.0,21854.0
1718315065.277301,0.0,21854.0
1718315065.7394946,0.0,21854.0
1718315066.3821645,0.0,21854.0
1718315066.9348998,0.0,21854.0
1718315067.6600468,0.0,21854.0
1718315068.315471,0.0,21854.0
1718315068.8714862,0.0,21854.0
1718315069.387478,0.0,21854.0
1718315069.958984,0.0,21854.0
1718315070.572737,0.0,21854.0
1718315070.9705162,0.0,21854.0
1718315071.334583,0.0,21854.0
1718315071.824086,0.0,21854.0
1718315072.560715,0.0,21854.0
1718315073.0447962,1.0,21854.0
1718315073.3449674,94.0,21854.0
1718315073.6268926,100.0,21854.0
1718315073.9309034,100.0,21854.0
1718315074.3266327,24.0,21854.0
1718315075.0181797,1.0,21854.0
1718315075.615478,0.0,21854.0
1718315076.3764093,0.0,21854.0
1718315077.291589,0.0,21854.0
1718315077.798584,0.0,21854.0
1718315078.323214,0.0,21854.0
1718315079.0306578,1.0,21854.0
1718315079.6951969,0.0,21854.0
1718315080.0624638,0.0,21854.0
1718315080.5554717,0.0,21854.0
1718315081.318704,0.0,21854.0
1718315081.780454,40.0,21854.0
1718315082.0840366,100.0,21854.0
1718315082.3756194,99.0,21854.0
1718315082.6630952,100.0,21854.0
1718315083.075559,0.0,21854.0
1718315083.7435021,0.0,21854.0
1718315084.3154893,0.0,21854.0
1718315085.1582024,0.0,21854.0
1718315085.8278387,0.0,21854.0
1718315086.2995055,0.0,21854.0
1718315086.7794898,0.0,21854.0
1718315087.3571522,1.0,21854.0
1718315088.0954125,0.0,21854.0
1718315088.463018,0.0,21854.0
1718315088.8354113,1.0,21854.0
1718315089.399534,0.0,21854.0
1718315090.0394404,1.0,21854.0
1718315090.4060915,25.0,21854.0
1718315090.7037773,100.0,21854.0
1718315090.9923968,100.0,21854.0
1718315091.2894886,100.0,21854.0
1718315091.8515232,0.0,21854.0
1718315092.4912622,0.0,21854.0
1718315093.0233536,0.0,21854.0
1718315093.7796218,1.0,21854.0
1718315094.4955018,0.0,21854.0
1718315095.0150466,0.0,21854.0
1718315095.4876652,0.0,21854.0
1718315096.1836412,0.0,21854.0
1718315096.677813,0.0,21854.0
1718315097.1110337,0.0,21854.0
1718315097.63553,0.0,21854.0
1718315098.3471653,1.0,21854.0
1718315098.7654219,0.0,21854.0
1718315099.0672524,100.0,21854.0
1718315099.349931,99.0,21854.0
1718315099.6554308,100.0,21854.0
1718315099.9554968,0.0,21854.0
1718315100.748379,0.0,21854.0
1718315101.3345616,0.0,21854.0
1718315102.1475203,0.0,21854.0
1718315102.801308,0.0,21854.0
1718315103.2948785,0.0,21854.0
1718315103.764453,0.0,21854.0
1718315104.255487,0.0,21854.0
1718315104.909274,0.0,21854.0
1718315105.3913295,0.0,21854.0
1718315105.750919,0.0,21854.0
1718315106.286888,0.0,21854.0
1718315107.014559,0.0,21854.0
1718315107.4305863,10.0,21854.0
1718315107.7303767,100.0,21854.0
1718315108.0242045,100.0,21854.0
1718315108.3372748,100.0,21854.0
1718315108.911516,0.0,21854.0
1718315109.6034825,0.0,21854.0
1718315110.375487,0.0,21854.0
1718315111.2194717,0.0,21854.0
1718315111.7490356,0.0,21854.0
1718315112.2217016,0.0,21854.0
1718315112.7592962,0.0,21854.0
1718315113.4232123,0.0,21854.0
1718315113.8868072,0.0,21854.0
1718315114.256761,1.0,21854.0
1718315114.7018623,0.0,21854.0
1718315115.425824,0.0,21854.0
1718315115.9478745,0.0,21854.0
1718315116.2487485,100.0,21854.0
1718315116.5350075,99.0,21854.0
1718315116.8389251,100.0,21854.0
1718315117.230911,1.0,21854.0
1718315117.9235616,0.0,21854.0
1718315118.4756327,0.0,21854.0
1718315119.3935199,0.0,21854.0
1718315120.067948,0.0,21854.0
1718315120.555173,0.0,21854.0
1718315121.0194592,0.0,21854.0
1718315121.7114787,0.0,21854.0
1718315122.3027055,0.0,21854.0
1718315122.7950432,0.0,21852.0
1718315123.5026011,0.0,21852.0
1718315124.2069244,12.0,21852.0
1718315124.499764,100.0,21852.0
1718315124.780187,100.0,21852.0
1718315125.0786438,100.0,21852.0
1718315125.4646492,5.0,21852.0
1718315126.1275349,0.0,21852.0
1718315126.7223349,0.0,21852.0
1718315127.5074928,0.0,21852.0
1718315128.1992846,0.0,21852.0
1718315128.7216468,0.0,21852.0
1718315129.2155762,0.0,21852.0
1718315129.6791387,0.0,21852.0
1718315130.4004297,0.0,21852.0
1718315130.8408353,0.0,21852.0
1718315131.2074087,0.0,21852.0
1718315131.6755214,0.0,21852.0
1718315132.3914864,0.0,21852.0
1718315132.9247065,0.0,21852.0
1718315133.2198124,100.0,21852.0
1718315133.5128691,99.0,21852.0
1718315133.816576,100.0,21852.0
1718315134.2168105,55.0,21852.0
1718315134.8826606,0.0,21852.0
1718315135.4474277,0.0,21852.0
1718315136.2955287,0.0,21852.0
1718315136.9874609,0.0,21852.0
1718315137.5186503,0.0,21852.0
1718315137.9754636,0.0,21852.0
1718315138.6885228,0.0,21852.0
1718315139.3672833,0.0,21852.0
1718315139.7474167,0.0,21852.0
1718315140.151507,0.0,21852.0
1718315140.835513,0.0,21852.0
1718315141.468841,0.0,21852.0
1718315141.7665126,99.0,21852.0
1718315142.0627189,100.0,21852.0
1718315142.3644524,100.0,21852.0
1718315142.9351952,0.0,21852.0
1718315143.598897,0.0,21852.0
1718315144.1354463,0.0,21852.0
1718315144.9508328,1.0,21852.0
1718315145.6163275,0.0,21852.0
1718315146.0955045,0.0,21852.0
1718315146.55142,0.0,21852.0
1718315147.2671065,0.0,21852.0
1718315147.8206842,0.0,21852.0
1718315148.1974115,0.0,21852.0
1718315148.6394885,0.0,21852.0
1718315149.335495,0.0,21852.0
1718315149.9540575,0.0,21852.0
1718315150.2543411,90.0,21852.0
1718315150.539667,99.0,21852.0
1718315150.8217034,100.0,21852.0
1718315151.111643,100.0,21852.0
1718315151.4033635,100.0,21852.0
1718315151.695215,25.0,21852.0
1718315152.0018127,0.0,21852.0
1718315152.3154795,0.0,21852.0
1718315153.042682,0.0,21852.0
1718315153.6514468,0.0,21852.0
1718315154.4334848,0.0,21852.0
1718315155.1435483,0.0,21852.0
1718315155.7140222,0.0,21852.0
1718315156.1700375,0.0,21852.0
1718315156.6396499,0.0,21852.0
1718315157.3475745,0.0,21852.0
1718315157.8200386,1.0,21852.0
1718315158.2127595,0.0,21852.0
1718315158.7274947,0.0,21852.0
1718315159.4995873,0.0,21852.0
1718315159.9514124,3.0,21852.0
1718315160.2400122,78.0,21852.0
1718315160.5310106,100.0,21852.0
1718315160.8515005,100.0,21852.0
1718315161.6198008,1.0,21852.0
1718315162.2714946,0.0,21852.0
1718315163.0661361,0.0,21852.0
1718315163.7154734,0.0,21852.0
1718315164.2386298,0.0,21852.0
1718315164.714944,0.0,21852.0
1718315165.207511,0.0,21852.0
1718315165.9156613,0.0,21852.0
1718315166.378669,0.0,21852.0
1718315166.7408533,0.0,21852.0
1718315167.207455,0.0,21852.0
1718315167.9458673,0.0,21852.0
1718315168.4227772,4.0,21852.0
1718315168.7284544,100.0,21852.0
1718315169.021143,100.0,21852.0
1718315169.3469782,100.0,21852.0
1718315170.0508404,0.0,21852.0
1718315170.69949,0.0,21852.0
1718315171.475495,0.0,21852.0
1718315172.2794545,0.0,21852.0
1718315172.7994251,0.0,21852.0
1718315173.2750742,0.0,21852.0
1718315173.7714512,0.0,21852.0
1718315174.4314256,0.0,21852.0
1718315174.93541,0.0,21852.0
1718315175.303408,0.0,21852.0
1718315175.8315134,0.0,21852.0
1718315176.621041,0.0,21852.0
1718315177.0225177,72.0,21852.0
1718315177.3040233,97.0,21852.0
1718315177.5974004,100.0,21852.0
1718315177.9314797,100.0,21852.0
1718315178.6291986,1.0,21852.0
1718315179.27522,0.0,21852.0
1718315180.091,0.0,21852.0
1718315180.7555032,0.0,21852.0
1718315181.2895122,0.0,21852.0
1718315181.7527447,0.0,21852.0
1718315182.22303,0.0,21852.0
1718315182.9155378,0.0,21852.0
1718315183.3788261,0.0,21852.0
1718315183.7428885,0.0,21852.0
1718315184.2675016,0.0,21852.0
1718315185.0378683,0.0,21852.0
1718315185.428193,0.0,21852.0
1718315185.7269683,91.0,21852.0
1718315186.0164027,100.0,21852.0
1718315186.3465476,100.0,21852.0
1718315187.03548,1.0,21852.0
1718315187.7424982,0.0,21852.0
1718315188.5346909,0.0,21852.0
1718315189.4839973,0.0,21852.0
1718315190.0303977,0.0,21852.0
1718315190.51929,0.0,21852.0
1718315191.288766,0.0,21852.0
1718315191.7712603,0.0,21852.0
1718315192.141636,0.0,21852.0
1718315192.6144822,0.0,21852.0
1718315193.3074934,0.0,21852.0
1718315193.9274306,1.0,21852.0
1718315194.219906,100.0,21852.0
1718315194.5042934,99.0,21852.0
1718315194.7940285,100.0,21852.0
1718315195.387136,0.0,21852.0
1718315196.0573804,0.0,21852.0
1718315196.735507,0.0,21852.0
1718315197.623492,0.0,21852.0
1718315198.1572912,0.0,21852.0
1718315198.647466,0.0,21852.0
1718315199.1517193,0.0,21852.0
1718315199.8343108,0.0,21852.0
1718315200.3354168,0.0,21852.0
1718315200.7354107,0.0,21852.0
1718315201.2061076,0.0,21852.0
1718315202.154955,0.0,21852.0
1718315202.4899976,0.0,21852.0
1718315202.7914307,99.0,21852.0
1718315203.074825,100.0,21852.0
1718315203.3853028,100.0,21852.0
1718315204.091784,0.0,21852.0
1718315204.780468,0.0,21852.0
1718315205.790007,0.0,21852.0
1718315206.5500321,0.0,21852.0
1718315207.0529091,0.0,21852.0
1718315207.5677474,0.0,21852.0
1718315208.4394195,0.0,21852.0
1718315208.836907,0.0,21852.0
1718315209.232751,0.0,21852.0
1718315209.7754462,0.0,21852.0
1718315210.5194714,0.0,21852.0
1718315210.950808,100.0,21852.0
1718315211.242987,69.0,21852.0
1718315211.5303035,100.0,21852.0
1718315211.8701162,100.0,21852.0
1718315212.5594652,0.0,21852.0
1718315213.231475,0.0,21852.0
1718315214.0150993,0.0,21852.0
1718315214.790879,1.0,21852.0
1718315215.3714163,0.0,21852.0
1718315215.8107016,0.0,21852.0
1718315216.3794873,0.0,21852.0
1718315217.0748613,1.0,21852.0
1718315217.4591987,0.0,21852.0
1718315217.8511329,0.0,21852.0
1718315218.345695,0.0,21852.0
1718315219.0876756,0.0,21852.0
1718315219.5860243,15.0,21852.0
1718315219.8874357,100.0,21852.0
1718315220.1720552,100.0,21852.0
1718315220.4775555,100.0,21852.0
1718315221.107654,1.0,21852.0
1718315221.823489,0.0,21852.0
1718315222.5555606,0.0,21852.0
1718315223.3844383,1.0,21852.0
1718315223.9395254,0.0,21852.0
1718315224.42749,1.0,21852.0
1718315224.975478,0.0,21852.0
1718315225.6504052,0.0,21852.0
1718315226.040599,0.0,21852.0
1718315226.4725897,0.0,21852.0
1718315226.995499,0.0,21852.0
1718315227.7832034,0.0,21852.0
1718315228.209481,9.0,21852.0
1718315228.5085292,100.0,21852.0
1718315228.791129,100.0,21852.0
1718315229.095028,100.0,21852.0
1718315229.5092044,5.0,21852.0
1718315230.1915853,0.0,21852.0
1718315230.7556767,0.0,21852.0
1718315231.5754855,0.0,21852.0
1718315232.4431155,0.0,21852.0
1718315232.9272587,0.0,21852.0
1718315233.378729,0.0,21852.0
1718315234.0996099,0.0,21852.0
1718315234.667186,0.0,21852.0
1718315235.0269313,0.0,21852.0
1718315235.5010018,0.0,21852.0
1718315236.2234812,0.0,21852.0
1718315236.7595778,11.0,21852.0
1718315237.054415,100.0,21852.0
1718315237.3369203,100.0,21852.0
1718315237.6343017,100.0,21852.0
1718315237.9147215,100.0,21852.0
1718315238.207636,100.0,21852.0
1718315238.492729,5.0,21852.0
1718315238.8074925,0.0,21852.0
1718315239.6304698,0.0,21852.0
1718315240.2417123,0.0,21852.0
1718315240.99952,0.0,21852.0
1718315241.70343,0.0,21852.0
1718315242.2474954,0.0,21852.0
1718315242.7458158,0.0,21852.0
1718315243.2262244,0.0,21852.0
1718315243.9152298,0.0,21852.0
1718315244.4954143,0.0,21852.0
1718315244.8907676,0.0,21852.0
1718315245.3834786,0.0,21852.0
1718315246.1547444,0.0,21852.0
1718315246.5520842,98.0,21852.0
1718315246.8394098,74.0,21852.0
1718315247.1371956,100.0,21852.0
1718315247.499497,48.0,21852.0
1718315248.345284,0.0,21852.0
1718315248.9235435,0.0,21852.0
1718315249.8436255,0.0,21852.0
1718315250.569591,0.0,21852.0
1718315251.086067,0.0,21852.0
1718315251.5675209,0.0,21852.0
1718315252.2948027,0.0,21852.0
1718315252.8513293,0.0,21852.0
1718315253.387264,0.0,21852.0
1718315254.1355102,1.0,21852.0
1718315254.7640347,6.0,21852.0
1718315255.0670657,100.0,21852.0
1718315255.354028,100.0,21852.0
1718315255.6657672,100.0,21852.0
1718315256.0858567,9.0,21852.0
1718315256.7514594,0.0,21852.0
1718315257.331144,0.0,21852.0
1718315258.1701102,1.0,21852.0
1718315258.914074,0.0,21852.0
1718315259.4072142,0.0,21852.0
1718315259.8579445,0.0,21852.0
1718315260.6114888,0.0,21852.0
1718315261.2274082,0.0,21852.0
1718315261.5994308,0.0,21852.0
1718315262.1475022,0.0,21852.0
1718315262.9462464,0.0,21852.0
1718315263.3436177,36.0,21852.0
1718315263.6445315,100.0,21852.0
1718315263.9330318,100.0,21852.0
1718315264.235214,100.0,21852.0
1718315264.7123606,1.0,21852.0
1718315265.4354787,0.0,21852.0
1718315266.0103135,0.0,21852.0
1718315266.7460034,1.0,21852.0
1718315267.5594776,0.0,21852.0
1718315268.0955586,0.0,21852.0
1718315268.6197736,0.0,21852.0
1718315269.3175874,0.0,21852.0
1718315269.71942,0.0,21852.0
1718315270.0748725,0.0,21852.0
1718315270.5363495,0.0,21852.0
1718315271.1755083,0.0,21852.0
1718315271.801759,0.0,21852.0
1718315272.0932744,84.0,21852.0
1718315272.3704374,100.0,21852.0
1718315272.6641638,100.0,21852.0
1718315273.0514338,30.0,21852.0
1718315273.7795448,0.0,21852.0
1718315274.3427098,0.0,21852.0
1718315275.1503296,0.0,21852.0
1718315275.7901971,0.0,21852.0
1718315276.3150482,0.0,21852.0
1718315276.7903507,0.0,21852.0
1718315277.260438,0.0,21852.0
1718315277.9482625,0.0,21852.0
1718315278.4274752,0.0,21852.0
1718315278.927412,0.0,21852.0
1718315279.4775305,1.0,21852.0
1718315280.161163,0.0,21852.0
1718315280.5876524,4.0,21852.0
1718315280.8867898,100.0,21852.0
1718315281.177974,100.0,21852.0
1718315281.4860713,100.0,21852.0
1718315281.9017315,0.0,21852.0
1718315282.6595335,0.0,21852.0
1718315283.156486,0.0,21852.0
1718315283.871523,0.0,21852.0
1718315284.5514398,0.0,21852.0
1718315285.1090574,0.0,21852.0
1718315285.5755076,0.0,21852.0
1718315286.1114779,0.0,21852.0
1718315286.810449,0.0,21852.0
1718315287.1794152,0.0,21852.0
1718315287.556047,0.0,21852.0
1718315288.0674958,0.0,21852.0
1718315288.8675978,0.0,21852.0
1718315289.2512612,0.0,21852.0
1718315289.5491362,99.0,21852.0
1718315289.831802,100.0,21852.0
1718315290.1353016,100.0,21852.0
1718315290.5835207,0.0,21852.0
1718315291.3274117,1.0,21852.0
1718315291.8114886,0.0,21852.0
1718315292.6035347,0.0,21852.0
1718315293.295482,0.0,21852.0
1718315293.8074305,0.0,21852.0
1718315294.2714734,1.0,21852.0
1718315294.9913375,0.0,21852.0
1718315295.6911373,0.0,21852.0
1718315296.0540664,0.0,21852.0
1718315296.5115051,1.0,21852.0
1718315297.1849039,0.0,21852.0
1718315297.7817566,1.0,21852.0
1718315298.0809767,80.0,21852.0
1718315298.357559,100.0,21852.0
1718315298.6473618,100.0,21852.0
1718315298.9834876,35.0,21852.0
1718315299.7155058,1.0,21852.0
1718315300.3232334,0.0,21852.0
1718315301.0153594,0.0,21852.0
1718315301.799277,1.0,21852.0
1718315302.363787,0.0,21852.0
1718315302.8345318,0.0,21852.0
1718315303.3768795,0.0,21852.0
1718315304.0274794,0.0,21852.0
1718315304.6566422,0.0,21852.0
1718315305.3835154,0.0,21852.0
1718315306.107436,0.0,21852.0
1718315306.3921478,100.0,21852.0
1718315306.6756485,99.0,21852.0
1718315306.9615383,100.0,21852.0
1718315307.6155374,0.0,21852.0
1718315308.2834942,0.0,21852.0
1718315309.055478,0.0,21852.0
1718315309.8811715,0.0,21852.0
1718315310.4351315,0.0,21852.0
1718315310.9107008,0.0,21852.0
1718315311.428049,0.0,21852.0
1718315312.0595686,0.0,21852.0
1718315312.606007,1.0,21852.0
1718315312.982471,0.0,21852.0
1718315313.5235646,0.0,21852.0
1718315314.2674532,0.0,21852.0
1718315314.703518,0.0,21852.0
1718315314.998265,100.0,21852.0
1718315315.2884793,99.0,21852.0
1718315315.5880654,100.0,21852.0
1718315316.0672204,0.0,21852.0
1718315316.7315562,0.0,21852.0
1718315317.2395608,0.0,21852.0
1718315318.0234792,0.0,21852.0
1718315318.7285833,1.0,21852.0
1718315319.231407,0.0,21852.0
1718315319.7417738,1.0,21852.0
1718315320.2676332,0.0,21852.0
1718315320.999409,0.0,21852.0
1718315321.3754225,0.0,21852.0
1718315321.7594473,0.0,21852.0
1718315322.283498,0.0,21852.0
1718315323.069767,0.0,21852.0
1718315323.3950531,0.0,21852.0
1718315323.6973212,80.0,21852.0
1718315323.9914002,100.0,21852.0
1718315324.287357,100.0,21852.0
1718315324.5725014,100.0,21852.0
1718315324.867238,100.0,21852.0
1718315325.161763,0.0,21852.0
1718315325.5914798,0.0,21852.0
1718315326.2870207,0.0,21852.0
1718315326.8955402,1.0,21852.0
1718315327.7394981,0.0,21852.0
1718315328.338094,0.0,21852.0
1718315328.8754182,0.0,21852.0
1718315329.3635807,0.0,21852.0
1718315329.8396254,0.0,21852.0
1718315330.530117,1.0,21852.0
1718315330.9954135,0.0,21852.0
1718315331.3907928,1.0,21852.0
1718315331.8804805,0.0,21852.0
1718315332.6378632,1.0,21852.0
1718315333.1139116,36.0,21852.0
1718315333.4218152,100.0,21852.0
1718315333.7168097,100.0,21852.0
1718315334.016665,100.0,21852.0
1718315334.4594982,0.0,21852.0
1718315335.2275395,0.0,21852.0
1718315335.7178588,0.0,21852.0
1718315336.4714842,0.0,21852.0
1718315337.1194804,0.0,21852.0
1718315337.6496348,0.0,21852.0
1718315338.1355407,0.0,21852.0
1718315338.671512,0.0,21852.0
1718315339.3391163,0.0,21852.0
1718315339.7994196,0.0,21852.0
1718315340.176716,0.0,21852.0
1718315340.6576889,0.0,21852.0
1718315341.3843508,0.0,21852.0
1718315341.867406,0.0,21852.0
1718315342.1666486,100.0,21852.0
1718315342.4582486,99.0,21852.0
1718315342.751762,100.0,21852.0
1718315343.1507971,0.0,21852.0
1718315343.859452,0.0,21852.0
1718315344.4116418,0.0,21852.0
1718315345.2126994,0.0,21852.0
1718315345.8148634,0.0,21852.0
1718315346.3590395,0.0,21852.0
1718315346.8466592,0.0,21852.0
1718315347.3267593,0.0,21852.0
1718315348.071591,0.0,21852.0
1718315348.5434082,1.0,21852.0
1718315348.9367256,0.0,21852.0
1718315349.4474998,0.0,21852.0
1718315350.2236025,0.0,21852.0
1718315350.631407,0.0,21852.0
1718315350.9282649,99.0,21852.0
1718315351.220107,100.0,21852.0
1718315351.5225027,100.0,21852.0
1718315351.9350934,0.0,21852.0
1718315352.6347506,0.0,21852.0
1718315353.2075217,0.0,21852.0
1718315353.9635246,0.0,21852.0
1718315354.790801,0.0,21852.0
1718315355.40061,0.0,21852.0
1718315355.883494,0.0,21852.0
1718315356.6441512,0.0,21852.0
1718315357.133406,0.0,21852.0
1718315357.5007186,0.0,21852.0
1718315357.9979236,0.0,21852.0
1718315358.686013,0.0,21852.0
1718315359.2228992,1.0,21852.0
1718315359.5260653,100.0,21852.0
1718315359.8260765,99.0,21852.0
1718315360.1265082,100.0,21852.0
1718315360.6475801,0.0,21852.0
1718315361.3540244,0.0,21852.0
1718315361.8996913,0.0,21852.0
1718315362.6876707,0.0,21852.0
1718315363.411408,0.0,21852.0
1718315363.9108438,0.0,21852.0
1718315364.389016,0.0,21852.0
1718315365.0974717,0.0,21852.0
1718315365.6289833,0.0,21852.0
1718315366.01547,0.0,21852.0
1718315366.5595453,0.0,21852.0
1718315367.3555791,0.0,21852.0
1718315367.7388299,20.0,21852.0
1718315368.0436974,100.0,21852.0
1718315368.330458,100.0,21852.0
1718315368.632235,100.0,21852.0
1718315369.1027682,0.0,21852.0
1718315369.797506,0.0,21852.0
1718315370.2954874,1.0,21852.0
1718315371.1793404,0.0,21852.0
1718315371.9034946,0.0,21852.0
1718315372.439459,0.0,21852.0
1718315372.947531,0.0,21852.0
1718315373.625783,1.0,21852.0
1718315374.1914077,0.0,21852.0
1718315374.5791028,0.0,21852.0
1718315375.0795171,0.0,21852.0
1718315375.8789403,0.0,21852.0
1718315376.2945366,0.0,21852.0
1718315376.5813262,76.0,21852.0
1718315376.8765883,100.0,21852.0
1718315377.3155205,100.0,21852.0
1718315377.9618454,0.0,21852.0
1718315378.575517,0.0,21852.0
1718315379.3554926,0.0,21852.0
1718315380.1342845,0.0,21852.0
1718315380.615493,0.0,21852.0
1718315381.0914834,0.0,21852.0
1718315381.6476588,0.0,21852.0
1718315382.3005226,0.0,21852.0
1718315382.702378,0.0,21852.0
1718315383.0708025,0.0,21852.0
1718315383.5114987,0.0,21852.0
1718315384.1754684,0.0,21852.0
1718315384.787407,0.0,21852.0
1718315385.0815349,66.0,21852.0
1718315385.3622475,99.0,21852.0
1718315385.6668475,100.0,21852.0
1718315386.0154998,0.0,21852.0
1718315386.8507023,0.0,21852.0
1718315387.4115098,0.0,21852.0
1718315388.291267,0.0,21852.0
1718315389.0292125,0.0,21852.0
1718315389.5168912,0.0,21852.0
1718315389.9701283,0.0,21852.0
1718315390.691251,1.0,21852.0
1718315391.2728057,0.0,21852.0
1718315391.6508918,0.0,21852.0
1718315392.1629417,0.0,21852.0
1718315392.9556062,0.0,21852.0
1718315393.3745096,0.0,21852.0
1718315393.6764014,89.0,21852.0
1718315393.9739683,100.0,21852.0
1718315394.287701,100.0,21852.0
1718315394.9755068,0.0,21852.0
1718315395.6354918,0.0,21852.0
1718315396.4275098,0.0,21852.0
1718315397.2234786,1.0,21852.0
1718315397.7526083,0.0,21852.0
1718315398.2475054,0.0,21852.0
1718315398.8075027,0.0,21852.0
1718315399.486806,0.0,21852.0
1718315399.884672,0.0,21852.0
1718315400.307494,1.0,21852.0
1718315400.8033538,0.0,21852.0
1718315401.5502267,0.0,21852.0
1718315401.9563727,0.0,21852.0
1718315402.266003,98.0,21852.0
1718315402.5527136,100.0,21852.0
1718315402.8604503,100.0,21852.0
1718315403.3224897,1.0,21852.0
1718315404.0211477,0.0,21852.0
1718315404.5005183,0.0,21852.0
1718315405.2662346,0.0,21852.0
1718315405.9515092,0.0,21852.0
1718315406.4973288,0.0,21852.0
1718315406.9627924,0.0,21852.0
1718315407.4835272,1.0,21852.0
1718315408.211415,0.0,21852.0
1718315408.6253273,0.0,21852.0
1718315409.0028703,0.0,21852.0
1718315409.479479,0.0,21852.0
1718315410.2595422,0.0,21852.0
1718315410.7185502,18.0,21852.0
1718315411.01958,100.0,21852.0
1718315411.3091831,100.0,21852.0
1718315411.6064377,100.0,21852.0
1718315411.9047914,100.0,21852.0
1718315412.20255,100.0,21852.0
1718315412.503316,0.0,21852.0
1718315412.9377592,0.0,21852.0
1718315413.594718,0.0,21852.0
1718315414.2274673,0.0,21852.0
1718315415.0886703,0.0,21852.0
1718315415.899438,0.0,21852.0
1718315416.4515605,1.0,21852.0
1718315417.0055242,0.0,21852.0
1718315417.6909616,0.0,21852.0
1718315418.1151836,0.0,21852.0
1718315418.4994204,0.0,21852.0
1718315419.0278685,1.0,21852.0
1718315419.8343496,0.0,21852.0
1718315420.2219732,1.0,21852.0
1718315420.5176063,100.0,21852.0
1718315420.8030927,99.0,21852.0
1718315421.1090713,100.0,21852.0
1718315421.5984566,0.0,21852.0
1718315422.3429255,0.0,21852.0
1718315422.8908358,5.0,21773.0
1718315423.6334622,0.0,21773.0
1718315424.4444096,0.0,21773.0
1718315424.9545488,0.0,21773.0
1718315425.4945626,1.0,21773.0
1718315426.269645,0.0,21773.0
1718315426.6674194,0.0,21773.0
1718315427.044798,0.0,21773.0
1718315427.5954447,0.0,21773.0
1718315428.3195908,0.0,21773.0
1718315428.782504,0.0,21773.0
1718315429.092564,99.0,21773.0
1718315429.383248,100.0,21773.0
1718315429.6794066,100.0,21773.0
1718315430.2715452,1.0,21773.0
1718315430.945069,1.0,21773.0
1718315431.506859,0.0,21773.0
1718315432.255203,0.0,21773.0
1718315432.973557,0.0,21773.0
1718315433.5179079,0.0,21773.0
1718315434.0351553,1.0,21773.0
1718315434.7191663,0.0,21773.0
1718315435.276082,1.0,21773.0
1718315435.6553702,0.0,21773.0
1718315436.1806781,1.0,21773.0
1718315436.9394975,0.0,21773.0
1718315437.445711,1.0,21773.0
1718315437.7447622,100.0,21773.0
1718315438.0400069,99.0,21773.0
1718315438.3441362,100.0,21773.0
1718315438.7476523,1.0,21773.0
1718315439.4395714,1.0,21773.0
1718315440.0116274,0.0,21773.0
1718315440.7834918,1.0,21773.0
1718315441.5114756,0.0,21773.0
1718315442.0146472,0.0,21773.0
1718315442.4929206,0.0,21773.0
1718315442.978802,1.0,21773.0
1718315443.6866279,1.0,21773.0
1718315444.1714084,0.0,21773.0
1718315444.541489,0.0,21773.0
1718315445.0965793,1.0,21773.0
1718315445.8071556,0.0,21773.0
1718315446.3039317,17.0,21773.0
1718315446.610435,100.0,21773.0
1718315446.901166,100.0,21773.0
1718315447.2028341,99.0,21773.0
1718315447.7262945,1.0,21773.0
1718315448.3956041,0.0,21773.0
1718315448.8796172,1.0,21773.0
1718315449.5949614,1.0,21773.0
1718315450.3473246,0.0,21773.0
1718315450.8474555,0.0,21773.0
1718315451.3324459,1.0,21773.0
1718315451.7955248,0.0,21773.0
1718315452.5013576,1.0,21773.0
1718315452.9720602,1.0,21773.0
1718315453.3448,0.0,21773.0
1718315453.8794665,0.0,21773.0
1718315454.6069074,0.0,21773.0
1718315455.0548477,0.0,21773.0
1718315455.3441796,100.0,21773.0
1718315455.6293843,99.0,21773.0
1718315455.9177945,100.0,21773.0
1718315456.3203452,1.0,21773.0
1718315456.9835234,0.0,21773.0
1718315457.5435135,1.0,21773.0
1718315458.3566413,1.0,21773.0
1718315459.110292,0.0,21773.0
1718315459.54747,1.0,21773.0
1718315460.0595047,1.0,21773.0
1718315460.5834143,0.0,21773.0
1718315461.1275072,3.0,21793.0
1718315461.8274713,0.0,21793.0
1718315462.3725634,1.0,21793.0
1718315463.1075876,1.0,21793.0
1718315463.4913802,24.0,21793.0
1718315463.7902186,100.0,21793.0
1718315464.0792427,100.0,21793.0
1718315464.376697,100.0,21793.0
1718315464.8937275,0.0,21793.0
1718315465.63137,1.0,21793.0
1718315466.2123718,1.0,21793.0
1718315467.1140168,1.0,21793.0
1718315467.638216,0.0,21793.0
1718315468.1954327,1.0,21793.0
1718315468.6834779,0.0,21793.0
1718315469.3879788,0.0,21793.0
1718315469.9364648,0.0,21793.0
1718315470.3074133,1.0,21793.0
1718315470.807463,6.0,21829.0
1718315471.622744,1.0,21829.0
1718315472.067407,35.0,21821.0
1718315472.3705013,100.0,21821.0
1718315472.6594136,100.0,21821.0
1718315472.9594214,100.0,21814.0
1718315473.2869394,27.0,21820.0
1718315474.1117613,0.0,21820.0
1718315474.7470174,5.0,21824.0
1718315475.5591612,1.0,21824.0
1718315476.2274623,4.0,21826.0
1718315476.7687252,4.0,21846.0
1718315477.2786021,6.0,21842.0
1718315477.7715008,4.0,21823.0
1718315478.445952,5.0,21826.0
1718315479.0150166,7.0,21826.0
1718315479.3942397,12.0,21826.0
1718315479.858695,1.0,21826.0
1718315480.5515,4.0,21826.0
1718315481.2375958,4.0,21826.0
1718315481.5467176,100.0,21826.0
1718315481.8375523,99.0,21826.0
1718315482.1365633,100.0,21826.0
1718315482.5554953,27.0,21826.0
1718315483.2675533,0.0,21826.0
1718315483.8223846,2.0,21826.0
1718315484.6155002,3.0,21826.0
1718315485.3074691,1.0,21826.0
1718315485.902774,1.0,21826.0
1718315486.4275587,0.0,21826.0
1718315486.9124851,6.0,21827.0
1718315487.6755874,1.0,21826.0
1718315488.1686954,2.0,21826.0
1718315488.5911112,1.0,21836.0
1718315489.1691267,2.0,21836.0
1718315489.862263,6.0,21826.0
1718315490.327575,63.0,21826.0
1718315490.6205082,100.0,21826.0
1718315490.914571,100.0,21826.0
1718315491.2715065,77.0,21826.0
1718315492.0118873,1.0,21826.0
1718315492.621854,0.0,21826.0
1718315493.3994982,1.0,21826.0
1718315494.1515381,2.0,21826.0
1718315494.682562,1.0,21826.0
1718315495.17648,1.0,21826.0
1718315495.635478,1.0,21826.0
1718315496.3394175,0.0,21826.0
1718315496.9125628,1.0,21826.0
1718315497.2926192,0.0,21826.0
1718315497.7954943,0.0,21826.0
1718315498.5701187,0.0,21826.0
1718315499.0136886,1.0,21826.0
1718315499.2984927,99.0,21826.0
1718315499.577332,100.0,21826.0
1718315499.8674984,100.0,21826.0
1718315500.1492095,100.0,21826.0
1718315500.437104,100.0,21826.0
1718315500.7291224,0.0,21826.0
1718315501.0465672,1.0,21826.0
1718315501.8545895,1.0,21826.0
1718315502.4674582,0.0,21826.0
1718315503.2528152,0.0,21826.0
1718315503.9404085,0.0,21826.0
1718315504.5007284,0.0,21826.0
1718315504.9782705,0.0,21826.0
1718315505.4636571,1.0,21826.0
1718315506.1943579,4.0,21837.0
1718315506.6874218,0.0,21837.0
1718315507.0834143,1.0,21827.0
1718315507.5629961,1.0,21828.0
1718315508.2834518,5.0,21834.0
1718315508.802717,7.0,21830.0
1718315509.104409,100.0,21828.0
1718315509.4027789,99.0,21830.0
1718315509.7153673,100.0,21844.0
1718315510.0580063,87.0,21828.0
1718315510.899475,1.0,21828.0
1718315511.5220897,1.0,21828.0
1718315512.2474964,0.0,21828.0
1718315512.9829333,0.0,21828.0
1718315513.5626445,0.0,21828.0
1718315514.0395062,1.0,21828.0
1718315514.5987551,1.0,21828.0
1718315515.2918646,1.0,21828.0
1718315515.6833363,1.0,21828.0
1718315516.0511436,1.0,21828.0
1718315516.579486,0.0,21828.0
1718315517.3764048,0.0,21828.0
1718315517.817839,16.0,21828.0
1718315518.1056657,82.0,21828.0
1718315518.3874497,100.0,21828.0
1718315518.7676919,100.0,21828.0
1718315519.455015,0.0,21828.0
1718315520.06742,0.0,21828.0
1718315520.8268054,0.0,21828.0
1718315521.5892146,1.0,21828.0
1718315522.1588538,0.0,21828.0
1718315522.6659098,0.0,21828.0
1718315523.135687,0.0,21828.0
1718315523.8311198,1.0,21828.0
1718315524.3448095,1.0,21828.0
1718315524.72464,0.0,21828.0
1718315525.2154963,1.0,21828.0
1718315526.026195,1.0,21828.0
1718315526.4407744,0.0,21828.0
1718315526.7287428,100.0,21828.0
1718315527.0086358,99.0,21828.0
1718315527.31022,100.0,21828.0
1718315527.7218878,0.0,21828.0
1718315528.4336615,0.0,21828.0
1718315529.012645,0.0,21828.0
1718315529.7874837,0.0,21828.0
1718315530.4194617,0.0,21828.0
1718315530.964994,0.0,21828.0
1718315531.4514375,0.0,21828.0
1718315531.9507155,0.0,21828.0
1718315532.614823,0.0,21828.0
1718315533.1631224,0.0,21828.0
1718315533.591038,0.0,21828.0
1718315534.098936,0.0,21828.0
1718315534.8525634,0.0,21828.0
1718315535.2633214,88.0,21828.0
1718315535.5529256,84.0,21828.0
1718315535.8378599,100.0,21828.0
1718315536.2715912,47.0,21828.0
1718315536.9815109,0.0,21828.0
1718315537.5549731,0.0,21828.0
1718315538.274153,0.0,21828.0
1718315539.0192778,0.0,21828.0
1718315539.5274842,0.0,21828.0
1718315540.0702002,0.0,21828.0
1718315540.6065524,0.0,21828.0
1718315541.28646,0.0,21828.0
1718315541.6754274,0.0,21828.0
1718315542.047412,0.0,21828.0
1718315542.506201,0.0,21828.0
1718315543.2422695,1.0,21828.0
1718315543.8501747,13.0,21828.0
1718315544.151409,100.0,21828.0
1718315544.4366865,100.0,21828.0
1718315544.751407,100.0,21828.0
1718315545.102131,100.0,21828.0
1718315545.7483704,0.0,21828.0
1718315546.3916018,1.0,21828.0
1718315547.1943197,1.0,21828.0
1718315547.9434924,0.0,21828.0
1718315548.4881434,1.0,21828.0
1718315548.967482,0.0,21828.0
1718315549.5114963,0.0,21828.0
1718315550.16693,0.0,21828.0
1718315550.6674154,0.0,21828.0
1718315551.0296497,0.0,21828.0
1718315551.5409648,0.0,21828.0
1718315552.3447163,0.0,21828.0
1718315552.7409453,0.0,21828.0
1718315553.050978,99.0,21828.0
1718315553.3356466,100.0,21828.0
1718315553.6409397,100.0,21828.0
1718315554.215013,0.0,21828.0
1718315554.948001,0.0,21828.0
1718315555.6941414,0.0,21828.0
1718315556.502235,1.0,21828.0
1718315557.0834908,1.0,21828.0
1718315557.5735753,1.0,21828.0
1718315558.0422149,1.0,21828.0
1718315558.7458262,1.0,21828.0
1718315559.236819,0.0,21828.0
1718315559.6074185,0.0,21828.0
1718315560.0729475,1.0,21828.0
1718315560.7883756,0.0,21828.0
1718315561.3380723,1.0,21828.0
1718315561.6317878,71.0,21828.0
1718315561.9177923,99.0,21828.0
1718315562.2265277,100.0,21828.0
1718315562.5549815,47.0,21828.0
1718315563.2994928,1.0,21828.0
1718315563.8664372,0.0,21828.0
1718315564.634846,0.0,21828.0
1718315565.4005146,1.0,21828.0
1718315565.9383194,1.0,21828.0
1718315566.4033477,0.0,21828.0
1718315566.9394984,0.0,21828.0
1718315567.611421,0.0,21828.0
1718315568.118426,1.0,21828.0
1718315568.5514143,1.0,21828.0
1718315569.0511084,1.0,21826.0
1718315569.855576,0.0,21826.0
1718315570.239984,29.0,21826.0
1718315570.5410328,100.0,21826.0
1718315570.833954,100.0,21826.0
1718315571.1348195,100.0,21826.0
1718315571.7115324,1.0,21826.0
1718315572.38623,0.0,21826.0
1718315572.9871836,1.0,21826.0
1718315573.774989,0.0,21826.0
1718315574.3826587,0.0,21826.0
1718315574.9091592,0.0,21826.0
1718315575.4013834,1.0,21826.0
1718315576.0829208,0.0,21826.0
1718315576.647053,1.0,21826.0
1718315577.079051,1.0,21826.0
1718315577.5875022,1.0,21826.0
1718315578.3564572,1.0,21826.0
1718315578.7810173,1.0,21826.0
1718315579.0732148,100.0,21826.0
1718315579.3543978,99.0,21826.0
1718315579.6480863,100.0,21826.0
1718315579.9794788,0.0,21826.0
1718315580.852206,0.0,21826.0
1718315581.4351265,0.0,21826.0
1718315582.2207525,1.0,21826.0
1718315582.8868892,0.0,21826.0
1718315583.440563,0.0,21826.0
1718315583.9044154,1.0,21826.0
1718315584.4194577,0.0,21826.0
1718315585.0954223,0.0,21826.0
1718315585.5846844,0.0,21826.0
1718315586.0207415,0.0,21826.0
1718315586.5411003,0.0,21826.0
1718315587.3302073,0.0,21826.0
1718315587.7154174,0.0,21826.0
1718315588.0083964,99.0,21826.0
1718315588.2991083,100.0,21826.0
1718315588.591199,100.0,21826.0
1718315588.8832343,100.0,21826.0
1718315589.1777377,100.0,21826.0
