timestamp,gpu_util,gpu_mem
1718636281.5061436,0.0,0.0
1718636281.6377227,0.0,0.0
1718636281.767116,0.0,0.0
1718636281.8992836,0.0,0.0
1718636282.0280974,0.0,0.0
1718636282.1609054,0.0,0.0
1718636282.299114,0.0,0.0
1718636282.4278817,0.0,0.0
1718636282.5576453,0.0,0.0
1718636282.688614,0.0,0.0
1718636282.8185694,0.0,0.0
1718636282.9460714,0.0,0.0
1718636283.0769606,0.0,0.0
1718636283.2074833,0.0,0.0
1718636283.3353717,0.0,0.0
1718636283.4632401,0.0,0.0
1718636283.5907493,0.0,0.0
1718636283.7221694,0.0,0.0
1718636283.850595,0.0,0.0
1718636283.9780862,0.0,0.0
1718636284.1090038,0.0,0.0
1718636284.2403703,0.0,0.0
1718636284.3690524,0.0,0.0
1718636284.503025,0.0,0.0
1718636284.6322198,0.0,0.0
1718636284.762888,0.0,0.0
1718636284.8902266,0.0,0.0
1718636285.0174072,0.0,0.0
1718636285.1453695,0.0,0.0
1718636285.2748969,0.0,0.0
1718636285.4058628,0.0,0.0
1718636285.5352516,0.0,0.0
1718636285.669996,0.0,0.0
1718636285.8049045,0.0,0.0
1718636285.9372568,0.0,0.0
1718636286.0710664,0.0,0.0
1718636286.2032645,0.0,0.0
1718636286.337431,0.0,0.0
1718636286.4674218,0.0,0.0
1718636286.5953934,0.0,0.0
1718636286.730175,0.0,0.0
1718636286.8595319,0.0,0.0
1718636286.9879873,0.0,0.0
1718636287.1158555,0.0,0.0
1718636287.2435377,0.0,0.0
1718636287.3731217,0.0,0.0
1718636287.5057824,0.0,0.0
1718636287.6353118,0.0,0.0
1718636287.7713513,0.0,0.0
1718636287.904071,0.0,0.0
1718636288.0377948,0.0,0.0
1718636288.1685927,0.0,0.0
1718636288.3004181,0.0,0.0
1718636288.4350111,0.0,0.0
1718636288.5664325,0.0,0.0
1718636288.6958904,0.0,0.0
1718636288.8275206,0.0,0.0
1718636288.9589202,0.0,0.0
1718636289.08885,0.0,0.0
1718636289.2206845,0.0,0.0
1718636289.3538008,0.0,0.0
1718636289.4863858,0.0,0.0
1718636289.6171143,0.0,0.0
1718636289.74987,0.0,0.0
1718636289.8842056,0.0,0.0
1718636290.014799,0.0,0.0
1718636290.1441426,0.0,0.0
1718636290.278061,0.0,0.0
1718636290.4109473,0.0,0.0
1718636290.5448797,0.0,0.0
1718636290.6779745,0.0,0.0
1718636290.8143497,0.0,0.0
1718636290.9456964,0.0,0.0
1718636291.0767884,0.0,0.0
1718636291.208432,0.0,0.0
1718636291.3383384,0.0,0.0
1718636291.469303,0.0,0.0
1718636291.5995796,0.0,0.0
1718636291.7303617,0.0,0.0
1718636291.8612425,0.0,0.0
1718636291.9942374,0.0,0.0
1718636292.1254559,0.0,0.0
1718636292.2582898,0.0,0.0
1718636292.3911226,0.0,0.0
1718636292.523736,0.0,0.0
1718636292.6565773,0.0,0.0
1718636292.789945,0.0,0.0
1718636292.9217722,0.0,0.0
1718636293.0556264,0.0,0.0
1718636293.1879086,0.0,0.0
1718636293.3180842,0.0,0.0
1718636293.4498968,0.0,0.0
1718636293.577923,0.0,0.0
1718636293.7061746,0.0,0.0
1718636293.8420017,0.0,0.0
1718636293.9749677,0.0,0.0
1718636294.1092463,0.0,0.0
1718636294.2416825,0.0,0.0
1718636294.3712468,0.0,0.0
1718636294.5025773,0.0,0.0
1718636294.6340184,0.0,0.0
1718636294.765336,0.0,0.0
1718636294.8978305,0.0,0.0
1718636295.0292754,0.0,0.0
1718636295.1621418,0.0,0.0
1718636295.296178,0.0,0.0
1718636295.428796,0.0,0.0
1718636295.5633616,0.0,0.0
1718636295.695791,0.0,0.0
1718636295.828314,0.0,0.0
1718636295.962166,0.0,0.0
1718636296.0948548,0.0,0.0
1718636296.227892,0.0,0.0
1718636296.358343,0.0,0.0
1718636296.4883978,0.0,0.0
1718636296.6221542,0.0,0.0
1718636296.7557282,0.0,0.0
1718636296.889472,0.0,0.0
1718636297.0197802,0.0,0.0
1718636297.1495266,0.0,0.0
1718636297.2799432,0.0,0.0
1718636297.4125032,0.0,0.0
1718636297.5419219,0.0,0.0
1718636297.6712153,0.0,0.0
1718636297.8032498,0.0,0.0
1718636297.936158,0.0,0.0
1718636298.07175,0.0,0.0
1718636298.2047923,0.0,0.0
1718636298.336583,0.0,0.0
1718636298.468075,0.0,0.0
1718636298.600678,0.0,0.0
1718636298.7380645,0.0,0.0
1718636298.8706312,0.0,0.0
1718636299.0020044,0.0,0.0
1718636299.1353877,0.0,0.0
1718636299.26462,0.0,0.0
1718636299.3933766,0.0,0.0
1718636299.5241716,0.0,0.0
1718636299.6532972,0.0,0.0
1718636299.7832851,0.0,0.0
1718636299.91152,0.0,0.0
1718636300.0416682,0.0,0.0
1718636300.170965,0.0,0.0
1718636300.2988808,0.0,0.0
1718636300.426685,0.0,0.0
1718636300.5543036,0.0,0.0
1718636300.68351,0.0,0.0
1718636300.8150938,0.0,0.0
1718636300.9429405,0.0,0.0
1718636301.0724895,0.0,0.0
1718636301.20443,0.0,0.0
1718636301.3327224,0.0,0.0
1718636301.4616785,0.0,0.0
1718636301.5963762,0.0,0.0
1718636301.730024,0.0,0.0
1718636301.8624446,0.0,0.0
1718636301.9925184,0.0,0.0
1718636302.1223981,0.0,0.0
1718636302.2571337,0.0,0.0
1718636302.389078,0.0,0.0
1718636302.5191169,0.0,0.0
1718636302.6509464,0.0,0.0
1718636302.7818635,0.0,0.0
1718636302.911404,0.0,0.0
1718636303.0465384,0.0,0.0
1718636303.1798792,0.0,0.0
1718636303.3143866,0.0,0.0
1718636303.447422,0.0,0.0
1718636303.5791545,0.0,0.0
1718636303.7123327,0.0,0.0
1718636303.8458803,0.0,0.0
1718636303.981429,0.0,0.0
1718636304.1143606,0.0,0.0
1718636304.248264,0.0,0.0
1718636304.380142,0.0,0.0
1718636304.510179,0.0,0.0
1718636304.6408305,0.0,0.0
1718636304.7737892,0.0,0.0
1718636304.9026444,0.0,0.0
1718636305.0367384,0.0,0.0
1718636305.1676185,0.0,0.0
1718636305.2974296,0.0,0.0
1718636305.4310484,0.0,0.0
1718636305.5613225,0.0,0.0
1718636305.690561,0.0,0.0
1718636305.8215683,0.0,0.0
1718636305.9556992,0.0,0.0
1718636306.0891144,0.0,0.0
1718636306.2219954,0.0,0.0
1718636306.3550768,0.0,0.0
1718636306.4893425,0.0,0.0
1718636306.6222336,0.0,0.0
1718636306.7572844,0.0,0.0
1718636306.8901987,0.0,0.0
1718636307.02112,0.0,0.0
1718636307.1529162,0.0,0.0
1718636307.282129,0.0,0.0
1718636307.4105968,0.0,0.0
1718636307.538708,0.0,0.0
1718636307.666688,0.0,0.0
1718636307.796327,0.0,0.0
1718636307.9268975,0.0,0.0
1718636308.0547981,0.0,0.0
1718636308.1826982,0.0,0.0
1718636308.3104346,0.0,0.0
1718636308.440516,0.0,0.0
1718636308.5689704,0.0,0.0
1718636308.6966934,0.0,0.0
1718636308.8258445,0.0,0.0
1718636308.9539952,0.0,0.0
1718636309.085542,0.0,0.0
1718636309.2289279,0.0,0.0
1718636309.3807042,0.0,0.0
1718636309.5416257,0.0,0.0
1718636309.724142,0.0,0.0
1718636309.879209,0.0,0.0
1718636310.0507774,0.0,0.0
1718636310.2114525,0.0,0.0
1718636310.3508842,0.0,0.0
1718636310.5078528,0.0,0.0
1718636310.6601665,0.0,0.0
1718636310.8085616,0.0,0.0
1718636310.9569325,0.0,0.0
1718636311.1073272,0.0,0.0
1718636311.297774,0.0,0.0
1718636311.4703755,0.0,0.0
1718636311.6790607,0.0,0.0
1718636311.8179922,0.0,0.0
1718636312.0072894,0.0,0.0
1718636312.1591792,0.0,0.0
1718636312.319602,0.0,0.0
1718636312.472155,0.0,0.0
1718636312.6064875,0.0,0.0
1718636312.740459,0.0,0.0
1718636312.8752298,0.0,0.0
1718636313.0483472,0.0,0.0
1718636313.2156265,0.0,0.0
1718636313.3796277,0.0,0.0
1718636313.619519,0.0,0.0
1718636313.906806,0.0,0.0
1718636314.1640172,0.0,0.0
1718636314.5183706,0.0,0.0
1718636314.9499147,0.0,0.0
1718636315.329907,0.0,0.0
1718636315.616102,0.0,0.0
1718636315.91802,0.0,0.0
1718636316.182535,0.0,0.0
1718636316.4498858,0.0,0.0
1718636316.7193122,0.0,0.0
1718636316.9960654,0.0,0.0
1718636317.2889993,0.0,0.0
1718636317.6755733,0.0,0.0
1718636318.22116,0.0,0.0
1718636318.6101737,0.0,0.0
1718636318.9250531,0.0,0.0
1718636319.200343,0.0,0.0
1718636319.5565906,0.0,0.0
1718636319.8436875,0.0,0.0
1718636320.0879343,0.0,0.0
1718636320.3793411,0.0,0.0
1718636320.7016418,0.0,0.0
1718636321.0214312,0.0,0.0
1718636321.3756454,0.0,0.0
1718636321.6891394,0.0,0.0
1718636322.0840013,0.0,0.0
1718636322.4477572,0.0,0.0
1718636322.8767455,0.0,0.0
1718636323.297358,0.0,0.0
1718636323.621781,0.0,0.0
1718636324.0338488,0.0,0.0
1718636324.47302,0.0,0.0
1718636324.9113357,0.0,0.0
1718636325.3964703,0.0,0.0
1718636325.902987,0.0,0.0
1718636326.3326812,0.0,0.0
1718636326.7084525,0.0,0.0
1718636326.966661,0.0,0.0
1718636327.300592,0.0,0.0
1718636327.6084888,0.0,0.0
1718636327.937535,0.0,0.0
1718636328.4000952,0.0,0.0
1718636328.7915385,0.0,0.0
1718636329.1947398,0.0,0.0
1718636329.7867446,0.0,0.0
1718636330.2793655,0.0,0.0
1718636330.7646925,0.0,0.0
1718636331.3404224,0.0,0.0
1718636331.8206723,0.0,0.0
1718636332.4267352,0.0,0.0
1718636332.9227757,0.0,0.0
1718636333.4216354,0.0,0.0
1718636333.849072,0.0,0.0
1718636334.3779569,0.0,0.0
1718636334.8929505,0.0,0.0
1718636335.4635472,0.0,0.0
1718636335.893027,0.0,0.0
1718636336.3722398,0.0,0.0
1718636336.854353,0.0,0.0
1718636337.3812284,0.0,0.0
1718636337.817493,0.0,0.0
1718636338.3906238,0.0,0.0
1718636338.9044487,0.0,0.0
1718636339.311039,0.0,0.0
1718636339.756601,0.0,0.0
1718636340.3938541,0.0,0.0
1718636341.1710641,0.0,0.0
1718636341.7235737,0.0,0.0
1718636342.1534371,0.0,0.0
1718636342.6451948,0.0,0.0
1718636343.275633,0.0,0.0
1718636343.8730042,0.0,0.0
1718636344.4046295,0.0,0.0
1718636344.8711228,0.0,0.0
1718636345.409328,0.0,0.0
1718636348.8632529,0.0,0.0
1718636349.4612305,0.0,0.0
1718636349.9929419,0.0,0.0
1718636350.5186257,0.0,0.0
1718636351.0503602,0.0,0.0
1718636351.615311,0.0,0.0
1718636352.0963075,0.0,0.0
1718636352.5220296,0.0,0.0
1718636352.8680458,0.0,0.0
1718636353.33852,0.0,0.0
1718636353.69817,0.0,0.0
1718636354.1060889,0.0,0.0
1718636354.706205,0.0,0.0
1718636355.130257,0.0,0.0
1718636355.5423856,0.0,0.0
1718636355.940141,0.0,0.0
1718636356.4634638,0.0,0.0
1718636356.8912659,0.0,0.0
1718636357.3173525,0.0,0.0
1718636357.848733,0.0,0.0
1718636358.3326068,0.0,0.0
1718636358.8620224,0.0,0.0
1718636359.2137501,0.0,0.0
1718636359.5730774,0.0,0.0
1718636359.9477625,0.0,0.0
1718636360.3571355,0.0,0.0
1718636360.7676144,0.0,0.0
1718636361.1498673,0.0,0.0
1718636361.6042004,0.0,0.0
1718636362.0532045,0.0,0.0
1718636362.3829675,0.0,0.0
1718636362.7597368,0.0,0.0
1718636363.179939,0.0,0.0
1718636363.5902655,0.0,0.0
1718636364.0085847,0.0,0.0
1718636364.3659558,0.0,0.0
1718636364.9111075,0.0,0.0
1718636365.2934935,0.0,0.0
1718636365.7358425,0.0,0.0
1718636366.1092849,0.0,0.0
1718636366.4601479,0.0,0.0
1718636366.7799351,0.0,0.0
1718636367.0110037,0.0,0.0
1718636367.367081,0.0,0.0
1718636367.7526069,0.0,0.0
1718636368.0442097,0.0,0.0
1718636368.3680968,0.0,0.0
1718636368.6507885,0.0,0.0
1718636368.8781326,0.0,0.0
1718636369.1721013,0.0,0.0
1718636369.485582,0.0,0.0
1718636369.993123,0.0,0.0
1718636370.4189417,0.0,0.0
1718636370.8617978,0.0,0.0
1718636371.2737434,0.0,0.0
1718636371.4795084,0.0,0.0
1718636371.678168,0.0,0.0
1718636371.8754733,0.0,0.0
1718636372.051162,0.0,0.0
1718636372.2456894,0.0,0.0
1718636372.436434,0.0,0.0
1718636372.6023428,0.0,0.0
1718636372.780371,0.0,0.0
1718636372.9583392,0.0,0.0
1718636373.183032,0.0,0.0
1718636373.4174082,0.0,0.0
1718636373.6589463,0.0,0.0
1718636374.0786114,0.0,0.0
1718636374.4250352,0.0,0.0
1718636374.844799,0.0,0.0
1718636375.2860472,0.0,0.0
1718636375.6569436,0.0,0.0
1718636375.9526935,0.0,0.0
1718636376.2372544,0.0,0.0
1718636376.4886384,0.0,0.0
1718636376.8202848,0.0,0.0
1718636377.2124066,0.0,0.0
1718636377.5386353,0.0,0.0
1718636378.0375793,0.0,0.0
1718636378.4968746,0.0,0.0
1718636378.8216035,0.0,0.0
1718636379.195168,0.0,0.0
1718636379.6142056,0.0,0.0
1718636379.990362,0.0,0.0
1718636380.3241363,0.0,0.0
1718636380.6937497,0.0,0.0
1718636381.0933683,0.0,0.0
1718636381.4193723,0.0,0.0
1718636381.8986523,0.0,0.0
1718636382.2226272,0.0,0.0
1718636382.5109034,0.0,0.0
1718636382.9005938,0.0,0.0
1718636383.2782216,0.0,0.0
1718636383.636274,0.0,0.0
1718636384.0846403,0.0,0.0
1718636384.414768,0.0,0.0
1718636384.8475358,0.0,0.0
1718636385.1770718,0.0,0.0
1718636385.5073812,0.0,0.0
1718636385.856783,0.0,0.0
1718636386.18063,0.0,0.0
1718636386.6402996,0.0,0.0
1718636387.1182635,0.0,0.0
1718636387.6056204,0.0,0.0
1718636388.1290693,0.0,0.0
1718636388.6028516,0.0,0.0
1718636389.226822,0.0,0.0
1718636389.795776,0.0,0.0
1718636390.5007772,0.0,0.0
1718636390.9092686,0.0,0.0
1718636391.2959175,0.0,0.0
1718636391.7691271,0.0,0.0
1718636392.3159153,0.0,0.0
1718636393.05187,0.0,0.0
1718636393.479346,0.0,0.0
1718636393.9521835,0.0,0.0
1718636394.4190323,0.0,0.0
1718636394.9578965,0.0,0.0
1718636395.42637,0.0,0.0
1718636396.1054285,0.0,0.0
1718636396.6129816,0.0,0.0
1718636397.0030298,0.0,0.0
1718636397.598244,0.0,0.0
1718636398.388255,0.0,0.0
1718636399.0029824,0.0,0.0
1718636399.5032172,0.0,0.0
1718636400.174353,0.0,0.0
1718636400.7107172,0.0,0.0
1718636401.2770343,0.0,0.0
1718636401.8305063,0.0,0.0
1718636402.5420825,0.0,0.0
1718636403.281116,0.0,0.0
1718636403.6467178,0.0,0.0
1718636404.0514493,0.0,0.0
1718636404.5800004,0.0,0.0
1718636405.1524339,0.0,0.0
1718636405.809329,0.0,0.0
1718636406.5206614,0.0,0.0
1718636407.1809528,0.0,0.0
1718636407.828798,0.0,0.0
1718636408.3805254,0.0,0.0
1718636408.8950183,0.0,0.0
1718636409.341572,0.0,0.0
1718636410.0767589,0.0,0.0
1718636410.4426088,0.0,0.0
1718636410.9403443,0.0,0.0
1718636411.351766,0.0,0.0
1718636411.838722,0.0,0.0
1718636412.325998,0.0,0.0
1718636412.7475183,0.0,0.0
1718636413.2266548,0.0,0.0
1718636413.6566613,0.0,0.0
1718636414.114108,0.0,0.0
1718636414.53765,0.0,0.0
1718636415.036332,0.0,0.0
1718636415.5335584,0.0,0.0
1718636415.921998,0.0,0.0
1718636416.35903,0.0,0.0
1718636416.807681,0.0,0.0
1718636417.4023747,0.0,0.0
1718636417.8122756,0.0,0.0
1718636418.3168983,0.0,0.0
1718636418.7363212,0.0,0.0
1718636419.1741831,0.0,0.0
1718636419.6162286,0.0,0.0
1718636420.0489635,0.0,0.0
1718636420.4806576,0.0,0.0
1718636420.9228466,0.0,0.0
1718636421.3557644,0.0,0.0
1718636421.7490895,0.0,0.0
1718636422.2481458,0.0,0.0
1718636422.6443257,0.0,0.0
1718636423.1933835,0.0,0.0
1718636423.530806,0.0,0.0
1718636423.9359093,0.0,0.0
1718636424.2561986,0.0,0.0
1718636424.544422,0.0,0.0
1718636424.8180072,0.0,0.0
1718636425.2258308,0.0,0.0
1718636425.5825346,0.0,0.0
1718636425.9085078,0.0,0.0
1718636426.1878858,0.0,0.0
1718636426.5145247,0.0,0.0
1718636427.1134448,0.0,0.0
1718636427.6110206,0.0,0.0
1718636428.0677967,0.0,0.0
1718636428.3388922,0.0,0.0
1718636428.532521,0.0,0.0
1718636428.7302089,0.0,0.0
1718636428.9275804,0.0,0.0
1718636429.1261694,0.0,0.0
1718636429.3217976,0.0,0.0
1718636429.5727446,0.0,0.0
1718636429.7388885,0.0,0.0
1718636429.9505916,0.0,0.0
1718636430.1716826,0.0,0.0
1718636430.3930156,0.0,0.0
1718636430.7210257,0.0,0.0
1718636431.044746,0.0,0.0
1718636431.4287784,0.0,0.0
1718636431.786933,0.0,0.0
1718636432.2250195,0.0,0.0
1718636432.544988,0.0,0.0
1718636432.8405414,0.0,0.0
1718636433.1352212,0.0,0.0
1718636433.437172,0.0,0.0
1718636433.747907,0.0,0.0
1718636434.1471646,0.0,0.0
1718636434.6303794,0.0,0.0
1718636435.0646222,0.0,0.0
1718636435.5326996,0.0,0.0
1718636435.9087143,0.0,0.0
1718636436.2114909,0.0,0.0
1718636436.5459824,0.0,0.0
1718636436.87262,0.0,0.0
1718636437.2130842,0.0,0.0
1718636437.532368,0.0,0.0
1718636437.9102106,0.0,0.0
1718636438.2285638,0.0,0.0
1718636438.5663347,0.0,0.0
1718636438.8703842,0.0,0.0
1718636439.1950471,0.0,0.0
1718636439.564346,0.0,0.0
1718636440.0763974,0.0,0.0
1718636440.4244497,0.0,0.0
1718636440.870746,0.0,0.0
1718636441.1701047,0.0,0.0
1718636441.5802712,0.0,0.0
1718636441.9524558,0.0,0.0
1718636442.3627596,0.0,0.0
1718636442.8137836,0.0,0.0
1718636443.2442453,0.0,0.0
1718636443.678089,0.0,0.0
1718636444.1376646,0.0,0.0
1718636444.6380222,0.0,0.0
1718636445.1184707,0.0,0.0
1718636445.6732275,0.0,0.0
1718636446.265668,0.0,0.0
1718636446.870045,0.0,0.0
1718636447.4222882,0.0,0.0
1718636447.8203917,0.0,0.0
1718636448.301892,0.0,0.0
1718636448.8747795,0.0,0.0
1718636449.5252645,0.0,0.0
1718636450.0604215,0.0,0.0
1718636450.505901,0.0,0.0
1718636450.9663858,0.0,0.0
1718636451.46797,0.0,0.0
1718636451.9560704,0.0,0.0
1718636452.4204755,0.0,0.0
1718636453.0361466,0.0,0.0
1718636453.572337,0.0,0.0
1718636454.0848808,0.0,0.0
1718636454.8274407,0.0,0.0
1718636455.5728912,0.0,0.0
1718636456.2684872,0.0,0.0
1718636456.7247555,0.0,0.0
1718636457.190977,0.0,0.0
1718636457.7556658,0.0,0.0
1718636458.4623697,0.0,0.0
1718636459.005739,0.0,0.0
1718636459.4831097,0.0,0.0
1718636460.0998192,0.0,0.0
1718636460.520348,0.0,0.0
1718636460.933169,0.0,0.0
1718636461.4038727,0.0,0.0
1718636461.971354,0.0,0.0
1718636462.612886,0.0,0.0
1718636463.2263281,0.0,0.0
1718636463.8900247,0.0,0.0
1718636464.52828,0.0,0.0
1718636465.1241205,0.0,0.0
1718636465.646657,0.0,0.0
1718636466.1329994,0.0,0.0
1718636466.6288164,0.0,0.0
1718636467.1212077,0.0,0.0
1718636467.5655363,0.0,0.0
1718636468.044462,0.0,0.0
1718636468.471459,0.0,0.0
1718636469.074325,0.0,0.0
1718636469.7002707,0.0,0.0
1718636470.1519408,0.0,0.0
1718636470.6209142,0.0,0.0
1718636471.081194,0.0,0.0
1718636471.5189261,0.0,0.0
1718636471.9791048,0.0,0.0
1718636472.4107862,0.0,0.0
1718636472.902664,0.0,0.0
1718636473.443168,0.0,0.0
1718636473.8394961,0.0,0.0
1718636474.348884,0.0,0.0
1718636474.8229425,0.0,0.0
1718636475.3050086,0.0,0.0
1718636475.7999425,0.0,0.0
1718636476.3388581,0.0,0.0
1718636476.7503684,0.0,0.0
1718636477.2353368,0.0,0.0
1718636477.7391827,0.0,0.0
1718636478.1338,0.0,0.0
1718636478.5166655,0.0,0.0
1718636478.9627583,0.0,0.0
1718636479.3774703,0.0,0.0
1718636479.824357,0.0,0.0
1718636480.1903853,0.0,0.0
1718636480.501322,0.0,0.0
1718636480.7383747,0.0,0.0
1718636481.0145466,0.0,0.0
1718636481.3823214,0.0,0.0
1718636481.68445,0.0,0.0
1718636482.059992,0.0,0.0
1718636482.389273,0.0,0.0
1718636482.6849673,0.0,0.0
1718636483.032261,0.0,0.0
1718636483.4545724,0.0,0.0
1718636483.8889384,0.0,0.0
1718636484.3292131,0.0,0.0
1718636484.8222687,0.0,0.0
1718636485.3152592,0.0,0.0
1718636485.5284994,0.0,0.0
1718636485.7349174,0.0,0.0
1718636485.9389935,0.0,0.0
1718636486.1395488,0.0,0.0
1718636486.3390305,0.0,0.0
1718636486.5411475,0.0,0.0
1718636486.7011843,0.0,0.0
1718636486.906369,0.0,0.0
1718636487.146508,0.0,0.0
1718636487.543565,0.0,0.0
1718636488.004504,0.0,0.0
1718636488.4335349,0.0,0.0
1718636488.874052,0.0,0.0
1718636489.3752713,0.0,0.0
1718636489.6639678,0.0,0.0
1718636490.0203528,0.0,0.0
1718636490.372856,0.0,0.0
1718636490.7030096,0.0,0.0
1718636491.030163,0.0,0.0
1718636491.5463774,0.0,0.0
1718636492.0922527,0.0,0.0
1718636492.5250459,0.0,0.0
1718636492.8594131,0.0,0.0
1718636493.2560449,0.0,0.0
1718636493.600489,0.0,0.0
1718636493.9087274,0.0,0.0
1718636494.215126,0.0,0.0
1718636494.5343778,0.0,0.0
1718636494.899621,0.0,0.0
1718636495.2616735,0.0,0.0
1718636495.6071455,0.0,0.0
1718636495.9379938,0.0,0.0
1718636496.3296173,0.0,0.0
1718636496.6515641,0.0,0.0
1718636497.024097,0.0,0.0
1718636497.53898,0.0,0.0
1718636497.9984524,0.0,0.0
1718636498.44302,0.0,0.0
1718636498.8362174,0.0,0.0
1718636499.1745486,0.0,0.0
1718636499.5289114,0.0,0.0
1718636499.9045038,0.0,0.0
1718636500.3057966,0.0,0.0
1718636500.770245,0.0,0.0
1718636501.256402,0.0,0.0
1718636501.8618727,0.0,0.0
1718636502.5031374,0.0,0.0
1718636503.0522232,0.0,0.0
1718636503.7679908,0.0,0.0
1718636504.327049,0.0,0.0
1718636504.7423356,0.0,0.0
1718636505.1819844,0.0,0.0
1718636505.7593179,0.0,0.0
1718636506.4061337,0.0,0.0
1718636506.9825351,0.0,0.0
1718636507.4466796,0.0,0.0
1718636507.913988,0.0,0.0
1718636508.4807503,0.0,0.0
1718636508.9588156,0.0,0.0
1718636509.4644089,0.0,0.0
1718636509.9878798,0.0,0.0
1718636510.4958873,0.0,0.0
1718636510.9852915,0.0,0.0
1718636511.6332264,0.0,0.0
1718636512.5178504,0.0,0.0
1718636513.2704911,0.0,0.0
1718636513.849236,0.0,0.0
1718636514.3218362,0.0,0.0
1718636514.950332,0.0,0.0
1718636515.6554363,0.0,0.0
1718636516.3530824,0.0,0.0
1718636516.9941719,0.0,0.0
1718636517.507828,0.0,0.0
1718636517.9112854,0.0,0.0
1718636518.4228942,0.0,0.0
1718636518.952797,0.0,0.0
1718636519.5716712,0.0,0.0
1718636520.2318995,0.0,0.0
1718636520.8772295,0.0,0.0
1718636521.5157294,0.0,0.0
1718636522.0960958,0.0,0.0
1718636522.6595426,0.0,0.0
1718636523.2215552,0.0,0.0
1718636523.71756,0.0,0.0
1718636524.2259355,0.0,0.0
1718636524.674375,0.0,0.0
1718636525.1507008,0.0,0.0
1718636525.5939248,0.0,0.0
1718636526.230135,0.0,0.0
1718636526.7509973,0.0,0.0
1718636527.1995091,0.0,0.0
1718636527.6746697,0.0,0.0
1718636528.1466467,0.0,0.0
1718636528.6247163,0.0,0.0
1718636529.0685818,0.0,0.0
1718636529.5103047,0.0,0.0
1718636529.9808576,0.0,0.0
1718636530.4080217,0.0,0.0
1718636530.738128,0.0,0.0
1718636531.1548204,0.0,0.0
1718636531.6013503,0.0,0.0
1718636532.0468276,0.0,0.0
1718636532.52437,0.0,0.0
1718636532.9948368,0.0,0.0
1718636533.4941747,0.0,0.0
1718636533.8971758,0.0,0.0
1718636534.3910623,0.0,0.0
1718636534.9147894,0.0,0.0
1718636535.3089573,0.0,0.0
1718636535.6830573,0.0,0.0
1718636536.1123724,0.0,0.0
1718636536.5541558,0.0,0.0
1718636537.0401225,0.0,0.0
1718636537.4136064,0.0,0.0
1718636537.8744779,0.0,0.0
1718636538.1454065,0.0,0.0
1718636538.387927,0.0,0.0
1718636538.7296832,0.0,0.0
1718636539.155081,0.0,0.0
1718636539.5497315,0.0,0.0
1718636539.8392851,0.0,0.0
1718636540.0785863,0.0,0.0
1718636540.3898613,0.0,0.0
1718636540.732058,0.0,0.0
1718636541.279466,0.0,0.0
1718636541.962116,0.0,0.0
1718636542.3589733,0.0,0.0
1718636542.8368444,0.0,0.0
1718636543.0685835,0.0,0.0
1718636543.328425,0.0,0.0
1718636543.5314138,0.0,0.0
1718636543.7386177,0.0,0.0
1718636543.95038,0.0,0.0
1718636544.1513145,0.0,0.0
1718636544.3626418,0.0,0.0
1718636544.6012614,0.0,0.0
1718636544.7614663,0.0,0.0
1718636544.9558995,0.0,0.0
1718636545.1947725,0.0,0.0
1718636545.4074697,0.0,0.0
1718636545.7462497,0.0,0.0
1718636546.132444,0.0,0.0
1718636546.5058281,0.0,0.0
1718636546.9497423,0.0,0.0
1718636547.4306586,0.0,0.0
1718636547.8043861,0.0,0.0
1718636548.1398497,0.0,0.0
1718636548.4027755,0.0,0.0
1718636548.729958,0.0,0.0
1718636549.0833206,0.0,0.0
1718636549.5537083,0.0,0.0
1718636550.0514176,0.0,0.0
1718636550.5881565,0.0,0.0
1718636551.0023854,0.0,0.0
1718636551.370209,0.0,0.0
1718636551.6916578,0.0,0.0
1718636552.0335627,0.0,0.0
1718636552.356588,0.0,0.0
1718636552.6689055,0.0,0.0
1718636553.074374,0.0,0.0
1718636553.4059627,0.0,0.0
1718636553.7762272,0.0,0.0
1718636554.1686218,0.0,0.0
1718636554.4987164,0.0,0.0
1718636554.8185842,0.0,0.0
1718636555.2143786,0.0,0.0
1718636555.5918922,0.0,0.0
1718636556.1717489,0.0,0.0
1718636556.4968488,0.0,0.0
1718636556.8834026,0.0,0.0
1718636557.2236385,0.0,0.0
1718636557.589843,0.0,0.0
1718636558.025604,0.0,0.0
1718636558.3813946,0.0,0.0
1718636558.9203796,0.0,0.0
1718636559.4406717,0.0,0.0
1718636560.08496,0.0,0.0
1718636560.5719774,0.0,0.0
1718636561.1613739,0.0,0.0
1718636561.753447,0.0,0.0
1718636562.2619917,0.0,0.0
1718636562.9495924,0.0,0.0
1718636563.4722269,0.0,0.0
1718636564.070672,0.0,0.0
1718636564.6592581,0.0,0.0
1718636565.1435187,0.0,0.0
1718636565.5935454,0.0,0.0
1718636566.1359293,0.0,0.0
1718636566.667161,0.0,0.0
1718636567.173074,0.0,0.0
1718636567.7749562,0.0,0.0
1718636568.3367193,0.0,0.0
1718636568.808296,0.0,0.0
1718636569.3239093,0.0,0.0
1718636570.3797295,0.0,0.0
1718636571.044512,0.0,0.0
1718636571.6936698,0.0,0.0
1718636572.1919036,0.0,0.0
1718636572.77686,0.0,0.0
1718636573.3542135,0.0,0.0
1718636573.930764,0.0,0.0
1718636574.5618694,0.0,0.0
1718636575.1543744,0.0,0.0
1718636575.6535885,0.0,0.0
1718636576.1906006,0.0,0.0
1718636576.5679088,0.0,0.0
1718636577.0228496,0.0,0.0
1718636577.6040905,0.0,0.0
1718636578.2694135,0.0,0.0
1718636578.9253278,0.0,0.0
1718636579.5949433,0.0,0.0
1718636580.6846464,0.0,0.0
1718636581.824953,0.0,0.0
1718636582.4086623,0.0,0.0
1718636583.076929,0.0,0.0
1718636583.5878565,0.0,0.0
1718636584.1145456,0.0,0.0
1718636584.5235906,0.0,0.0
1718636585.0474892,0.0,0.0
1718636585.5562422,0.0,0.0
1718636586.014404,0.0,0.0
1718636586.4409869,0.0,0.0
1718636586.8782482,0.0,0.0
1718636587.4364362,0.0,0.0
1718636587.951212,0.0,0.0
1718636588.4297943,0.0,0.0
1718636589.0060043,0.0,0.0
1718636589.50549,0.0,0.0
1718636589.9518616,0.0,0.0
1718636590.3683484,0.0,0.0
1718636590.7695792,0.0,0.0
1718636591.1503363,0.0,0.0
1718636591.56417,0.0,0.0
1718636592.1791573,0.0,0.0
1718636592.617389,0.0,0.0
1718636593.0966437,0.0,0.0
1718636593.4706626,0.0,0.0
1718636593.9268286,0.0,0.0
1718636594.3459103,0.0,0.0
1718636594.7558784,0.0,0.0
1718636595.2163284,0.0,0.0
1718636595.59691,0.0,0.0
1718636596.03599,0.0,0.0
1718636596.521813,0.0,0.0
1718636596.982903,0.0,0.0
1718636597.3963437,0.0,0.0
1718636597.8903878,0.0,0.0
1718636598.2840018,0.0,0.0
1718636598.8197048,0.0,0.0
1718636599.2705302,0.0,0.0
1718636599.67782,0.0,0.0
1718636600.0465167,0.0,0.0
1718636600.4047594,0.0,0.0
1718636600.8794143,0.0,0.0
1718636601.2143614,0.0,0.0
1718636601.510782,0.0,0.0
1718636601.7929277,0.0,0.0
1718636602.1491296,0.0,0.0
1718636602.5583675,0.0,0.0
1718636602.9300992,0.0,0.0
1718636603.2900736,0.0,0.0
1718636603.5569196,0.0,0.0
1718636603.8116956,0.0,0.0
1718636604.0928562,0.0,0.0
1718636604.492223,0.0,0.0
1718636604.9711995,0.0,0.0
1718636605.620571,0.0,0.0
1718636606.203228,0.0,0.0
1718636606.6486688,0.0,0.0
1718636606.9009192,0.0,0.0
1718636607.1913996,0.0,0.0
1718636607.4013608,0.0,0.0
1718636607.5911393,0.0,0.0
1718636607.7900217,0.0,0.0
1718636608.000714,0.0,0.0
1718636608.2083395,0.0,0.0
1718636608.4003341,0.0,0.0
1718636608.6055007,0.0,0.0
1718636608.81962,0.0,0.0
1718636609.0111117,0.0,0.0
1718636609.2246025,0.0,0.0
1718636609.4123673,0.0,0.0
1718636609.631731,0.0,0.0
1718636609.821658,0.0,0.0
1718636610.0712423,0.0,0.0
1718636610.2835262,0.0,0.0
1718636610.5261562,0.0,0.0
1718636610.8733447,0.0,0.0
1718636611.2625296,0.0,0.0
1718636611.6258335,0.0,0.0
1718636612.026431,0.0,0.0
1718636612.5278084,0.0,0.0
1718636612.9983857,0.0,0.0
1718636613.2873192,0.0,0.0
1718636613.6852798,0.0,0.0
1718636613.998777,0.0,0.0
1718636614.4206808,0.0,0.0
1718636614.8704748,0.0,0.0
1718636615.3783445,0.0,0.0
1718636615.8614886,0.0,0.0
1718636616.4023745,0.0,0.0
1718636616.8350925,0.0,0.0
1718636617.1599305,0.0,0.0
1718636617.5247936,0.0,0.0
1718636617.8738918,0.0,0.0
1718636618.1994402,0.0,0.0
1718636618.5126326,0.0,0.0
1718636618.8377101,0.0,0.0
1718636619.1769207,0.0,0.0
1718636619.4989383,0.0,0.0
1718636619.8542476,0.0,0.0
1718636620.2103236,0.0,0.0
1718636620.6222506,0.0,0.0
1718636620.8870797,0.0,0.0
1718636621.2799404,0.0,0.0
1718636621.6895647,0.0,0.0
1718636622.0902448,0.0,0.0
1718636622.6077838,0.0,0.0
1718636623.015756,0.0,0.0
1718636623.3786547,0.0,0.0
1718636623.69501,0.0,0.0
1718636624.0601914,0.0,0.0
1718636624.504618,0.0,0.0
1718636624.8692849,0.0,0.0
1718636625.3057747,0.0,0.0
1718636625.7047818,0.0,0.0
1718636626.1413279,0.0,0.0
1718636626.5526457,0.0,0.0
1718636627.325617,0.0,0.0
1718636627.824355,0.0,0.0
1718636628.5036912,0.0,0.0
1718636629.0903752,0.0,0.0
1718636629.6036885,0.0,0.0
1718636630.3168879,0.0,0.0
1718636630.9474277,0.0,0.0
1718636631.3274395,0.0,0.0
1718636631.7560859,0.0,0.0
1718636632.2663677,0.0,0.0
1718636632.8403244,0.0,0.0
1718636633.3663735,0.0,0.0
1718636633.8646016,0.0,0.0
1718636634.3032725,0.0,0.0
1718636634.7860043,0.0,0.0
1718636635.2855868,0.0,0.0
1718636635.774226,0.0,0.0
1718636636.295373,0.0,0.0
1718636636.8366137,0.0,0.0
1718636637.4371533,0.0,0.0
1718636637.9533706,0.0,0.0
1718636638.5308654,0.0,0.0
1718636638.988773,0.0,0.0
1718636639.4720442,0.0,0.0
1718636640.3185797,0.0,0.0
1718636641.2084897,0.0,0.0
1718636642.076716,0.0,0.0
1718636642.6018248,0.0,0.0
1718636643.2795815,0.0,0.0
1718636643.902724,0.0,0.0
1718636644.617394,0.0,0.0
1718636645.2231038,0.0,0.0
1718636645.7425325,0.0,0.0
1718636646.3305323,0.0,0.0
1718636646.8433697,0.0,0.0
1718636647.2237809,0.0,0.0
1718636647.681584,0.0,0.0
1718636648.277826,0.0,0.0
1718636648.9794426,0.0,0.0
1718636649.7247846,0.0,0.0
1718636650.6002693,0.0,0.0
1718636651.4124289,0.0,0.0
1718636652.506141,0.0,0.0
1718636653.2088084,0.0,0.0
1718636653.659421,0.0,0.0
1718636654.253188,0.0,0.0
1718636654.7964668,0.0,0.0
1718636655.2223713,0.0,0.0
1718636655.7419698,0.0,0.0
1718636656.2302547,0.0,0.0
1718636656.7961686,0.0,0.0
1718636657.3419683,0.0,0.0
1718636657.7832694,0.0,0.0
1718636658.2231934,0.0,0.0
1718636658.5849218,0.0,0.0
1718636659.153044,0.0,0.0
1718636659.8994324,0.0,0.0
1718636660.358669,0.0,0.0
1718636660.8568077,0.0,0.0
1718636661.378375,0.0,0.0
1718636661.9312623,0.0,0.0
1718636662.4752681,0.0,0.0
1718636662.8666575,0.0,0.0
1718636663.4161284,0.0,0.0
1718636663.8618157,0.0,0.0
1718636664.3219886,0.0,0.0
1718636664.9187815,0.0,0.0
1718636665.2999113,0.0,0.0
1718636665.7942605,0.0,0.0
1718636666.3052802,0.0,0.0
1718636666.7167397,0.0,0.0
1718636667.102806,0.0,0.0
1718636667.541042,0.0,0.0
1718636668.0380254,0.0,0.0
1718636668.4569776,0.0,0.0
1718636668.915041,0.0,0.0
1718636669.3745086,0.0,0.0
1718636669.7976787,0.0,0.0
1718636670.2187114,0.0,0.0
1718636670.68712,0.0,0.0
1718636671.0775652,0.0,0.0
1718636671.4861457,0.0,0.0
1718636672.0594,0.0,0.0
1718636672.4311404,0.0,0.0
1718636672.8690438,0.0,0.0
1718636673.2131479,0.0,0.0
1718636673.5343354,0.0,0.0
1718636673.828098,0.0,0.0
1718636674.2037218,0.0,0.0
1718636674.5117943,0.0,0.0
1718636674.8303728,0.0,0.0
1718636675.189023,0.0,0.0
1718636675.4845495,0.0,0.0
1718636675.733041,0.0,0.0
1718636676.010724,0.0,0.0
1718636676.3570242,0.0,0.0
1718636676.8263958,0.0,0.0
1718636677.8553772,0.0,0.0
1718636678.7620223,0.0,0.0
1718636679.5284052,0.0,0.0
1718636679.8179538,0.0,0.0
1718636680.0267031,0.0,0.0
1718636680.252982,0.0,0.0
1718636680.4565887,0.0,0.0
1718636680.6708398,0.0,0.0
1718636680.8619108,0.0,0.0
1718636681.0534313,0.0,0.0
1718636681.2728662,0.0,0.0
1718636681.463252,0.0,0.0
1718636681.658014,0.0,0.0
1718636681.8553598,0.0,0.0
1718636682.0473096,0.0,0.0
1718636682.2470303,0.0,0.0
1718636682.4530637,0.0,0.0
1718636682.6719165,0.0,0.0
1718636682.8356075,0.0,0.0
1718636683.0015333,0.0,0.0
1718636683.1655264,0.0,0.0
1718636683.3324342,0.0,0.0
1718636683.504992,0.0,0.0
1718636683.7062814,0.0,0.0
1718636683.9007695,0.0,0.0
1718636684.1055186,0.0,0.0
1718636684.2977629,0.0,0.0
1718636684.490963,0.0,0.0
1718636684.6981604,0.0,0.0
1718636684.9031134,0.0,0.0
1718636685.209411,0.0,0.0
1718636685.7554727,0.0,0.0
1718636686.0528064,0.0,0.0
1718636686.5465252,0.0,0.0
1718636687.0315402,0.0,0.0
1718636687.437586,0.0,0.0
1718636687.8203359,0.0,0.0
1718636688.148452,0.0,0.0
1718636688.5119195,0.0,0.0
1718636688.9767227,0.0,0.0
1718636689.4960508,0.0,0.0
1718636690.1485054,0.0,0.0
1718636690.5187907,0.0,0.0
1718636690.935142,0.0,0.0
1718636691.2850971,0.0,0.0
1718636691.5903337,0.0,0.0
1718636691.8870327,0.0,0.0
1718636692.2143717,0.0,0.0
1718636692.4980066,0.0,0.0
1718636692.810812,0.0,0.0
1718636693.1475265,0.0,0.0
1718636693.5506313,0.0,0.0
1718636693.937306,0.0,0.0
1718636694.4553008,0.0,0.0
1718636694.8431265,0.0,0.0
1718636695.1843107,0.0,0.0
1718636695.5371711,0.0,0.0
1718636695.9086456,0.0,0.0
1718636696.5208395,0.0,0.0
1718636697.065138,0.0,0.0
1718636697.3551815,0.0,0.0
1718636697.7525754,0.0,0.0
1718636698.1220279,0.0,0.0
1718636698.5044746,0.0,0.0
1718636698.989527,0.0,0.0
1718636699.401862,0.0,0.0
1718636699.7534418,0.0,0.0
1718636700.1983693,0.0,0.0
1718636700.8308654,0.0,0.0
1718636701.4099743,0.0,0.0
1718636702.2183695,0.0,0.0
1718636702.7797244,0.0,0.0
1718636703.4051054,0.0,0.0
1718636704.0141819,0.0,0.0
1718636704.572236,0.0,0.0
1718636704.969119,0.0,0.0
1718636705.4495385,0.0,0.0
1718636706.2230508,0.0,0.0
1718636707.0484836,0.0,0.0
1718636707.4499683,0.0,0.0
1718636707.9268603,0.0,0.0
1718636708.3828678,0.0,0.0
1718636708.8459358,0.0,0.0
1718636709.3823652,0.0,0.0
1718636710.0959876,0.0,0.0
1718636710.650302,0.0,0.0
1718636711.3359046,0.0,0.0
1718636711.8671753,0.0,0.0
1718636712.3010142,0.0,0.0
1718636712.8560176,0.0,0.0
1718636713.669007,0.0,0.0
1718636714.5900528,0.0,0.0
1718636715.4002273,0.0,0.0
1718636716.188168,0.0,0.0
1718636716.8203604,0.0,0.0
1718636717.4724348,0.0,0.0
1718636718.1534638,0.0,0.0
1718636718.800534,0.0,0.0
1718636719.451428,0.0,0.0
1718636719.8989372,0.0,0.0
1718636720.451047,0.0,0.0
1718636721.2863781,0.0,0.0
1718636722.3107462,0.0,0.0
1718636723.1983824,0.0,0.0
1718636724.034381,0.0,0.0
1718636724.865362,0.0,0.0
1718636725.4418614,0.0,0.0
1718636725.981825,0.0,0.0
1718636726.5104735,0.0,0.0
1718636727.058875,0.0,0.0
1718636727.4735491,0.0,0.0
1718636728.0713987,0.0,0.0
1718636728.5849667,0.0,0.0
1718636729.2288752,0.0,0.0
1718636729.7071424,0.0,0.0
1718636730.1896207,0.0,0.0
1718636730.84661,0.0,0.0
1718636731.4654975,0.0,0.0
1718636731.973335,0.0,0.0
1718636732.447517,0.0,0.0
1718636732.870828,0.0,0.0
1718636733.3700283,0.0,0.0
1718636733.7997758,0.0,0.0
1718636734.4001715,0.0,0.0
1718636734.9023716,0.0,0.0
1718636735.319138,0.0,0.0
1718636735.8665843,0.0,0.0
1718636736.4568543,0.0,0.0
1718636736.876161,0.0,0.0
1718636737.2688625,0.0,0.0
1718636737.7443643,0.0,0.0
1718636738.1996043,0.0,0.0
1718636738.667206,0.0,0.0
1718636739.1388,0.0,0.0
1718636739.5328274,0.0,0.0
1718636739.9287245,0.0,0.0
1718636740.338132,0.0,0.0
1718636740.7405627,0.0,0.0
1718636741.2573953,0.0,0.0
1718636741.6109102,0.0,0.0
1718636742.216495,0.0,0.0
1718636742.631885,0.0,0.0
1718636742.9915655,0.0,0.0
1718636743.4429183,0.0,0.0
1718636743.782777,0.0,0.0
1718636744.0881655,0.0,0.0
1718636744.3785784,0.0,0.0
1718636744.755272,0.0,0.0
1718636745.044095,0.0,0.0
1718636745.4784915,0.0,0.0
1718636745.8184116,0.0,0.0
1718636746.0742946,0.0,0.0
1718636746.3466213,0.0,0.0
1718636746.6601853,0.0,0.0
1718636747.2900507,0.0,0.0
1718636748.0148804,0.0,0.0
1718636748.5697548,0.0,0.0
1718636748.8267436,0.0,0.0
1718636749.1004496,0.0,0.0
1718636749.2965238,0.0,0.0
1718636749.5120034,0.0,0.0
1718636749.712139,0.0,0.0
1718636749.8990078,0.0,0.0
1718636750.0930424,0.0,0.0
1718636750.3091462,0.0,0.0
1718636750.51754,0.0,0.0
1718636750.7140925,0.0,0.0
1718636750.9138992,0.0,0.0
1718636751.1012335,0.0,0.0
1718636751.3103065,0.0,0.0
1718636751.513436,0.0,0.0
1718636751.730597,0.0,0.0
1718636751.984329,0.0,0.0
1718636752.1654842,0.0,0.0
1718636752.3661609,0.0,0.0
1718636752.574136,0.0,0.0
1718636752.7435992,0.0,0.0
1718636752.950367,0.0,0.0
1718636753.1397817,0.0,0.0
1718636753.3263566,0.0,0.0
1718636753.5092707,0.0,0.0
1718636753.7602181,0.0,0.0
1718636753.9860814,0.0,0.0
1718636754.2997596,0.0,0.0
1718636754.7428713,0.0,0.0
1718636755.3066938,0.0,0.0
1718636755.8339813,0.0,0.0
1718636756.2300332,0.0,0.0
1718636756.5697465,0.0,0.0
1718636756.917991,0.0,0.0
1718636757.2880585,0.0,0.0
1718636757.606852,0.0,0.0
1718636758.1931562,0.0,0.0
1718636758.5764966,0.0,0.0
1718636759.294372,0.0,0.0
1718636759.7070663,0.0,0.0
1718636760.1478283,0.0,0.0
1718636760.5254583,0.0,0.0
1718636760.8589394,0.0,0.0
1718636761.1677332,0.0,0.0
1718636761.488928,0.0,0.0
1718636761.8433478,0.0,0.0
1718636762.1426795,0.0,0.0
1718636762.4839523,0.0,0.0
1718636762.7846901,0.0,0.0
1718636763.1336045,0.0,0.0
1718636763.6350098,0.0,0.0
1718636763.9752362,0.0,0.0
1718636764.3154864,0.0,0.0
1718636764.6460764,0.0,0.0
1718636764.9796245,0.0,0.0
1718636765.5442603,0.0,0.0
1718636766.147365,0.0,0.0
1718636766.5201912,0.0,0.0
1718636766.809301,0.0,0.0
1718636767.2592866,0.0,0.0
1718636767.6563964,0.0,0.0
1718636768.1539786,0.0,0.0
1718636768.664305,0.0,0.0
1718636769.0074456,0.0,0.0
1718636769.433887,0.0,0.0
1718636769.8930507,0.0,0.0
1718636770.64237,0.0,0.0
1718636771.4095883,0.0,0.0
1718636772.1718268,0.0,0.0
1718636772.9582489,0.0,0.0
1718636773.4489508,0.0,0.0
1718636773.8431432,0.0,0.0
1718636774.2389364,0.0,0.0
1718636774.6731594,0.0,0.0
1718636775.1225426,0.0,0.0
1718636776.124747,0.0,0.0
1718636776.725063,0.0,0.0
1718636777.1913567,0.0,0.0
1718636777.668834,0.0,0.0
1718636778.149285,0.0,0.0
1718636778.6761446,0.0,0.0
1718636779.206625,0.0,0.0
1718636779.7205243,0.0,0.0
1718636780.520558,0.0,0.0
1718636781.063961,0.0,0.0
1718636781.483909,0.0,0.0
1718636782.0135472,0.0,0.0
1718636782.7327054,0.0,0.0
1718636783.6527607,0.0,0.0
1718636784.3893588,0.0,0.0
1718636784.9303837,0.0,0.0
1718636785.5821986,0.0,0.0
1718636786.076218,0.0,0.0
1718636786.581982,0.0,0.0
1718636787.3319237,0.0,0.0
1718636788.0990243,0.0,0.0
1718636788.7773845,0.0,0.0
1718636789.2402425,0.0,0.0
1718636789.6340497,0.0,0.0
1718636790.0693848,0.0,0.0
1718636790.5801134,0.0,0.0
1718636791.258949,0.0,0.0
1718636792.0251286,0.0,0.0
1718636792.828894,0.0,0.0
1718636793.558929,0.0,0.0
1718636794.747432,0.0,0.0
1718636795.46394,0.0,0.0
1718636796.1542492,0.0,0.0
1718636796.7195895,0.0,0.0
1718636797.4579077,0.0,0.0
1718636797.8343713,0.0,0.0
1718636798.3946712,0.0,0.0
1718636798.850948,0.0,0.0
1718636799.3685017,0.0,0.0
1718636799.800099,0.0,0.0
1718636800.5288022,0.0,0.0
1718636800.9829197,0.0,0.0
1718636801.456153,0.0,0.0
1718636801.995353,0.0,0.0
1718636802.578597,0.0,0.0
1718636803.101924,0.0,0.0
1718636803.6123295,0.0,0.0
1718636804.043943,0.0,0.0
1718636804.6783705,0.0,0.0
1718636805.165682,0.0,0.0
1718636805.6167066,0.0,0.0
1718636806.218094,0.0,0.0
1718636806.5982454,0.0,0.0
1718636807.0987203,0.0,0.0
1718636807.517163,0.0,0.0
1718636808.0038874,0.0,0.0
1718636808.5823662,0.0,0.0
1718636809.0541372,0.0,0.0
1718636809.4724824,0.0,0.0
1718636809.8883507,0.0,0.0
1718636810.266239,0.0,0.0
1718636810.7825868,0.0,0.0
1718636811.3651075,0.0,0.0
1718636811.949964,0.0,0.0
1718636812.41422,0.0,0.0
1718636812.9653876,0.0,0.0
1718636813.3590677,0.0,0.0
1718636813.8645751,0.0,0.0
1718636814.338882,0.0,0.0
1718636814.849684,0.0,0.0
1718636815.1795988,0.0,0.0
1718636815.473495,0.0,0.0
1718636815.7658553,0.0,0.0
1718636816.1937315,0.0,0.0
1718636816.5121815,0.0,0.0
1718636817.0661497,0.0,0.0
1718636817.3153152,0.0,0.0
1718636817.6008687,0.0,0.0
1718636817.8922899,0.0,0.0
1718636818.3124795,0.0,0.0
1718636819.0074375,0.0,0.0
1718636819.6872878,0.0,0.0
1718636820.3885376,0.0,0.0
1718636820.6957088,0.0,0.0
1718636820.9588041,0.0,0.0
1718636821.1724594,0.0,0.0
1718636821.3689332,0.0,0.0
1718636821.5558,0.0,0.0
1718636821.7727032,0.0,0.0
1718636821.9675596,0.0,0.0
1718636822.169694,0.0,0.0
1718636822.3859487,0.0,0.0
1718636822.583286,0.0,0.0
1718636822.7933848,0.0,0.0
1718636822.986234,0.0,0.0
1718636823.182129,0.0,0.0
1718636823.3799784,0.0,0.0
1718636823.572094,0.0,0.0
1718636823.808827,0.0,0.0
1718636823.971867,0.0,0.0
1718636824.1472445,0.0,0.0
1718636824.3477292,0.0,0.0
1718636824.524637,0.0,0.0
1718636824.7105715,0.0,0.0
1718636824.9036317,0.0,0.0
1718636825.1020298,0.0,0.0
1718636825.2767425,0.0,0.0
1718636825.5248024,0.0,0.0
1718636825.743758,0.0,0.0
1718636826.0565684,0.0,0.0
1718636826.6518862,0.0,0.0
1718636827.0618706,0.0,0.0
1718636827.4714375,0.0,0.0
1718636827.832835,0.0,0.0
1718636828.2226977,0.0,0.0
1718636828.5537362,0.0,0.0
1718636828.9334826,0.0,0.0
1718636829.262371,0.0,0.0
1718636829.6240268,0.0,0.0
1718636830.185736,0.0,0.0
1718636830.717664,0.0,0.0
1718636831.136229,0.0,0.0
1718636831.6215851,0.0,0.0
1718636831.9831123,0.0,0.0
1718636832.3245857,0.0,0.0
1718636832.6470492,0.0,0.0
1718636833.015355,0.0,0.0
1718636833.3436542,0.0,0.0
1718636833.639733,0.0,0.0
1718636834.016157,0.0,0.0
1718636834.3308249,0.0,0.0
1718636834.6770751,0.0,0.0
1718636835.0017095,0.0,0.0
1718636835.3490796,0.0,0.0
1718636835.8413048,0.0,0.0
1718636836.1197252,0.0,0.0
1718636836.505111,0.0,0.0
1718636836.8944838,0.0,0.0
1718636837.2672582,0.0,0.0
1718636837.7475207,0.0,0.0
1718636838.353117,0.0,0.0
1718636838.670389,0.0,0.0
1718636839.0990531,0.0,0.0
1718636839.5429707,0.0,0.0
1718636840.0425072,0.0,0.0
1718636840.5913937,0.0,0.0
1718636840.947437,0.0,0.0
1718636841.4609036,0.0,0.0
1718636842.1423662,0.0,0.0
1718636842.7448304,0.0,0.0
1718636843.3553813,0.0,0.0
1718636844.131927,0.0,0.0
1718636844.773131,0.0,0.0
1718636845.5933614,0.0,0.0
1718636845.9982412,0.0,0.0
1718636846.5712762,0.0,0.0
1718636847.2540662,0.0,0.0
1718636848.0502198,0.0,0.0
1718636848.4975204,0.0,0.0
1718636849.0438213,0.0,0.0
1718636849.525788,0.0,0.0
1718636850.0607464,0.0,0.0
1718636850.5534344,0.0,0.0
1718636851.0212073,0.0,0.0
1718636851.668069,0.0,0.0
1718636852.4723406,0.0,0.0
1718636852.8951418,0.0,0.0
1718636853.416032,0.0,0.0
1718636854.3027508,0.0,0.0
1718636855.0922742,0.0,0.0
1718636855.7689579,0.0,0.0
1718636856.277128,0.0,0.0
1718636856.8335838,0.0,0.0
1718636857.5743258,0.0,0.0
1718636858.284289,0.0,0.0
1718636858.9037657,0.0,0.0
1718636859.7165692,0.0,0.0
1718636860.2393126,0.0,0.0
1718636860.6909351,0.0,0.0
1718636861.242666,0.0,0.0
1718636862.0232096,0.0,0.0
1718636862.7766948,0.0,0.0
1718636863.6027586,0.0,0.0
1718636864.6425257,0.0,0.0
1718636865.3681736,0.0,0.0
1718636866.6061761,0.0,0.0
1718636867.2798264,0.0,0.0
1718636867.846838,0.0,0.0
1718636868.2736595,0.0,0.0
1718636868.8947167,0.0,0.0
1718636869.3359141,0.0,0.0
1718636869.836794,0.0,0.0
1718636870.477379,0.0,0.0
1718636870.8616512,0.0,0.0
1718636871.539712,0.0,0.0
1718636872.0557752,0.0,0.0
1718636872.584592,0.0,0.0
1718636873.0083299,0.0,0.0
1718636873.500969,0.0,0.0
1718636874.0411217,0.0,0.0
1718636874.4832866,0.0,0.0
1718636874.9713457,0.0,0.0
1718636875.4795005,0.0,0.0
1718636875.941825,0.0,0.0
1718636876.4255195,0.0,0.0
1718636876.9332309,0.0,0.0
1718636877.394843,0.0,0.0
1718636877.8649013,0.0,0.0
1718636878.3682005,0.0,0.0
1718636878.8366926,0.0,0.0
1718636879.2956667,0.0,0.0
1718636879.729318,0.0,0.0
1718636880.187401,0.0,0.0
1718636880.661418,0.0,0.0
1718636881.1162727,0.0,0.0
1718636881.5009825,0.0,0.0
1718636881.883206,0.0,0.0
1718636882.249985,0.0,0.0
1718636882.6921368,0.0,0.0
1718636883.0274534,0.0,0.0
1718636883.4183283,0.0,0.0
1718636883.8591187,0.0,0.0
1718636884.1503801,0.0,0.0
1718636884.4690585,0.0,0.0
1718636885.1038852,0.0,0.0
1718636885.708671,0.0,0.0
1718636886.2590523,0.0,0.0
1718636886.5060227,0.0,0.0
1718636886.7836678,0.0,0.0
1718636887.003888,0.0,0.0
1718636887.2191606,0.0,0.0
1718636887.4356754,0.0,0.0
1718636887.65636,0.0,0.0
1718636887.9113681,0.0,0.0
1718636888.0808659,0.0,0.0
1718636888.3152769,0.0,0.0
1718636888.6004019,0.0,0.0
1718636888.9070427,0.0,0.0
1718636889.3620534,0.0,0.0
1718636889.8488548,0.0,0.0
1718636890.35298,0.0,0.0
1718636890.750338,0.0,0.0
1718636891.0655174,0.0,0.0
1718636891.4329116,0.0,0.0
1718636891.8044846,0.0,0.0
1718636892.1730382,0.0,0.0
1718636892.585239,0.0,0.0
1718636896.1559892,0.0,0.0
1718636896.6222627,0.0,0.0
1718636897.0409856,0.0,0.0
1718636897.4502516,0.0,0.0
1718636897.8523595,0.0,0.0
1718636898.2323647,0.0,0.0
1718636898.6172872,0.0,0.0
1718636899.1572256,0.0,0.0
1718636899.5524168,0.0,0.0
1718636899.9735675,0.0,0.0
1718636900.4140365,0.0,0.0
1718636900.841691,0.0,0.0
1718636901.334079,0.0,0.0
1718636901.898293,0.0,0.0
1718636902.4959764,0.0,0.0
1718636903.164493,0.0,0.0
1718636903.8027143,0.0,0.0
1718636904.3627005,0.0,0.0
1718636905.0479612,0.0,0.0
1718636905.6814055,0.0,0.0
1718636906.2843747,0.0,0.0
1718636906.709252,0.0,0.0
1718636907.2008317,0.0,0.0
1718636907.753663,0.0,0.0
1718636908.3328993,0.0,0.0
1718636908.8895533,0.0,0.0
1718636909.3912835,0.0,0.0
1718636909.9316983,0.0,0.0
1718636910.5448768,0.0,0.0
1718636911.1018064,0.0,0.0
1718636911.6822333,0.0,0.0
1718636912.2223027,0.0,0.0
1718636912.743276,0.0,0.0
1718636913.1791296,0.0,0.0
1718636913.8383148,0.0,0.0
1718636914.620535,0.0,0.0
1718636915.29699,0.0,0.0
1718636915.9294772,0.0,0.0
1718636916.5413885,0.0,0.0
1718636917.106872,0.0,0.0
1718636917.6877985,0.0,0.0
1718636918.4788427,0.0,0.0
1718636919.11768,0.0,0.0
1718636919.7977538,0.0,0.0
1718636920.2919128,0.0,0.0
1718636920.9343626,0.0,0.0
1718636921.8386867,0.0,0.0
1718636922.5791895,0.0,0.0
1718636923.2928538,0.0,0.0
1718636924.0048625,0.0,0.0
1718636924.6442857,0.0,0.0
1718636925.5262365,0.0,0.0
1718636926.2278044,0.0,0.0
1718636926.833646,0.0,0.0
1718636927.2570133,0.0,0.0
1718636927.7378273,0.0,0.0
1718636928.3935258,0.0,0.0
1718636929.0377007,0.0,0.0
1718636929.5240836,0.0,0.0
1718636930.0967114,0.0,0.0
1718636930.5819256,0.0,0.0
1718636931.085799,0.0,0.0
1718636931.602181,0.0,0.0
1718636932.2039275,0.0,0.0
1718636932.6100414,0.0,0.0
1718636933.0160387,0.0,0.0
1718636933.4707391,0.0,0.0
1718636933.9482584,0.0,0.0
1718636934.3910177,0.0,0.0
1718636934.8997586,0.0,0.0
1718636935.3339539,0.0,0.0
1718636935.8017602,0.0,0.0
1718636936.2404263,0.0,0.0
1718636936.7513354,0.0,0.0
1718636937.1840363,0.0,0.0
1718636937.599305,0.0,0.0
1718636938.0223312,0.0,0.0
1718636938.4285936,0.0,0.0
1718636938.8947847,0.0,0.0
1718636939.3496583,0.0,0.0
1718636939.734052,0.0,0.0
1718636940.1673465,0.0,0.0
1718636940.4764073,0.0,0.0
1718636940.7778053,0.0,0.0
1718636941.2117136,0.0,0.0
1718636941.5277495,0.0,0.0
1718636941.873998,0.0,0.0
1718636942.198241,0.0,0.0
1718636942.5311725,0.0,0.0
1718636943.142095,0.0,0.0
1718636943.7932253,0.0,0.0
1718636944.3286977,0.0,0.0
1718636944.5845406,0.0,0.0
1718636944.8843484,0.0,0.0
1718636945.1068695,0.0,0.0
1718636945.3233383,0.0,0.0
1718636945.5466983,0.0,0.0
1718636945.7594655,0.0,0.0
1718636945.9835477,0.0,0.0
1718636946.214942,0.0,0.0
1718636946.44483,0.0,0.0
1718636946.6761405,0.0,0.0
1718636946.9979978,0.0,0.0
1718636947.5727563,0.0,0.0
1718636948.0663433,0.0,0.0
1718636948.499267,0.0,0.0
1718636948.8751023,0.0,0.0
1718636949.2031374,0.0,0.0
1718636949.558639,0.0,0.0
1718636949.8900785,0.0,0.0
1718636950.1885731,0.0,0.0
1718636950.6598108,0.0,0.0
1718636951.1014886,0.0,0.0
1718636951.7236354,0.0,0.0
1718636952.1375906,0.0,0.0
1718636952.5826368,0.0,0.0
1718636952.9406822,0.0,0.0
1718636953.271382,0.0,0.0
1718636953.5983634,0.0,0.0
1718636953.9009566,0.0,0.0
1718636954.264756,0.0,0.0
1718636954.5640156,0.0,0.0
1718636955.1049383,0.0,0.0
1718636955.4329772,0.0,0.0
1718636955.804746,0.0,0.0
1718636956.1502361,0.0,0.0
1718636956.7116923,0.0,0.0
1718636957.2182677,0.0,0.0
1718636957.5645478,0.0,0.0
1718636958.033031,0.0,0.0
1718636958.4372015,0.0,0.0
1718636958.7996027,0.0,0.0
1718636959.2391567,0.0,0.0
1718636959.6825187,0.0,0.0
1718636960.2376347,0.0,0.0
1718636960.966723,0.0,0.0
1718636961.5718281,0.0,0.0
1718636962.1619766,0.0,0.0
1718636962.866542,0.0,0.0
1718636963.6942976,0.0,0.0
1718636964.107476,0.0,0.0
1718636964.6132743,0.0,0.0
1718636965.419838,0.0,0.0
1718636966.190609,0.0,0.0
1718636966.7028627,0.0,0.0
1718636967.2874753,0.0,0.0
1718636967.875793,0.0,0.0
1718636968.4321234,0.0,0.0
1718636968.986368,0.0,0.0
1718636969.6335714,0.0,0.0
1718636970.1632118,0.0,0.0
1718636970.7925987,0.0,0.0
1718636971.5533266,0.0,0.0
1718636972.2833796,0.0,0.0
1718636972.711841,0.0,0.0
1718636973.367225,0.0,0.0
1718636973.9708104,0.0,0.0
1718636974.503092,0.0,0.0
1718636975.0937293,0.0,0.0
1718636975.7360423,0.0,0.0
1718636976.5324874,0.0,0.0
1718636977.0817733,0.0,0.0
1718636977.652064,0.0,0.0
1718636978.3082442,0.0,0.0
1718636979.0830877,0.0,0.0
1718636979.8692374,0.0,0.0
1718636980.5780625,0.0,0.0
1718636981.2608218,0.0,0.0
1718636981.8434863,0.0,0.0
1718636982.4233973,0.0,0.0
1718636983.0049405,0.0,0.0
1718636983.440323,0.0,0.0
1718636983.8233192,0.0,0.0
1718636984.3530998,0.0,0.0
1718636984.831777,0.0,0.0
1718636985.2898836,0.0,0.0
1718636985.9099529,0.0,0.0
1718636986.3281684,0.0,0.0
1718636986.8077106,0.0,0.0
1718636987.346108,0.0,0.0
1718636987.8100204,0.0,0.0
1718636988.2740314,0.0,0.0
1718636988.7111423,0.0,0.0
1718636989.165329,0.0,0.0
1718636989.7912848,0.0,0.0
1718636990.205242,0.0,0.0
1718636990.6178646,0.0,0.0
1718636991.0610747,0.0,0.0
1718636991.5021849,0.0,0.0
1718636991.9642727,0.0,0.0
1718636992.4430618,0.0,0.0
1718636992.9538558,0.0,0.0
1718636993.3818533,0.0,0.0
1718636993.8773515,0.0,0.0
1718636994.3355172,0.0,0.0
1718636994.8227189,0.0,0.0
1718636995.2989893,0.0,0.0
1718636995.7152202,0.0,0.0
1718636996.132704,0.0,0.0
1718636996.571574,0.0,0.0
1718636996.922738,0.0,0.0
1718636997.3687472,0.0,0.0
1718636997.651636,0.0,0.0
1718636997.8948963,0.0,0.0
1718636998.261069,0.0,0.0
1718636998.5740035,0.0,0.0
1718636998.9977808,0.0,0.0
1718636999.3997583,0.0,0.0
1718636999.7138216,0.0,0.0
1718637000.092917,0.0,0.0
1718637000.7203114,0.0,0.0
1718637001.3577046,0.0,0.0
1718637002.057722,0.0,0.0
1718637002.2841232,0.0,0.0
1718637002.4985693,0.0,0.0
1718637002.71098,0.0,0.0
1718637002.922507,0.0,0.0
1718637003.1256042,0.0,0.0
1718637003.3157432,0.0,0.0
1718637003.545255,0.0,0.0
1718637003.7510073,0.0,0.0
1718637004.078379,0.0,0.0
1718637004.605201,0.0,0.0
1718637005.1154675,0.0,0.0
1718637005.4798892,0.0,0.0
1718637005.9003944,0.0,0.0
1718637006.2617264,0.0,0.0
1718637006.6071045,0.0,0.0
1718637006.9001777,0.0,0.0
1718637007.278115,0.0,0.0
1718637007.6921165,0.0,0.0
1718637008.2001984,0.0,0.0
1718637008.8263435,0.0,0.0
1718637009.1746585,0.0,0.0
1718637009.5408545,0.0,0.0
1718637009.9060729,0.0,0.0
1718637010.2623787,0.0,0.0
1718637010.6485748,0.0,0.0
1718637010.988241,0.0,0.0
1718637011.3154721,0.0,0.0
1718637011.6366153,0.0,0.0
1718637011.9605548,0.0,0.0
1718637012.447589,0.0,0.0
1718637012.8240569,0.0,0.0
1718637013.261967,0.0,0.0
1718637013.7243447,0.0,0.0
1718637014.2328327,0.0,0.0
1718637014.6958857,0.0,0.0
1718637015.0667799,0.0,0.0
1718637015.4521053,0.0,0.0
1718637015.9141843,0.0,0.0
1718637016.4581108,0.0,0.0
1718637016.8298204,0.0,0.0
1718637017.294229,0.0,0.0
1718637017.820092,0.0,0.0
1718637018.5255523,0.0,0.0
1718637019.188179,0.0,0.0
1718637019.874986,0.0,0.0
1718637020.5186954,0.0,0.0
1718637021.2099705,0.0,0.0
1718637021.7455935,0.0,0.0
1718637022.2261379,0.0,0.0
1718637022.9140444,0.0,0.0
1718637023.702557,0.0,0.0
1718637024.2206743,0.0,0.0
1718637024.7580097,0.0,0.0
1718637025.27459,0.0,0.0
1718637025.9222815,0.0,0.0
1718637026.4531538,0.0,0.0
1718637027.0430474,0.0,0.0
1718637027.6027477,0.0,0.0
1718637028.1409006,0.0,0.0
1718637028.8255556,0.0,0.0
1718637029.7143548,0.0,0.0
1718637030.5303671,0.0,0.0
1718637031.291055,0.0,0.0
1718637031.9484797,0.0,0.0
1718637032.608937,0.0,0.0
1718637033.3306313,0.0,0.0
1718637034.0544765,0.0,0.0
1718637034.5517972,0.0,0.0
1718637035.1295037,0.0,0.0
1718637035.7465715,0.0,0.0
1718637036.5227711,0.0,0.0
1718637037.2309887,0.0,0.0
1718637037.9468071,0.0,0.0
1718637038.6147358,0.0,0.0
1718637039.2746084,0.0,0.0
1718637040.177421,0.0,0.0
1718637040.6858115,0.0,0.0
1718637041.1434174,0.0,0.0
1718637041.7421072,0.0,0.0
1718637042.223046,0.0,0.0
1718637042.6978767,0.0,0.0
1718637043.3210156,0.0,0.0
1718637043.8583653,0.0,0.0
1718637044.2849436,0.0,0.0
1718637044.8172457,0.0,0.0
1718637045.304853,0.0,0.0
1718637045.8300805,0.0,0.0
1718637046.3220572,0.0,0.0
1718637046.7690313,0.0,0.0
1718637047.328955,0.0,0.0
1718637047.7934518,0.0,0.0
1718637048.2263765,0.0,0.0
1718637048.6912656,0.0,0.0
1718637049.1124985,0.0,0.0
1718637049.6555936,0.0,0.0
1718637050.170982,0.0,0.0
1718637050.6402175,0.0,0.0
1718637051.0650423,0.0,0.0
1718637051.5750318,0.0,0.0
1718637052.0760672,0.0,0.0
1718637052.5893545,0.0,0.0
1718637053.0767288,0.0,0.0
1718637053.4489312,0.0,0.0
1718637053.8812754,0.0,0.0
1718637054.4018662,0.0,0.0
1718637054.7893705,0.0,0.0
1718637055.2291133,0.0,0.0
1718637055.5852067,0.0,0.0
1718637055.996352,0.0,0.0
1718637056.3063083,0.0,0.0
1718637056.7402885,0.0,0.0
1718637057.1056795,0.0,0.0
1718637057.3604329,0.0,0.0
1718637057.6541493,0.0,0.0
1718637058.045762,0.0,0.0
1718637058.7576551,0.0,0.0
1718637059.352175,0.0,0.0
1718637059.6775367,0.0,0.0
1718637059.9617176,0.0,0.0
1718637060.174083,0.0,0.0
1718637060.3862185,0.0,0.0
1718637060.6176565,0.0,0.0
1718637060.8352528,0.0,0.0
1718637061.1000416,0.0,0.0
1718637061.2648456,0.0,0.0
1718637061.4796076,0.0,0.0
1718637061.7126074,0.0,0.0
1718637061.9555538,0.0,0.0
1718637062.287207,0.0,0.0
1718637062.76897,0.0,0.0
1718637063.2676263,0.0,0.0
1718637063.7458632,0.0,0.0
1718637064.246994,0.0,0.0
1718637064.5860262,0.0,0.0
1718637064.93865,0.0,0.0
1718637065.3399422,0.0,0.0
1718637065.8962147,0.0,0.0
1718637066.373997,0.0,0.0
1718637066.8584094,0.0,0.0
1718637067.305943,0.0,0.0
1718637067.679091,0.0,0.0
1718637068.0673356,0.0,0.0
1718637068.466361,0.0,0.0
1718637068.8589435,0.0,0.0
1718637069.201026,0.0,0.0
1718637069.598815,0.0,0.0
1718637069.989962,0.0,0.0
1718637070.4257314,0.0,0.0
1718637070.8589056,0.0,0.0
1718637071.2176015,0.0,0.0
1718637071.8159857,0.0,0.0
1718637072.2804198,0.0,0.0
1718637072.6898882,0.0,0.0
1718637073.0810113,0.0,0.0
1718637073.4817283,0.0,0.0
1718637073.9451375,0.0,0.0
1718637074.3247273,0.0,0.0
1718637074.7225025,0.0,0.0
1718637075.3139868,0.0,0.0
1718637076.08355,0.0,0.0
1718637076.900819,0.0,0.0
1718637077.6652088,0.0,0.0
1718637078.375342,0.0,0.0
1718637079.1117334,0.0,0.0
1718637079.5743744,0.0,0.0
1718637080.2285593,0.0,0.0
1718637081.0528924,0.0,0.0
1718637081.6168294,0.0,0.0
1718637082.1439204,0.0,0.0
1718637082.654343,0.0,0.0
1718637083.2439058,0.0,0.0
1718637083.8547642,0.0,0.0
1718637084.600498,0.0,0.0
1718637085.2260745,0.0,0.0
1718637085.824402,0.0,0.0
1718637086.6603692,0.0,0.0
1718637087.3328714,0.0,0.0
1718637087.9218683,0.0,0.0
1718637088.5280662,0.0,0.0
1718637089.2070675,0.0,0.0
1718637089.8109212,0.0,0.0
1718637090.6222942,0.0,0.0
1718637091.279804,0.0,0.0
1718637091.875325,0.0,0.0
1718637092.3069742,0.0,0.0
1718637092.9029016,0.0,0.0
1718637093.5042675,0.0,0.0
1718637094.2304554,0.0,0.0
1718637094.9072323,0.0,0.0
1718637095.690586,0.0,0.0
1718637096.3367896,0.0,0.0
1718637096.9816985,0.0,0.0
1718637097.8856394,0.0,0.0
1718637098.6286404,0.0,0.0
1718637099.2333858,0.0,0.0
1718637099.6630147,0.0,0.0
1718637100.1685212,0.0,0.0
1718637100.835118,0.0,0.0
1718637101.4287949,0.0,0.0
1718637101.8934941,0.0,0.0
1718637102.5081413,0.0,0.0
1718637103.014807,0.0,0.0
1718637103.492863,0.0,0.0
1718637103.9714708,0.0,0.0
1718637104.3949592,0.0,0.0
1718637104.8822932,0.0,0.0
1718637105.3436675,0.0,0.0
1718637105.832859,0.0,0.0
1718637106.2785099,0.0,0.0
1718637106.6921475,0.0,0.0
1718637107.2103639,0.0,0.0
1718637107.6888607,0.0,0.0
1718637108.165767,0.0,0.0
1718637108.6801498,0.0,0.0
1718637109.0934951,0.0,0.0
1718637109.5682726,0.0,0.0
1718637109.9943523,0.0,0.0
1718637110.414999,0.0,0.0
1718637110.8412359,0.0,0.0
1718637111.2659245,0.0,0.0
1718637111.7306228,0.0,0.0
1718637112.1361883,0.0,0.0
1718637112.5646787,0.0,0.0
1718637112.9499533,0.0,0.0
1718637113.3150718,0.0,0.0
1718637113.640748,0.0,0.0
1718637113.951054,0.0,0.0
1718637114.26293,0.0,0.0
1718637114.5724874,0.0,0.0
1718637114.8819263,0.0,0.0
1718637115.2262414,0.0,0.0
1718637115.7170951,0.0,0.0
1718637116.4564931,0.0,0.0
1718637117.1040044,0.0,0.0
1718637117.3321004,0.0,0.0
1718637117.5594501,0.0,0.0
1718637117.7880661,0.0,0.0
1718637118.0015051,0.0,0.0
1718637118.2279353,0.0,0.0
1718637118.4578247,0.0,0.0
1718637118.6571198,0.0,0.0
1718637118.9546669,0.0,0.0
1718637119.2453787,0.0,0.0
1718637119.759091,0.0,0.0
1718637120.156498,0.0,0.0
1718637120.6115286,0.0,0.0
1718637121.0635207,0.0,0.0
1718637121.4746096,0.0,0.0
1718637121.8054984,0.0,0.0
1718637122.1662507,0.0,0.0
1718637122.59563,0.0,0.0
1718637123.0966988,0.0,0.0
1718637123.6479785,0.0,0.0
1718637124.0802703,0.0,0.0
1718637124.4524336,0.0,0.0
1718637124.8208864,0.0,0.0
1718637125.178285,0.0,0.0
1718637125.5214207,0.0,0.0
1718637125.8599854,0.0,0.0
1718637126.2771811,0.0,0.0
1718637126.6153126,0.0,0.0
1718637126.9859483,0.0,0.0
1718637127.4416387,0.0,0.0
1718637127.7789247,0.0,0.0
1718637128.1869996,0.0,0.0
1718637128.5605783,0.0,0.0
1718637129.048433,0.0,0.0
1718637129.6597307,0.0,0.0
1718637130.0266626,0.0,0.0
1718637130.4777994,0.0,0.0
1718637130.8681147,0.0,0.0
1718637131.3013337,0.0,0.0
1718637131.6985986,0.0,0.0
1718637132.1699936,0.0,0.0
1718637132.749662,0.0,0.0
1718637133.5039418,0.0,0.0
1718637134.2809846,0.0,0.0
1718637135.120836,0.0,0.0
1718637135.8303554,0.0,0.0
1718637136.4306924,0.0,0.0
1718637136.9445999,0.0,0.0
1718637137.7751582,0.0,0.0
1718637138.426147,0.0,0.0
1718637138.923965,0.0,0.0
1718637139.4124994,0.0,0.0
1718637139.9440517,0.0,0.0
1718637140.5456245,0.0,0.0
1718637141.200258,0.0,0.0
1718637142.0166473,0.0,0.0
1718637142.5419726,0.0,0.0
1718637143.2600126,0.0,0.0
1718637144.2363904,0.0,0.0
1718637145.043127,0.0,0.0
1718637145.565988,0.0,0.0
1718637146.2127242,0.0,0.0
1718637146.8172603,0.0,0.0
1718637147.49383,0.0,0.0
1718637148.009392,0.0,0.0
1718637148.636242,0.0,0.0
1718637149.3690825,0.0,0.0
1718637149.844693,0.0,0.0
1718637150.3405805,0.0,0.0
1718637150.9646327,0.0,0.0
1718637151.6744044,0.0,0.0
1718637152.3651328,0.0,0.0
1718637153.0832298,0.0,0.0
1718637153.8107731,0.0,0.0
1718637154.4976325,0.0,0.0
1718637155.4358175,0.0,0.0
1718637156.1131792,0.0,0.0
1718637156.734917,0.0,0.0
1718637157.1785114,0.0,0.0
1718637157.6961834,0.0,0.0
1718637158.384287,0.0,0.0
1718637158.846841,0.0,0.0
1718637159.221851,0.0,0.0
1718637159.7403402,0.0,0.0
1718637160.2729132,0.0,0.0
1718637160.806233,0.0,0.0
1718637161.3201075,0.0,0.0
1718637161.8155413,0.0,0.0
1718637162.2638106,0.0,0.0
1718637162.7781157,0.0,0.0
1718637163.2279136,0.0,0.0
1718637163.6420562,0.0,0.0
1718637164.1417708,0.0,0.0
1718637164.591452,0.0,0.0
1718637165.0750635,0.0,0.0
1718637165.5133662,0.0,0.0
1718637165.9677837,0.0,0.0
1718637166.4553041,0.0,0.0
1718637167.0142891,0.0,0.0
1718637167.42001,0.0,0.0
1718637167.8139892,0.0,0.0
1718637168.2015395,0.0,0.0
1718637168.624528,0.0,0.0
1718637169.061156,0.0,0.0
1718637169.4286764,0.0,0.0
1718637169.8768578,0.0,0.0
1718637170.2933497,0.0,0.0
1718637170.7386696,0.0,0.0
1718637171.047662,0.0,0.0
1718637171.3669622,0.0,0.0
1718637171.6683671,0.0,0.0
1718637171.9870238,0.0,0.0
1718637172.3527234,0.0,0.0
1718637172.9685001,0.0,0.0
1718637173.544498,0.0,0.0
1718637174.1796982,0.0,0.0
1718637174.633792,0.0,0.0
1718637174.862296,0.0,0.0
1718637175.082286,0.0,0.0
1718637175.3058136,0.0,0.0
1718637175.5138752,0.0,0.0
1718637175.7243803,0.0,0.0
1718637175.9175782,0.0,0.0
1718637176.1339018,0.0,0.0
1718637176.344193,0.0,0.0
1718637176.615516,0.0,0.0
1718637176.93882,0.0,0.0
1718637177.278382,0.0,0.0
1718637177.7158284,0.0,0.0
1718637178.2832468,0.0,0.0
1718637178.7623792,0.0,0.0
1718637179.1023817,0.0,0.0
1718637179.5234606,0.0,0.0
1718637179.889608,0.0,0.0
1718637180.237575,0.0,0.0
1718637180.7683918,0.0,0.0
1718637181.1807609,0.0,0.0
1718637181.7697344,0.0,0.0
1718637182.0953372,0.0,0.0
1718637182.5189795,0.0,0.0
1718637182.8889441,0.0,0.0
1718637183.2567055,0.0,0.0
1718637183.616373,0.0,0.0
1718637183.9246306,0.0,0.0
1718637184.3355675,0.0,0.0
1718637184.7653627,0.0,0.0
1718637185.2467442,0.0,0.0
1718637185.6491,0.0,0.0
1718637186.0413756,0.0,0.0
1718637186.5328803,0.0,0.0
1718637186.9471693,0.0,0.0
1718637187.440987,0.0,0.0
1718637187.929363,0.0,0.0
1718637188.3396947,0.0,0.0
1718637188.767076,0.0,0.0
1718637189.2230392,0.0,0.0
1718637189.8053412,0.0,0.0
1718637190.4182267,0.0,0.0
1718637191.1962519,0.0,0.0
1718637194.6062613,0.0,0.0
1718637195.456579,0.0,0.0
1718637196.0135028,0.0,0.0
1718637196.5467064,0.0,0.0
1718637197.0849,0.0,0.0
1718637197.6441152,0.0,0.0
1718637198.1899989,0.0,0.0
1718637199.0087948,0.0,0.0
1718637199.5734553,0.0,0.0
1718637200.0151987,0.0,0.0
1718637200.658807,0.0,0.0
1718637201.680231,0.0,0.0
1718637202.3028584,0.0,0.0
1718637202.8330567,0.0,0.0
1718637203.5896583,0.0,0.0
1718637204.152735,0.0,0.0
1718637204.7002716,0.0,0.0
1718637205.336917,0.0,0.0
1718637205.8900115,0.0,0.0
1718637206.578778,0.0,0.0
1718637206.9923012,0.0,0.0
1718637207.459292,0.0,0.0
1718637207.97823,0.0,0.0
1718637208.6752036,0.0,0.0
1718637209.4527936,0.0,0.0
1718637210.1685727,0.0,0.0
1718637210.8281586,0.0,0.0
1718637211.4939227,0.0,0.0
1718637212.131946,0.0,0.0
1718637212.7449532,0.0,0.0
1718637213.409841,0.0,0.0
1718637213.8662539,0.0,0.0
1718637214.375137,0.0,0.0
1718637214.8525755,0.0,0.0
1718637215.4017158,0.0,0.0
1718637215.961421,0.0,0.0
1718637216.5510504,0.0,0.0
1718637217.0357919,0.0,0.0
1718637217.589527,0.0,0.0
1718637218.0964925,0.0,0.0
1718637218.5726047,0.0,0.0
1718637219.1235878,0.0,0.0
1718637219.6028588,0.0,0.0
1718637220.2140827,0.0,0.0
1718637220.673119,0.0,0.0
1718637221.1038713,0.0,0.0
1718637221.6286607,0.0,0.0
1718637222.1377878,0.0,0.0
1718637222.6236978,0.0,0.0
1718637223.1105115,0.0,0.0
1718637223.5681624,0.0,0.0
1718637224.0402513,0.0,0.0
1718637224.5145235,0.0,0.0
1718637224.9033606,0.0,0.0
1718637225.3521533,0.0,0.0
1718637225.7197616,0.0,0.0
1718637226.1715171,0.0,0.0
1718637226.6379406,0.0,0.0
1718637227.0079448,0.0,0.0
1718637227.4430833,0.0,0.0
1718637227.8016036,0.0,0.0
1718637228.1068313,0.0,0.0
1718637228.5366864,0.0,0.0
1718637228.8363533,0.0,0.0
1718637229.2834637,0.0,0.0
1718637229.5393476,0.0,0.0
1718637229.9002538,0.0,0.0
1718637230.5331724,0.0,0.0
1718637231.2572713,0.0,0.0
1718637231.7128372,0.0,0.0
1718637232.0061758,0.0,0.0
1718637232.2552958,0.0,0.0
1718637232.4756548,0.0,0.0
1718637232.6864896,0.0,0.0
1718637232.8990705,0.0,0.0
1718637233.1106744,0.0,0.0
1718637233.3113437,0.0,0.0
1718637233.5343006,0.0,0.0
1718637233.7714205,0.0,0.0
1718637233.979441,0.0,0.0
1718637234.2855718,0.0,0.0
1718637234.795552,0.0,0.0
1718637235.3661308,0.0,0.0
1718637236.0244884,0.0,0.0
1718637236.3537393,0.0,0.0
1718637236.6476765,0.0,0.0
1718637237.018511,0.0,0.0
1718637237.357543,0.0,0.0
1718637237.7313566,0.0,0.0
1718637238.088761,0.0,0.0
1718637238.495363,0.0,0.0
1718637239.0605934,0.0,0.0
1718637239.4265108,0.0,0.0
1718637239.8773146,0.0,0.0
1718637240.2471647,0.0,0.0
1718637240.5705245,0.0,0.0
1718637240.913573,0.0,0.0
1718637241.3607244,0.0,0.0
1718637241.7850244,0.0,0.0
1718637242.174365,0.0,0.0
1718637242.6469536,0.0,0.0
1718637243.0731041,0.0,0.0
1718637243.4713724,0.0,0.0
1718637243.9795284,0.0,0.0
1718637244.5019376,0.0,0.0
1718637244.87338,0.0,0.0
1718637245.4111207,0.0,0.0
1718637245.885325,0.0,0.0
1718637246.2598968,0.0,0.0
1718637246.6100144,0.0,0.0
1718637247.0368009,0.0,0.0
1718637247.6198063,0.0,0.0
1718637248.3881636,0.0,0.0
1718637249.2106798,0.0,0.0
1718637249.7705617,0.0,0.0
1718637250.416145,0.0,0.0
1718637251.1531587,0.0,0.0
1718637251.5869641,0.0,0.0
1718637252.134579,0.0,0.0
1718637252.6823683,0.0,0.0
1718637253.2295637,0.0,0.0
1718637253.7940814,0.0,0.0
1718637254.2563133,0.0,0.0
1718637254.758675,0.0,0.0
1718637255.287901,0.0,0.0
1718637255.830484,0.0,0.0
1718637256.4641945,0.0,0.0
1718637257.154981,0.0,0.0
1718637257.7254925,0.0,0.0
1718637258.3332076,0.0,0.0
1718637259.2088428,0.0,0.0
1718637259.876727,0.0,0.0
1718637260.3198068,0.0,0.0
1718637260.9881957,0.0,0.0
1718637261.7658935,0.0,0.0
1718637262.345309,0.0,0.0
1718637262.9554427,0.0,0.0
1718637263.479989,0.0,0.0
1718637264.3103745,0.0,0.0
1718637264.7302542,0.0,0.0
1718637265.2186563,0.0,0.0
1718637265.8032832,0.0,0.0
1718637266.699246,0.0,0.0
1718637267.5876422,0.0,0.0
1718637268.3585207,0.0,0.0
1718637269.0921504,0.0,0.0
1718637269.8308527,0.0,0.0
1718637270.3911572,0.0,0.0
1718637271.015372,0.0,0.0
1718637271.5710402,0.0,0.0
1718637272.1018083,0.0,0.0
1718637272.5678127,0.0,0.0
1718637273.0437648,0.0,0.0
1718637273.7117295,0.0,0.0
1718637274.181826,0.0,0.0
1718637274.593826,0.0,0.0
1718637275.061517,0.0,0.0
1718637275.5473013,0.0,0.0
1718637276.0642612,0.0,0.0
1718637276.6221943,0.0,0.0
1718637277.1179945,0.0,0.0
1718637277.7323577,0.0,0.0
1718637278.170587,0.0,0.0
1718637278.6087053,0.0,0.0
1718637279.0250523,0.0,0.0
1718637279.4619243,0.0,0.0
1718637280.0018308,0.0,0.0
1718637280.466976,0.0,0.0
1718637280.9435656,0.0,0.0
1718637281.413503,0.0,0.0
1718637281.9175606,0.0,0.0
1718637282.3983269,0.0,0.0
1718637282.8143952,0.0,0.0
1718637283.2896438,0.0,0.0
1718637283.7097719,0.0,0.0
1718637284.1338165,0.0,0.0
1718637284.5780802,0.0,0.0
1718637284.9273756,0.0,0.0
1718637285.3580503,0.0,0.0
1718637285.735567,0.0,0.0
1718637286.172121,0.0,0.0
1718637286.5965695,0.0,0.0
1718637287.0662296,0.0,0.0
1718637287.3672702,0.0,0.0
1718637287.6730976,0.0,0.0
1718637288.2652416,0.0,0.0
1718637288.8675015,0.0,0.0
1718637289.4588017,0.0,0.0
1718637289.7581468,0.0,0.0
1718637290.0315695,0.0,0.0
1718637290.2511365,0.0,0.0
1718637290.484364,0.0,0.0
1718637290.698718,0.0,0.0
1718637290.923538,0.0,0.0
1718637291.146706,0.0,0.0
1718637291.3788521,0.0,0.0
1718637291.602364,0.0,0.0
1718637291.8984203,0.0,0.0
1718637292.265088,0.0,0.0
1718637292.692887,0.0,0.0
1718637293.1400852,0.0,0.0
1718637293.6495523,0.0,0.0
1718637294.1543694,0.0,0.0
1718637294.5001264,0.0,0.0
1718637294.8294892,0.0,0.0
1718637295.1990209,0.0,0.0
1718637295.5283391,0.0,0.0
1718637296.043028,0.0,0.0
1718637296.472081,0.0,0.0
1718637296.7869704,0.0,0.0
1718637297.217566,0.0,0.0
1718637297.612886,0.0,0.0
1718637297.961286,0.0,0.0
1718637298.3230133,0.0,0.0
1718637298.7071216,0.0,0.0
1718637299.1040888,0.0,0.0
1718637299.5460815,0.0,0.0
1718637300.005057,0.0,0.0
1718637300.3732538,0.0,0.0
1718637300.7917705,0.0,0.0
1718637301.1481702,0.0,0.0
1718637301.64237,0.0,0.0
1718637302.248362,0.0,0.0
1718637302.6862614,0.0,0.0
1718637303.237637,0.0,0.0
1718637303.6382787,0.0,0.0
1718637304.173738,0.0,0.0
1718637304.5298636,0.0,0.0
1718637305.0455825,0.0,0.0
1718637305.6150687,0.0,0.0
1718637306.3182437,0.0,0.0
1718637307.1538525,0.0,0.0
1718637307.9131072,0.0,0.0
1718637308.625091,0.0,0.0
1718637309.1655097,0.0,0.0
1718637309.73166,0.0,0.0
1718637310.3453858,0.0,0.0
1718637311.1876075,0.0,0.0
1718637311.709944,0.0,0.0
1718637312.2855318,0.0,0.0
1718637312.8727984,0.0,0.0
1718637313.4288108,0.0,0.0
1718637313.97351,0.0,0.0
1718637314.7290876,0.0,0.0
1718637315.2469847,0.0,0.0
1718637315.9009178,0.0,0.0
1718637316.672316,0.0,0.0
1718637317.3044083,0.0,0.0
1718637317.8843935,0.0,0.0
1718637318.5548968,0.0,0.0
1718637319.0583725,0.0,0.0
1718637319.8179772,0.0,0.0
1718637320.4281604,0.0,0.0
1718637321.0805755,0.0,0.0
1718637321.7042177,0.0,0.0
1718637322.194379,0.0,0.0
1718637322.6920614,0.0,0.0
1718637323.28397,0.0,0.0
1718637324.015579,0.0,0.0
1718637324.7276967,0.0,0.0
1718637325.45457,0.0,0.0
1718637326.1423182,0.0,0.0
1718637326.8928115,0.0,0.0
1718637327.7471328,0.0,0.0
1718637328.4132712,0.0,0.0
1718637328.8643568,0.0,0.0
1718637329.3212118,0.0,0.0
1718637329.7981484,0.0,0.0
1718637330.329004,0.0,0.0
1718637330.9782984,0.0,0.0
1718637331.4902172,0.0,0.0
1718637331.9609911,0.0,0.0
1718637332.4514773,0.0,0.0
1718637332.958762,0.0,0.0
1718637333.5874724,0.0,0.0
1718637334.0648136,0.0,0.0
1718637334.6490843,0.0,0.0
1718637335.1175723,0.0,0.0
1718637335.5736618,0.0,0.0
1718637336.0072348,0.0,0.0
1718637336.480425,0.0,0.0
1718637336.9046695,0.0,0.0
1718637337.4279187,0.0,0.0
1718637337.8696194,0.0,0.0
1718637338.3223727,0.0,0.0
1718637338.7628872,0.0,0.0
1718637339.1698256,0.0,0.0
1718637339.6604981,0.0,0.0
1718637340.086352,0.0,0.0
1718637340.5407581,0.0,0.0
1718637341.0017507,0.0,0.0
1718637341.4389815,0.0,0.0
1718637342.027048,0.0,0.0
1718637342.4260786,0.0,0.0
1718637342.7739475,0.0,0.0
1718637343.0502021,0.0,0.0
1718637343.3581972,0.0,0.0
1718637343.775893,0.0,0.0
1718637344.1727636,0.0,0.0
1718637344.5033824,0.0,0.0
1718637344.8340547,0.0,0.0
1718637345.1233885,0.0,0.0
1718637345.5524855,0.0,0.0
1718637346.0444233,0.0,0.0
1718637346.5432417,0.0,0.0
1718637347.0444906,0.0,0.0
1718637347.522269,0.0,0.0
1718637347.8101375,0.0,0.0
1718637348.0391533,0.0,0.0
1718637348.2513795,0.0,0.0
1718637348.472967,0.0,0.0
1718637348.6943574,0.0,0.0
1718637348.9563015,0.0,0.0
1718637349.141568,0.0,0.0
1718637349.372465,0.0,0.0
1718637349.6750479,0.0,0.0
1718637349.9708393,0.0,0.0
1718637350.4258847,0.0,0.0
1718637350.9288566,0.0,0.0
1718637351.3921502,0.0,0.0
1718637351.7970254,0.0,0.0
1718637352.1298099,0.0,0.0
1718637352.4374032,0.0,0.0
1718637352.8471873,0.0,0.0
1718637353.2003536,0.0,0.0
1718637353.756629,0.0,0.0
1718637354.1845753,0.0,0.0
1718637354.661099,0.0,0.0
1718637355.1376438,0.0,0.0
1718637355.619735,0.0,0.0
1718637356.0662503,0.0,0.0
1718637356.430971,0.0,0.0
1718637356.8034904,0.0,0.0
1718637357.170711,0.0,0.0
1718637357.5896804,0.0,0.0
1718637357.969208,0.0,0.0
1718637358.5008569,0.0,0.0
1718637358.8805327,0.0,0.0
1718637359.281429,0.0,0.0
1718637359.7074826,0.0,0.0
1718637360.4142883,0.0,0.0
1718637360.9439077,0.0,0.0
1718637361.2673461,0.0,0.0
1718637361.8560464,0.0,0.0
1718637362.3036666,0.0,0.0
1718637362.776857,0.0,0.0
1718637363.1897187,0.0,0.0
1718637363.7981274,0.0,0.0
1718637364.2636242,0.0,0.0
1718637364.8226821,0.0,0.0
1718637365.6553504,0.0,0.0
1718637366.3594728,0.0,0.0
1718637367.0105183,0.0,0.0
1718637367.6932664,0.0,0.0
1718637368.2705374,0.0,0.0
1718637368.7011583,0.0,0.0
1718637369.1590416,0.0,0.0
1718637369.9351442,0.0,0.0
1718637370.48296,0.0,0.0
1718637370.9556854,0.0,0.0
1718637371.4745145,0.0,0.0
1718637371.984093,0.0,0.0
1718637372.5588186,0.0,0.0
1718637373.116351,0.0,0.0
1718637373.6743498,0.0,0.0
1718637374.3006992,0.0,0.0
1718637374.8079245,0.0,0.0
1718637375.3538237,0.0,0.0
1718637376.0436802,0.0,0.0
1718637377.1956916,0.0,0.0
1718637377.9384742,0.0,0.0
1718637378.4536726,0.0,0.0
1718637379.2493184,0.0,0.0
1718637379.886475,0.0,0.0
1718637380.394801,0.0,0.0
1718637380.9201238,0.0,0.0
1718637381.7382846,0.0,0.0
1718637382.5221603,0.0,0.0
1718637382.985109,0.0,0.0
1718637383.4848907,0.0,0.0
1718637384.1303196,0.0,0.0
1718637384.8958223,0.0,0.0
1718637385.614387,0.0,0.0
1718637386.2937818,0.0,0.0
1718637386.9160213,0.0,0.0
1718637387.5823827,0.0,0.0
1718637388.2519958,0.0,0.0
1718637389.0356266,0.0,0.0
1718637389.6086779,0.0,0.0
1718637390.0768235,0.0,0.0
1718637390.6038082,0.0,0.0
1718637391.0140445,0.0,0.0
1718637391.4987721,0.0,0.0
1718637392.0284593,0.0,0.0
1718637392.612411,0.0,0.0
1718637393.1818364,0.0,0.0
1718637393.6568224,0.0,0.0
1718637394.254378,0.0,0.0
1718637394.9501982,0.0,0.0
1718637395.4383807,0.0,0.0
1718637395.8701255,0.0,0.0
1718637396.4927204,0.0,0.0
1718637396.9468203,0.0,0.0
1718637397.5324519,0.0,0.0
1718637398.043957,0.0,0.0
1718637398.5299914,0.0,0.0
1718637398.99897,0.0,0.0
1718637399.507765,0.0,0.0
1718637399.9916995,0.0,0.0
1718637400.4173205,0.0,0.0
1718637400.8728042,0.0,0.0
1718637401.3233202,0.0,0.0
1718637401.7880523,0.0,0.0
1718637402.2050037,0.0,0.0
1718637402.763498,0.0,0.0
1718637403.2139566,0.0,0.0
1718637403.6930869,0.0,0.0
1718637404.2187498,0.0,0.0
1718637404.6696763,0.0,0.0
1718637405.1153657,0.0,0.0
1718637405.50302,0.0,0.0
1718637405.9469872,0.0,0.0
1718637406.3711507,0.0,0.0
1718637406.748374,0.0,0.0
1718637407.0855937,0.0,0.0
1718637407.5580401,0.0,0.0
1718637407.9370143,0.0,0.0
1718637408.1999426,0.0,0.0
1718637408.4552135,0.0,0.0
1718637408.8381436,0.0,0.0
1718637409.2680566,0.0,0.0
1718637409.9457264,0.0,0.0
1718637410.5511892,0.0,0.0
1718637411.1168025,0.0,0.0
1718637411.4843347,0.0,0.0
1718637411.7178416,0.0,0.0
1718637411.9381268,0.0,0.0
1718637412.1546729,0.0,0.0
1718637412.3500834,0.0,0.0
1718637412.5587277,0.0,0.0
1718637412.7497876,0.0,0.0
1718637412.952578,0.0,0.0
1718637413.1631505,0.0,0.0
1718637413.3742952,0.0,0.0
1718637413.5877013,0.0,0.0
1718637413.8229456,0.0,0.0
1718637414.0745797,0.0,0.0
1718637414.2489865,0.0,0.0
1718637414.4736845,0.0,0.0
1718637414.7662723,0.0,0.0
1718637415.086632,0.0,0.0
1718637415.6384041,0.0,0.0
1718637415.9656723,0.0,0.0
1718637416.3918655,0.0,0.0
1718637416.786092,0.0,0.0
1718637417.263033,0.0,0.0
1718637417.6461768,0.0,0.0
1718637418.1388807,0.0,0.0
1718637418.605213,0.0,0.0
1718637419.182504,0.0,0.0
1718637419.5371745,0.0,0.0
1718637419.998367,0.0,0.0
1718637420.4740236,0.0,0.0
1718637420.847377,0.0,0.0
1718637421.2286854,0.0,0.0
1718637421.6036427,0.0,0.0
1718637421.9351263,0.0,0.0
1718637422.2776833,0.0,0.0
1718637422.7248046,0.0,0.0
1718637423.0878184,0.0,0.0
1718637423.5595593,0.0,0.0
1718637423.921198,0.0,0.0
1718637424.3169725,0.0,0.0
1718637424.731812,0.0,0.0
1718637425.136086,0.0,0.0
1718637425.680648,0.0,0.0
1718637426.2455046,0.0,0.0
1718637426.5601249,0.0,0.0
1718637426.9978642,0.0,0.0
1718637427.3609982,0.0,0.0
1718637427.8908184,0.0,0.0
1718637428.4331708,0.0,0.0
1718637428.7923887,0.0,0.0
1718637429.427282,0.0,0.0
1718637429.963356,0.0,0.0
1718637430.7548234,0.0,0.0
1718637431.4050217,0.0,0.0
1718637432.0680187,0.0,0.0
1718637432.606354,0.0,0.0
1718637433.1305094,0.0,0.0
1718637433.6905148,0.0,0.0
1718637434.123639,0.0,0.0
1718637434.6584723,0.0,0.0
1718637435.4707134,0.0,0.0
1718637436.086379,0.0,0.0
1718637436.5425644,0.0,0.0
1718637436.9906094,0.0,0.0
1718637437.5102625,0.0,0.0
1718637438.083438,0.0,0.0
1718637438.7001643,0.0,0.0
1718637439.2789419,0.0,0.0
1718637439.8103096,0.0,0.0
1718637440.5412633,0.0,0.0
1718637441.0405917,0.0,0.0
1718637441.6534944,0.0,0.0
1718637442.4729369,0.0,0.0
1718637443.2503774,0.0,0.0
1718637443.9224427,0.0,0.0
1718637444.4870164,0.0,0.0
1718637445.3235638,0.0,0.0
1718637446.1561315,0.0,0.0
1718637446.7756937,0.0,0.0
1718637447.3240585,0.0,0.0
1718637447.9721363,0.0,0.0
1718637448.5190644,0.0,0.0
1718637448.9797323,0.0,0.0
1718637449.5254614,0.0,0.0
1718637450.1468885,0.0,0.0
1718637450.9379642,0.0,0.0
1718637451.6236033,0.0,0.0
1718637452.4168987,0.0,0.0
1718637453.1263807,0.0,0.0
1718637453.8188152,0.0,0.0
1718637454.5515459,0.0,0.0
1718637455.2953901,0.0,0.0
1718637455.9600885,0.0,0.0
1718637456.4177427,0.0,0.0
1718637456.9141977,0.0,0.0
1718637457.3539977,0.0,0.0
1718637457.9458756,0.0,0.0
1718637458.483352,0.0,0.0
1718637458.8832712,0.0,0.0
1718637459.4457536,0.0,0.0
1718637460.0428956,0.0,0.0
1718637460.5354366,0.0,0.0
1718637461.0021145,0.0,0.0
1718637461.4349256,0.0,0.0
1718637462.052605,0.0,0.0
1718637462.5814073,0.0,0.0
1718637462.9970427,0.0,0.0
1718637463.531124,0.0,0.0
1718637464.0992284,0.0,0.0
1718637464.5715308,0.0,0.0
1718637465.0343692,0.0,0.0
1718637465.4561996,0.0,0.0
1718637465.8972561,0.0,0.0
1718637466.3486981,0.0,0.0
1718637466.9491577,0.0,0.0
1718637467.4367826,0.0,0.0
1718637467.960424,0.0,0.0
1718637468.5487907,0.0,0.0
1718637469.017677,0.0,0.0
1718637469.4069831,0.0,0.0
1718637469.9648018,0.0,0.0
1718637470.3805819,0.0,0.0
1718637470.9560807,0.0,0.0
1718637471.481252,0.0,0.0
1718637471.896519,0.0,0.0
1718637472.4103177,0.0,0.0
1718637472.915585,0.0,0.0
1718637473.2756505,0.0,0.0
1718637473.6166143,0.0,0.0
1718637473.9740043,0.0,0.0
1718637474.261487,0.0,0.0
1718637474.5337162,0.0,0.0
1718637475.0228198,0.0,0.0
1718637475.5427392,0.0,0.0
1718637476.1532383,0.0,0.0
1718637476.6916797,0.0,0.0
1718637476.9543273,0.0,0.0
1718637477.24764,0.0,0.0
1718637477.472371,0.0,0.0
1718637477.7048404,0.0,0.0
1718637477.931659,0.0,0.0
1718637478.1443226,0.0,0.0
1718637478.3997009,0.0,0.0
1718637478.5717964,0.0,0.0
1718637478.781408,0.0,0.0
1718637478.9703593,0.0,0.0
1718637479.211813,0.0,0.0
1718637479.4668932,0.0,0.0
1718637479.7780812,0.0,0.0
1718637480.327195,0.0,0.0
1718637480.8902383,0.0,0.0
1718637481.3172634,0.0,0.0
1718637481.7894473,0.0,0.0
1718637482.1225324,0.0,0.0
1718637482.4549217,0.0,0.0
1718637482.8503716,0.0,0.0
1718637483.2765567,0.0,0.0
1718637483.6998591,0.0,0.0
1718637484.137038,0.0,0.0
1718637484.6846762,0.0,0.0
1718637485.0783768,0.0,0.0
1718637485.4974456,0.0,0.0
1718637485.9117868,0.0,0.0
1718637486.2587805,0.0,0.0
1718637486.6397457,0.0,0.0
1718637487.006127,0.0,0.0
1718637487.443555,0.0,0.0
1718637487.8503652,0.0,0.0
1718637488.3631055,0.0,0.0
1718637488.7307093,0.0,0.0
1718637489.0969796,0.0,0.0
1718637489.5123208,0.0,0.0
1718637490.0746174,0.0,0.0
1718637490.5905707,0.0,0.0
1718637490.9722364,0.0,0.0
1718637491.4430218,0.0,0.0
1718637492.0048058,0.0,0.0
1718637492.4813533,0.0,0.0
1718637492.8682032,0.0,0.0
1718637493.3598619,0.0,0.0
1718637494.2229238,0.0,0.0
1718637494.917596,0.0,0.0
1718637495.8467495,0.0,0.0
1718637496.5070398,0.0,0.0
1718637497.1776125,0.0,0.0
1718637497.7268765,0.0,0.0
1718637498.4313612,0.0,0.0
1718637499.1409633,0.0,0.0
1718637499.7201455,0.0,0.0
1718637500.2954159,0.0,0.0
1718637500.8981056,0.0,0.0
1718637501.4398077,0.0,0.0
1718637502.0322382,0.0,0.0
1718637502.691677,0.0,0.0
1718637503.3881447,0.0,0.0
1718637503.919044,0.0,0.0
1718637504.6347063,0.0,0.0
1718637505.528306,0.0,0.0
1718637506.2091537,0.0,0.0
1718637506.7968876,0.0,0.0
1718637507.3380446,0.0,0.0
1718637508.1608167,0.0,0.0
1718637508.700996,0.0,0.0
1718637509.3644147,0.0,0.0
1718637509.9736273,0.0,0.0
1718637510.6595664,0.0,0.0
1718637511.1277282,0.0,0.0
1718637511.7158167,0.0,0.0
1718637512.3589287,0.0,0.0
1718637513.1673994,0.0,0.0
1718637514.0983806,0.0,0.0
1718637514.8657122,0.0,0.0
1718637515.6019,0.0,0.0
1718637516.2332265,0.0,0.0
1718637516.8318834,0.0,0.0
1718637517.4718025,0.0,0.0
1718637517.9717302,0.0,0.0
1718637518.452469,0.0,0.0
1718637518.891926,0.0,0.0
1718637519.3718495,0.0,0.0
1718637519.964812,0.0,0.0
1718637520.564907,0.0,0.0
1718637520.9853415,0.0,0.0
1718637521.5538332,0.0,0.0
1718637522.094589,0.0,0.0
1718637522.6256962,0.0,0.0
1718637523.0665174,0.0,0.0
1718637523.5271337,0.0,0.0
1718637524.027689,0.0,0.0
1718637524.6315365,0.0,0.0
1718637525.0943713,0.0,0.0
1718637525.5431828,0.0,0.0
1718637526.064149,0.0,0.0
1718637526.6016634,0.0,0.0
1718637527.172321,0.0,0.0
1718637527.5980039,0.0,0.0
1718637528.0421176,0.0,0.0
1718637528.545575,0.0,0.0
1718637529.0782216,0.0,0.0
1718637529.558746,0.0,0.0
1718637530.0730865,0.0,0.0
1718637530.4753973,0.0,0.0
1718637530.894173,0.0,0.0
1718637531.3755732,0.0,0.0
1718637531.7671683,0.0,0.0
1718637532.438504,0.0,0.0
1718637532.782988,0.0,0.0
1718637533.1074317,0.0,0.0
1718637533.5117722,0.0,0.0
1718637533.8820443,0.0,0.0
1718637534.194897,0.0,0.0
1718637534.5780861,0.0,0.0
1718637535.233464,0.0,0.0
1718637535.8639026,0.0,0.0
1718637536.5450962,0.0,0.0
1718637536.7758288,0.0,0.0
1718637537.0035024,0.0,0.0
1718637537.2222822,0.0,0.0
1718637537.4354677,0.0,0.0
1718637537.6829538,0.0,0.0
1718637537.9318824,0.0,0.0
1718637538.2200365,0.0,0.0
1718637538.4712777,0.0,0.0
1718637538.7906446,0.0,0.0
1718637539.375749,0.0,0.0
1718637539.9637651,0.0,0.0
1718637540.4381022,0.0,0.0
1718637540.8016117,0.0,0.0
1718637541.1957312,0.0,0.0
1718637541.535251,0.0,0.0
1718637541.887788,0.0,0.0
1718637542.303378,0.0,0.0
1718637542.773313,0.0,0.0
1718637543.3773227,0.0,0.0
1718637543.824311,0.0,0.0
1718637544.2038677,0.0,0.0
1718637544.720255,0.0,0.0
1718637545.1649036,0.0,0.0
1718637545.5175533,0.0,0.0
1718637545.969948,0.0,0.0
1718637546.4681768,0.0,0.0
1718637546.8528125,0.0,0.0
1718637547.2196126,0.0,0.0
1718637547.6204295,0.0,0.0
1718637548.105788,0.0,0.0
1718637548.7301836,0.0,0.0
1718637549.1333044,0.0,0.0
1718637549.6676857,0.0,0.0
1718637550.091529,0.0,0.0
1718637550.6392033,0.0,0.0
1718637551.2497902,0.0,0.0
1718637551.9204643,0.0,0.0
1718637552.5045931,0.0,0.0
1718637553.3524742,0.0,0.0
1718637554.0341752,0.0,0.0
1718637554.6814494,0.0,0.0
1718637555.3715262,0.0,0.0
1718637555.8163877,0.0,0.0
1718637556.3592303,0.0,0.0
1718637557.0656898,0.0,0.0
1718637557.6463726,0.0,0.0
1718637558.2545147,0.0,0.0
1718637558.7630794,0.0,0.0
1718637559.3538666,0.0,0.0
1718637559.936296,0.0,0.0
1718637560.6164362,0.0,0.0
1718637561.4066575,0.0,0.0
1718637562.0093026,0.0,0.0
1718637562.989251,0.0,0.0
1718637563.836192,0.0,0.0
1718637564.4058585,0.0,0.0
1718637564.9406383,0.0,0.0
1718637565.588462,0.0,0.0
1718637566.2572892,0.0,0.0
1718637566.8364673,0.0,0.0
1718637567.5825,0.0,0.0
1718637568.3349376,0.0,0.0
1718637568.8117168,0.0,0.0
1718637569.3537996,0.0,0.0
1718637569.9713871,0.0,0.0
1718637570.7034326,0.0,0.0
1718637571.4241128,0.0,0.0
1718637572.190937,0.0,0.0
1718637572.921554,0.0,0.0
1718637573.61689,0.0,0.0
1718637574.5985117,0.0,0.0
1718637575.2466097,0.0,0.0
1718637575.6365433,0.0,0.0
1718637576.1029701,0.0,0.0
1718637576.538329,0.0,0.0
1718637577.0246027,0.0,0.0
1718637577.561766,0.0,0.0
1718637578.0644588,0.0,0.0
1718637578.5111408,0.0,0.0
1718637579.0047762,0.0,0.0
1718637579.5533664,0.0,0.0
1718637580.079922,0.0,0.0
1718637580.5730226,0.0,0.0
1718637581.0583758,0.0,0.0
1718637581.5349455,0.0,0.0
1718637582.0334108,0.0,0.0
1718637582.4446864,0.0,0.0
1718637582.898938,0.0,0.0
1718637583.3348274,0.0,0.0
1718637583.866522,0.0,0.0
1718637584.427038,0.0,0.0
1718637584.902352,0.0,0.0
1718637585.3113937,0.0,0.0
1718637585.7767055,0.0,0.0
1718637586.3084395,0.0,0.0
1718637586.791788,0.0,0.0
1718637587.2364805,0.0,0.0
1718637587.682208,0.0,0.0
1718637588.0890543,0.0,0.0
1718637588.5237913,0.0,0.0
1718637589.0605958,0.0,0.0
1718637589.462663,0.0,0.0
1718637589.8410306,0.0,0.0
1718637590.2619493,0.0,0.0
1718637590.6976984,0.0,0.0
1718637591.1192696,0.0,0.0
1718637591.5249696,0.0,0.0
1718637591.9169292,0.0,0.0
1718637592.2814884,0.0,0.0
1718637592.9493883,0.0,0.0
1718637593.6350734,0.0,0.0
1718637594.3451288,0.0,0.0
1718637594.591275,0.0,0.0
1718637594.8150864,0.0,0.0
1718637595.0535848,0.0,0.0
1718637595.2762969,0.0,0.0
1718637595.4956799,0.0,0.0
1718637595.7126462,0.0,0.0
1718637595.9273963,0.0,0.0
1718637596.1779797,0.0,0.0
1718637596.5279984,0.0,0.0
1718637596.8738337,0.0,0.0
1718637597.226752,0.0,0.0
1718637597.6219501,0.0,0.0
1718637598.01742,0.0,0.0
1718637598.445235,0.0,0.0
1718637598.7812254,0.0,0.0
1718637599.1414807,0.0,0.0
1718637599.516838,0.0,0.0
1718637599.8699753,0.0,0.0
1718637600.4101791,0.0,0.0
1718637600.8673728,0.0,0.0
1718637601.4135392,0.0,0.0
1718637601.835442,0.0,0.0
1718637602.2470288,0.0,0.0
1718637602.6247556,0.0,0.0
1718637602.970779,0.0,0.0
1718637603.3554437,0.0,0.0
1718637603.6909153,0.0,0.0
1718637604.0284858,0.0,0.0
1718637604.3804312,0.0,0.0
1718637604.8208206,0.0,0.0
1718637605.2210374,0.0,0.0
1718637605.6460545,0.0,0.0
1718637606.0603836,0.0,0.0
1718637606.5730135,0.0,0.0
1718637607.0576167,0.0,0.0
1718637607.5001347,0.0,0.0
1718637608.0340307,0.0,0.0
1718637608.5307562,0.0,0.0
1718637609.0570264,0.0,0.0
1718637609.677427,0.0,0.0
1718637610.542367,0.0,0.0
1718637611.3149,0.0,0.0
1718637612.1768064,0.0,0.0
1718637613.1134348,0.0,0.0
1718637613.7429798,0.0,0.0
1718637614.1902428,0.0,0.0
1718637614.7635393,0.0,0.0
1718637615.3391912,0.0,0.0
1718637616.2023723,0.0,0.0
1718637616.7955651,0.0,0.0
1718637617.308342,0.0,0.0
1718637617.8693054,0.0,0.0
1718637618.4112034,0.0,0.0
1718637618.9673352,0.0,0.0
1718637619.6427772,0.0,0.0
1718637620.4863713,0.0,0.0
1718637621.1482842,0.0,0.0
1718637621.7053616,0.0,0.0
1718637622.9724739,0.0,0.0
1718637623.8799922,0.0,0.0
1718637624.5565221,0.0,0.0
1718637625.5077617,0.0,0.0
1718637626.2396853,0.0,0.0
1718637627.1023793,0.0,0.0
1718637627.9718432,0.0,0.0
1718637628.6023655,0.0,0.0
1718637629.0479352,0.0,0.0
1718637629.5992527,0.0,0.0
1718637630.1654744,0.0,0.0
1718637630.9849937,0.0,0.0
1718637631.8081536,0.0,0.0
1718637633.1288536,0.0,0.0
1718637634.209831,0.0,0.0
1718637635.0774832,0.0,0.0
1718637635.7754157,0.0,0.0
1718637636.5416942,0.0,0.0
1718637636.9335475,0.0,0.0
1718637637.425554,0.0,0.0
1718637637.960642,0.0,0.0
1718637638.5065842,0.0,0.0
1718637639.2124724,0.0,0.0
1718637639.910159,0.0,0.0
1718637640.3492792,0.0,0.0
1718637641.0262582,0.0,0.0
1718637641.6979914,0.0,0.0
1718637642.243966,0.0,0.0
1718637642.775864,0.0,0.0
1718637643.2281947,0.0,0.0
1718637643.9305365,0.0,0.0
1718637644.526373,0.0,0.0
1718637644.9591167,0.0,0.0
1718637645.5309813,0.0,0.0
1718637646.0228887,0.0,0.0
1718637646.5773356,0.0,0.0
1718637647.1903338,0.0,0.0
1718637647.6977067,0.0,0.0
1718637648.2303767,0.0,0.0
1718637648.697706,0.0,0.0
1718637649.2214212,0.0,0.0
1718637649.874367,0.0,0.0
1718637650.6623678,0.0,0.0
1718637651.3336558,0.0,0.0
1718637651.8863711,0.0,0.0
1718637652.4228375,0.0,0.0
1718637652.8046782,0.0,0.0
1718637653.2577653,0.0,0.0
1718637653.6985435,0.0,0.0
1718637654.0874925,0.0,0.0
1718637654.550573,0.0,0.0
1718637654.890678,0.0,0.0
1718637655.2905374,0.0,0.0
1718637655.6286597,0.0,0.0
1718637656.0008364,0.0,0.0
1718637656.3232772,0.0,0.0
1718637656.6600215,0.0,0.0
1718637656.9819622,0.0,0.0
1718637657.6428053,0.0,0.0
1718637658.1717596,0.0,0.0
1718637658.7529373,0.0,0.0
1718637659.1313076,0.0,0.0
1718637659.3734763,0.0,0.0
1718637659.6006377,0.0,0.0
1718637659.8276231,0.0,0.0
1718637660.0644922,0.0,0.0
1718637660.2989633,0.0,0.0
1718637660.4906187,0.0,0.0
1718637660.7122037,0.0,0.0
1718637660.9241362,0.0,0.0
1718637661.1640792,0.0,0.0
1718637661.4991002,0.0,0.0
1718637662.0918846,0.0,0.0
1718637662.5173635,0.0,0.0
1718637663.092175,0.0,0.0
1718637663.4282813,0.0,0.0
1718637663.7711666,0.0,0.0
1718637664.2187877,0.0,0.0
1718637664.5865183,0.0,0.0
1718637665.0170875,0.0,0.0
1718637665.542198,0.0,0.0
1718637666.1997807,0.0,0.0
1718637666.6423771,0.0,0.0
1718637667.0209138,0.0,0.0
1718637667.3953657,0.0,0.0
1718637667.7364812,0.0,0.0
1718637668.1376207,0.0,0.0
1718637668.4766493,0.0,0.0
1718637668.8652766,0.0,0.0
1718637669.2570198,0.0,0.0
1718637669.7127635,0.0,0.0
1718637670.0933154,0.0,0.0
1718637670.4781575,0.0,0.0
1718637670.8770585,0.0,0.0
1718637671.3834317,0.0,0.0
1718637671.899204,0.0,0.0
1718637672.3405883,0.0,0.0
1718637672.8968847,0.0,0.0
1718637673.3889596,0.0,0.0
1718637673.926041,0.0,0.0
1718637674.4951491,0.0,0.0
1718637675.0989664,0.0,0.0
1718637675.802,0.0,0.0
1718637676.470805,0.0,0.0
1718637677.0502405,0.0,0.0
1718637677.6470313,0.0,0.0
1718637678.3987803,0.0,0.0
1718637678.9533298,0.0,0.0
1718637679.5425928,0.0,0.0
1718637680.1108453,0.0,0.0
1718637680.9623785,0.0,0.0
1718637681.4319847,0.0,0.0
1718637681.9751983,0.0,0.0
1718637682.5186558,0.0,0.0
1718637683.1007626,0.0,0.0
1718637683.7349696,0.0,0.0
1718637684.3059525,0.0,0.0
1718637684.9149303,0.0,0.0
1718637685.4154572,0.0,0.0
1718637686.2325592,0.0,0.0
1718637687.151337,0.0,0.0
1718637687.9021919,0.0,0.0
1718637688.455462,0.0,0.0
1718637689.2627861,0.0,0.0
1718637689.96854,0.0,0.0
1718637690.824496,0.0,0.0
1718637691.5663764,0.0,0.0
1718637692.2772293,0.0,0.0
1718637692.813607,0.0,0.0
1718637693.3800552,0.0,0.0
1718637694.131031,0.0,0.0
1718637694.8723674,0.0,0.0
1718637695.6823804,0.0,0.0
1718637696.4375033,0.0,0.0
1718637697.1293051,0.0,0.0
1718637697.9478104,0.0,0.0
1718637698.6654596,0.0,0.0
1718637699.1540756,0.0,0.0
1718637699.6550002,0.0,0.0
1718637700.139619,0.0,0.0
1718637700.6728387,0.0,0.0
1718637701.1797225,0.0,0.0
1718637701.7145686,0.0,0.0
1718637702.1409774,0.0,0.0
1718637702.67462,0.0,0.0
1718637703.1935213,0.0,0.0
1718637703.6939087,0.0,0.0
1718637704.1736553,0.0,0.0
1718637704.7375407,0.0,0.0
1718637705.3013735,0.0,0.0
1718637705.8095875,0.0,0.0
1718637706.2678661,0.0,0.0
1718637706.724255,0.0,0.0
1718637707.1603737,0.0,0.0
1718637707.630129,0.0,0.0
1718637708.0795074,0.0,0.0
1718637708.5255466,0.0,0.0
1718637709.0593607,0.0,0.0
1718637709.4925256,0.0,0.0
1718637709.97057,0.0,0.0
1718637710.5248966,0.0,0.0
1718637710.9695072,0.0,0.0
1718637711.4134436,0.0,0.0
1718637711.8297415,0.0,0.0
1718637712.430491,0.0,0.0
1718637712.846996,0.0,0.0
1718637713.4166713,0.0,0.0
1718637713.868735,0.0,0.0
1718637714.272275,0.0,0.0
1718637714.6976664,0.0,0.0
1718637715.0470002,0.0,0.0
1718637715.4421806,0.0,0.0
1718637716.1566982,0.0,0.0
1718637716.8225093,0.0,0.0
1718637717.5249534,0.0,0.0
1718637717.7610052,0.0,0.0
1718637717.9846876,0.0,0.0
1718637718.2018602,0.0,0.0
1718637718.4389331,0.0,0.0
1718637718.6277525,0.0,0.0
1718637718.853938,0.0,0.0
1718637719.1280155,0.0,0.0
1718637719.3593767,0.0,0.0
1718637719.6889231,0.0,0.0
1718637720.2262523,0.0,0.0
1718637720.863485,0.0,0.0
1718637721.273053,0.0,0.0
1718637721.7655852,0.0,0.0
1718637722.0983257,0.0,0.0
1718637722.5065374,0.0,0.0
1718637722.924529,0.0,0.0
1718637723.318091,0.0,0.0
1718637723.8761597,0.0,0.0
1718637724.409009,0.0,0.0
1718637724.8651576,0.0,0.0
1718637725.275173,0.0,0.0
1718637725.630327,0.0,0.0
1718637725.9762628,0.0,0.0
1718637726.3292704,0.0,0.0
1718637726.7012677,0.0,0.0
1718637727.1241667,0.0,0.0
1718637727.54967,0.0,0.0
1718637727.8967974,0.0,0.0
1718637728.3480113,0.0,0.0
1718637728.751672,0.0,0.0
1718637729.2472522,0.0,0.0
1718637729.7905183,0.0,0.0
1718637730.222676,0.0,0.0
1718637730.7507508,0.0,0.0
1718637731.1993527,0.0,0.0
1718637731.7552137,0.0,0.0
1718637732.238367,0.0,0.0
1718637732.8539221,0.0,0.0
1718637733.7323453,0.0,0.0
1718637734.4407818,0.0,0.0
1718637735.1490357,0.0,0.0
1718637735.849954,0.0,0.0
1718637736.454169,0.0,0.0
1718637736.9141066,0.0,0.0
1718637737.4748242,0.0,0.0
1718637738.2493398,0.0,0.0
1718637738.9609349,0.0,0.0
1718637739.4692469,0.0,0.0
1718637740.121616,0.0,0.0
1718637740.7265136,0.0,0.0
1718637741.4243279,0.0,0.0
1718637742.2390692,0.0,0.0
1718637742.8902695,0.0,0.0
1718637743.4662404,0.0,0.0
1718637744.4409544,0.0,0.0
1718637745.2242522,0.0,0.0
1718637745.6601684,0.0,0.0
1718637746.3324108,0.0,0.0
1718637746.9961987,0.0,0.0
1718637747.6401517,0.0,0.0
1718637748.2923205,0.0,0.0
1718637749.0103807,0.0,0.0
1718637749.7402956,0.0,0.0
1718637750.2610042,0.0,0.0
1718637750.895969,0.0,0.0
1718637751.6472812,0.0,0.0
1718637752.3887424,0.0,0.0
1718637753.1352792,0.0,0.0
1718637753.8146992,0.0,0.0
1718637754.4940875,0.0,0.0
1718637755.3879633,0.0,0.0
1718637756.079218,0.0,0.0
1718637756.7521162,0.0,0.0
1718637757.1908717,0.0,0.0
1718637757.6700263,0.0,0.0
1718637758.3569517,0.0,0.0
1718637758.8411393,0.0,0.0
1718637759.320493,0.0,0.0
1718637759.8462136,0.0,0.0
1718637760.3573165,0.0,0.0
1718637760.8683712,0.0,0.0
1718637761.4421322,0.0,0.0
1718637761.9051414,0.0,0.0
1718637762.3690455,0.0,0.0
1718637762.8670359,0.0,0.0
1718637763.3301902,0.0,0.0
1718637763.7802298,0.0,0.0
1718637764.2692928,0.0,0.0
1718637764.7632103,0.0,0.0
1718637765.2501366,0.0,0.0
1718637765.835404,0.0,0.0
1718637766.3680089,0.0,0.0
1718637766.9402301,0.0,0.0
1718637767.4083543,0.0,0.0
1718637767.9265833,0.0,0.0
1718637768.3162131,0.0,0.0
1718637768.8037028,0.0,0.0
1718637769.2896276,0.0,0.0
1718637769.6963792,0.0,0.0
1718637770.099228,0.0,0.0
1718637770.3702114,0.0,0.0
1718637770.8239734,0.0,0.0
1718637771.309898,0.0,0.0
1718637771.786356,0.0,0.0
1718637772.1205597,0.0,0.0
1718637772.5136447,0.0,0.0
1718637773.2945304,0.0,0.0
1718637774.0165956,0.0,0.0
1718637774.3486362,0.0,0.0
1718637774.6429214,0.0,0.0
1718637774.8664832,0.0,0.0
1718637775.086341,0.0,0.0
1718637775.3146064,0.0,0.0
1718637775.5499768,0.0,0.0
1718637775.7348568,0.0,0.0
1718637775.9707289,0.0,0.0
1718637776.2599788,0.0,0.0
1718637776.5139172,0.0,0.0
1718637776.8703725,0.0,0.0
1718637777.3387792,0.0,0.0
1718637777.8182304,0.0,0.0
1718637778.320187,0.0,0.0
1718637778.7871683,0.0,0.0
1718637779.147895,0.0,0.0
1718637779.5156536,0.0,0.0
1718637779.8921385,0.0,0.0
1718637780.2151268,0.0,0.0
1718637780.6903012,0.0,0.0
1718637781.2598104,0.0,0.0
1718637781.8291907,0.0,0.0
1718637782.2341485,0.0,0.0
1718637782.6342397,0.0,0.0
1718637782.9940763,0.0,0.0
1718637783.3422787,0.0,0.0
1718637783.695861,0.0,0.0
1718637784.0799112,0.0,0.0
1718637784.5467927,0.0,0.0
1718637784.947558,0.0,0.0
1718637785.3415234,0.0,0.0
1718637785.6777956,0.0,0.0
1718637786.074806,0.0,0.0
1718637786.4295723,0.0,0.0
1718637786.8031354,0.0,0.0
1718637787.2647533,0.0,0.0
1718637787.7929323,0.0,0.0
1718637788.2291427,0.0,0.0
1718637788.630271,0.0,0.0
1718637789.110813,0.0,0.0
1718637789.6501906,0.0,0.0
1718637790.2287772,0.0,0.0
1718637790.6321986,0.0,0.0
1718637791.1196082,0.0,0.0
1718637791.6983237,0.0,0.0
1718637792.6291103,0.0,0.0
1718637793.3222234,0.0,0.0
1718637794.002051,0.0,0.0
1718637794.9042401,0.0,0.0
1718637795.5643928,0.0,0.0
1718637796.0642512,0.0,0.0
1718637796.5801868,0.0,0.0
1718637797.263801,0.0,0.0
1718637798.036438,0.0,0.0
1718637798.4841766,0.0,0.0
1718637798.983781,0.0,0.0
1718637799.551088,0.0,0.0
1718637800.1379318,0.0,0.0
1718637800.6955323,0.0,0.0
1718637801.346184,0.0,0.0
1718637801.9409022,0.0,0.0
1718637802.5319135,0.0,0.0
1718637803.0451143,0.0,0.0
1718637803.5688386,0.0,0.0
1718637804.4237971,0.0,0.0
1718637805.5469308,0.0,0.0
1718637806.351654,0.0,0.0
1718637806.9206553,0.0,0.0
1718637807.6257305,0.0,0.0
1718637808.4613028,0.0,0.0
1718637809.3604922,0.0,0.0
1718637809.979587,0.0,0.0
1718637810.541439,0.0,0.0
1718637811.0792315,0.0,0.0
1718637811.5216136,0.0,0.0
1718637811.971197,0.0,0.0
1718637812.4885914,0.0,0.0
1718637813.102063,0.0,0.0
1718637814.3923514,0.0,0.0
1718637815.3503742,0.0,0.0
1718637816.4651659,0.0,0.0
1718637817.5838578,0.0,0.0
1718637818.6730366,0.0,0.0
1718637819.4169543,0.0,0.0
1718637820.2925513,0.0,0.0
1718637821.0743694,0.0,0.0
1718637821.6423712,0.0,0.0
1718637822.2023194,0.0,0.0
1718637822.8621356,0.0,0.0
1718637823.4969356,0.0,0.0
1718637824.3288453,0.0,0.0
1718637824.8745153,0.0,0.0
1718637825.4305189,0.0,0.0
1718637826.02718,0.0,0.0
1718637826.6503768,0.0,0.0
1718637827.3995376,0.0,0.0
1718637827.9702613,0.0,0.0
1718637828.562361,0.0,0.0
1718637829.096896,0.0,0.0
1718637829.6776009,0.0,0.0
1718637830.1868649,0.0,0.0
1718637830.6735353,0.0,0.0
1718637831.3911927,0.0,0.0
1718637831.9001172,0.0,0.0
1718637832.370374,0.0,0.0
1718637832.953932,0.0,0.0
1718637833.6223736,0.0,0.0
1718637834.1346066,0.0,0.0
1718637834.7743695,0.0,0.0
1718637835.284056,0.0,0.0
1718637835.7703645,0.0,0.0
1718637836.4323695,0.0,0.0
1718637836.947624,0.0,0.0
1718637837.5378811,0.0,0.0
1718637837.994747,0.0,0.0
1718637838.376959,0.0,0.0
1718637838.9863763,0.0,0.0
1718637839.5312243,0.0,0.0
1718637839.9797804,0.0,0.0
1718637840.5143838,0.0,0.0
1718637841.209792,0.0,0.0
1718637841.7174973,0.0,0.0
1718637842.2787824,0.0,0.0
1718637842.802375,0.0,0.0
1718637843.382368,0.0,0.0
1718637844.010368,0.0,0.0
1718637844.5811813,0.0,0.0
1718637845.0367815,0.0,0.0
1718637845.4206026,0.0,0.0
1718637845.7284298,0.0,0.0
1718637846.182374,0.0,0.0
1718637846.9823782,0.0,0.0
1718637847.6713483,0.0,0.0
1718637848.3709688,0.0,0.0
1718637848.7016642,0.0,0.0
1718637849.0785406,0.0,0.0
1718637849.3338935,0.0,0.0
1718637849.6037123,0.0,0.0
1718637849.8543859,0.0,0.0
1718637850.1217372,0.0,0.0
1718637850.3805432,0.0,0.0
1718637850.6949415,0.0,0.0
1718637851.022362,0.0,0.0
1718637851.306482,0.0,0.0
1718637851.5743997,0.0,0.0
1718637851.8618891,0.0,0.0
1718637852.133541,0.0,0.0
1718637852.403188,0.0,0.0
1718637852.6899505,0.0,0.0
1718637852.9114463,0.0,0.0
1718637853.1382325,0.0,0.0
1718637853.3733082,0.0,0.0
1718637853.5929337,0.0,0.0
1718637853.8222299,0.0,0.0
1718637854.209004,0.0,0.0
1718637854.673658,0.0,0.0
1718637855.2582579,0.0,0.0
1718637855.8103805,0.0,0.0
1718637856.2729943,0.0,0.0
1718637856.8528168,0.0,0.0
1718637857.3324754,0.0,0.0
1718637857.7183886,0.0,0.0
1718637858.1825187,0.0,0.0
1718637858.5823703,0.0,0.0
1718637859.470493,0.0,0.0
1718637860.106237,0.0,0.0
1718637860.8932893,0.0,0.0
1718637861.5172567,0.0,0.0
1718637861.9868023,0.0,0.0
1718637862.403164,0.0,0.0
1718637862.8463771,0.0,0.0
1718637863.2580113,0.0,0.0
1718637863.6579168,0.0,0.0
1718637864.0703764,0.0,0.0
1718637864.43334,0.0,0.0
1718637864.8500197,0.0,0.0
1718637865.2425172,0.0,0.0
1718637865.7804255,0.0,0.0
1718637866.3204052,0.0,0.0
1718637866.8303769,0.0,0.0
1718637867.410362,0.0,0.0
1718637867.9634037,0.0,0.0
1718637868.4713633,0.0,0.0
1718637869.034857,0.0,0.0
1718637869.4532664,0.0,0.0
1718637869.8193095,0.0,0.0
1718637870.2888598,0.0,0.0
1718637874.0148513,0.0,0.0
1718637874.7505999,0.0,0.0
1718637875.7198508,0.0,0.0
1718637876.3753905,0.0,0.0
1718637877.0168822,0.0,0.0
1718637877.927791,0.0,0.0
1718637878.7543736,0.0,0.0
1718637879.383271,0.0,0.0
1718637880.1165233,0.0,0.0
1718637880.8166583,0.0,0.0
1718637881.6783655,0.0,0.0
1718637882.6378136,0.0,0.0
1718637883.3345373,0.0,0.0
1718637883.8369973,0.0,0.0
1718637884.4396431,0.0,0.0
1718637885.1335955,0.0,0.0
1718637885.8969285,0.0,0.0
1718637886.5576093,0.0,0.0
1718637887.3263774,0.0,0.0
1718637888.4903693,0.0,0.0
1718637889.1384094,0.0,0.0
1718637889.8859046,0.0,0.0
1718637890.7865076,0.0,0.0
1718637891.9548914,0.0,0.0
1718637892.873651,0.0,0.0
1718637893.5569885,0.0,0.0
1718637894.2748587,0.0,0.0
1718637894.9303682,0.0,0.0
1718637895.6410003,0.0,0.0
1718637896.856601,0.0,0.0
1718637897.616613,0.0,0.0
1718637898.459767,0.0,0.0
1718637899.1743727,0.0,0.0
1718637899.9081693,0.0,0.0
1718637900.6448169,0.0,0.0
1718637901.5543694,0.0,0.0
1718637903.021953,0.0,0.0
1718637904.1662326,0.0,0.0
1718637905.050985,0.0,0.0
1718637906.1372142,0.0,0.0
1718637907.2207959,0.0,0.0
1718637908.079781,0.0,0.0
1718637908.8001723,0.0,0.0
1718637909.4545522,0.0,0.0
1718637910.260516,0.0,0.0
1718637910.861847,0.0,0.0
1718637911.5023768,0.0,0.0
1718637912.1657536,0.0,0.0
1718637912.7729282,0.0,0.0
1718637913.4763412,0.0,0.0
1718637914.034375,0.0,0.0
1718637914.610378,0.0,0.0
1718637915.424193,0.0,0.0
1718637916.2623675,0.0,0.0
1718637917.053538,0.0,0.0
1718637917.6480994,0.0,0.0
1718637918.3823743,0.0,0.0
1718637919.0826042,0.0,0.0
1718637919.6925704,0.0,0.0
1718637920.0821412,0.0,0.0
1718637920.5743213,0.0,0.0
1718637921.1623423,0.0,0.0
1718637921.7122006,0.0,0.0
1718637922.3095295,0.0,0.0
1718637922.8876832,0.0,0.0
1718637923.3623843,0.0,0.0
1718637924.0009086,0.0,0.0
1718637924.4812086,0.0,0.0
1718637925.0983605,0.0,0.0
1718637925.8663754,0.0,0.0
1718637926.4077854,0.0,0.0
1718637926.8909218,0.0,0.0
1718637927.3707743,0.0,0.0
1718637928.0651407,0.0,0.0
1718637928.6653092,0.0,0.0
1718637929.2981384,0.0,0.0
1718637929.839508,0.0,0.0
1718637930.4050703,0.0,0.0
1718637930.98923,0.0,0.0
1718637931.4783695,0.0,0.0
1718637931.9928036,0.0,0.0
1718637932.6183655,0.0,0.0
1718637933.1110814,0.0,0.0
1718637933.4863768,0.0,0.0
1718637933.9023683,0.0,0.0
1718637934.3217256,0.0,0.0
1718637934.8103027,0.0,0.0
1718637935.1703832,0.0,0.0
1718637935.662157,0.0,0.0
1718637936.1775784,0.0,0.0
1718637936.8915565,0.0,0.0
1718637937.5291374,0.0,0.0
1718637938.2705398,0.0,0.0
1718637938.8463707,0.0,0.0
1718637939.166369,0.0,0.0
1718637939.4813375,0.0,0.0
1718637939.8265598,0.0,0.0
1718637940.1271877,0.0,0.0
1718637940.4065819,0.0,0.0
1718637940.6612163,0.0,0.0
1718637940.9511907,0.0,0.0
1718637941.2219086,0.0,0.0
1718637941.4546635,0.0,0.0
1718637941.6893568,0.0,0.0
1718637941.9530723,0.0,0.0
1718637942.2375307,0.0,0.0
1718637942.5095656,0.0,0.0
1718637942.8663788,0.0,0.0
1718637943.154378,0.0,0.0
1718637943.3726249,0.0,0.0
1718637943.6778297,0.0,0.0
1718637944.0144079,0.0,0.0
1718637944.4523234,0.0,0.0
1718637944.9738553,0.0,0.0
1718637945.5103734,0.0,0.0
1718637946.2343802,0.0,0.0
1718637947.041535,0.0,0.0
1718637947.6629763,0.0,0.0
1718637948.3346443,0.0,0.0
1718637948.839954,0.0,0.0
1718637949.3510318,0.0,0.0
1718637949.7516458,0.0,0.0
1718637950.4651158,0.0,0.0
1718637951.017015,0.0,0.0
1718637951.7447412,0.0,0.0
1718637952.2884793,0.0,0.0
1718637952.7754383,0.0,0.0
1718637953.1623862,0.0,0.0
1718637953.586837,0.0,0.0
1718637953.9663754,0.0,0.0
1718637954.4223645,0.0,0.0
1718637955.0441175,0.0,0.0
1718637955.7021854,0.0,0.0
1718637956.1429014,0.0,0.0
1718637956.7617345,0.0,0.0
1718637957.1178749,0.0,0.0
1718637957.4850569,0.0,0.0
