timestamp,gpu_util,gpu_mem
1718728355.5277243,24.0,520.0
1718728355.6629577,23.0,520.0
1718728355.8017719,25.0,532.0
1718728355.9660356,25.0,909.0
1718728356.124242,31.0,1029.0
1718728356.271126,2.0,1029.0
1718728356.4102325,2.0,1029.0
1718728356.5524929,2.0,1029.0
1718728356.6923664,2.0,1029.0
1718728356.830609,2.0,1029.0
1718728356.9698143,2.0,1029.0
1718728357.1070359,2.0,1029.0
1718728357.2421172,1.0,1029.0
1718728357.3774145,1.0,1029.0
1718728357.5163407,2.0,1029.0
1718728357.652943,2.0,1029.0
1718728357.7865944,2.0,1029.0
1718728357.9203928,2.0,1029.0
1718728358.054342,1.0,1029.0
1718728358.1867416,1.0,1029.0
1718728358.3184266,2.0,1029.0
1718728358.452913,2.0,1029.0
1718728358.5890617,2.0,1029.0
1718728358.7226808,2.0,1029.0
1718728358.8571928,2.0,1029.0
1718728358.9907963,2.0,1029.0
1718728359.1264255,1.0,1029.0
1718728359.2592895,2.0,1029.0
1718728359.3956487,2.0,1029.0
1718728359.5302606,2.0,1029.0
1718728359.6647222,2.0,1029.0
1718728359.7997193,2.0,1029.0
1718728359.9345376,2.0,1029.0
1718728360.0711322,1.0,1029.0
1718728360.209245,1.0,1029.0
1718728360.3456933,2.0,1029.0
1718728360.4794,2.0,1029.0
1718728360.6148636,2.0,1029.0
1718728360.7479744,2.0,1029.0
1718728360.8835363,2.0,1029.0
1718728361.0171762,2.0,1029.0
1718728361.1508737,1.0,1029.0
1718728361.285898,2.0,1029.0
1718728361.4219625,2.0,1029.0
1718728361.560156,2.0,1029.0
1718728361.6933734,2.0,1029.0
1718728361.8298936,2.0,1029.0
1718728361.962369,2.0,1029.0
1718728362.099835,1.0,1029.0
1718728362.2337964,2.0,1029.0
1718728362.3670177,2.0,1029.0
1718728362.5043194,2.0,1029.0
1718728362.6373491,2.0,1029.0
1718728362.7693114,2.0,1029.0
1718728362.905261,2.0,1029.0
1718728363.0421166,1.0,1029.0
1718728363.1796079,1.0,1029.0
1718728363.3136275,2.0,1029.0
1718728363.4464307,2.0,1029.0
1718728363.5789824,2.0,1029.0
1718728363.7154953,2.0,1029.0
1718728363.8510585,1.0,1029.0
1718728363.986388,1.0,1029.0
1718728364.1207514,2.0,1029.0
1718728364.2568698,2.0,1029.0
1718728364.390014,2.0,1029.0
1718728364.5230944,2.0,1029.0
1718728364.656722,2.0,1029.0
1718728364.7921586,2.0,1029.0
1718728364.9253085,1.0,1029.0
1718728365.0606925,2.0,1029.0
1718728365.1942592,2.0,1029.0
1718728365.3267913,2.0,1029.0
1718728365.459528,2.0,1029.0
1718728365.5951738,2.0,1029.0
1718728365.7290688,2.0,1029.0
1718728365.8624551,1.0,1029.0
1718728365.9978828,1.0,1029.0
1718728366.131701,2.0,1029.0
1718728366.268068,2.0,1029.0
1718728366.4044957,2.0,1029.0
1718728366.5384364,2.0,1029.0
1718728366.6753528,2.0,1029.0
1718728366.8127606,2.0,1029.0
1718728366.9517043,2.0,1029.0
1718728367.0857048,2.0,1029.0
1718728367.220758,2.0,1029.0
1718728367.357301,2.0,1029.0
1718728367.4918754,2.0,1029.0
1718728367.6275072,2.0,1029.0
1718728367.7602394,2.0,1029.0
1718728367.8967714,1.0,1029.0
1718728368.0308816,2.0,1029.0
1718728368.166817,2.0,1029.0
1718728368.3015335,2.0,1029.0
1718728368.4363706,2.0,1029.0
1718728368.569948,2.0,1029.0
1718728368.710711,2.0,1029.0
1718728368.8441978,1.0,1029.0
1718728368.979717,1.0,1029.0
1718728369.1189322,2.0,1029.0
1718728369.253472,2.0,1029.0
1718728369.388723,2.0,1029.0
1718728369.5277185,2.0,1029.0
1718728369.662425,1.0,1029.0
1718728369.7959943,1.0,1029.0
1718728369.930657,1.0,1029.0
1718728370.0658743,2.0,1029.0
1718728370.2006094,2.0,1029.0
1718728370.334802,2.0,1029.0
1718728370.4705782,2.0,1029.0
1718728370.6096034,2.0,1029.0
1718728370.743641,1.0,1029.0
1718728370.8803406,2.0,1029.0
1718728371.0161703,2.0,1029.0
1718728371.1497564,2.0,1029.0
1718728371.283097,2.0,1029.0
1718728371.4187891,2.0,1029.0
1718728371.5563414,2.0,1029.0
1718728371.6893618,1.0,1029.0
1718728371.8243566,2.0,1029.0
1718728371.9709842,2.0,1029.0
1718728372.1359236,2.0,1029.0
1718728372.3551626,2.0,1029.0
1718728372.588068,1.0,1029.0
1718728372.8158154,2.0,1029.0
1718728373.003453,2.0,1029.0
1718728373.1557496,4.0,1029.0
1718728373.3957794,6.0,1029.0
1718728373.691833,5.0,1029.0
1718728373.9559295,6.0,1029.0
1718728374.1376262,7.0,1029.0
1718728374.3036103,7.0,1029.0
1718728374.471704,8.0,1029.0
1718728374.6397727,18.0,1029.0
1718728374.8278995,27.0,1029.0
1718728374.9986494,26.0,1029.0
1718728375.1700637,26.0,1029.0
1718728375.3478928,28.0,1029.0
1718728375.5597482,0.0,1029.0
1718728375.8757606,0.0,1029.0
1718728376.0517704,8.0,1029.0
1718728376.2077088,16.0,1029.0
1718728376.403528,9.0,1029.0
1718728376.5676882,9.0,1029.0
1718728376.7476997,28.0,1029.0
1718728376.927722,23.0,1029.0
1718728377.1154983,22.0,1029.0
1718728377.285214,25.0,1029.0
1718728377.5081215,30.0,1029.0
1718728377.759778,28.0,1029.0
1718728377.949492,25.0,1029.0
1718728378.0917106,24.0,1029.0
1718728378.2344415,25.0,1029.0
1718728378.371718,25.0,1029.0
1718728378.508779,23.0,1029.0
1718728378.6493785,23.0,1029.0
1718728378.787785,23.0,1029.0
1718728378.9832625,27.0,1029.0
1718728379.279193,28.0,1029.0
1718728379.556305,30.0,1029.0
1718728379.8197758,26.0,1029.0
1718728380.0017345,29.0,1029.0
1718728380.2593756,30.0,1029.0
1718728380.52377,29.0,1029.0
1718728380.7377098,28.0,1029.0
1718728380.8944182,25.0,1029.0
1718728381.0598023,28.0,1029.0
1718728381.2887607,27.0,1029.0
1718728381.4696627,29.0,1029.0
1718728381.651071,27.0,1029.0
1718728381.8477914,44.0,1029.0
1718728382.022037,26.0,1029.0
1718728382.2157848,30.0,1029.0
1718728382.4484608,30.0,1029.0
1718728382.7471943,28.0,1029.0
1718728382.9002488,24.0,1029.0
1718728383.055709,29.0,1029.0
1718728383.2435088,27.0,1029.0
1718728383.3957062,27.0,1029.0
1718728383.5717032,27.0,1029.0
1718728383.74564,27.0,1029.0
1718728383.8976698,25.0,1029.0
1718728384.1030257,27.0,1029.0
1718728384.2917857,27.0,1029.0
1718728384.5578837,27.0,1029.0
1718728384.7648613,27.0,1029.0
1718728384.9187121,22.0,1029.0
1718728385.059744,27.0,1029.0
1718728385.1945214,27.0,1029.0
1718728385.3364112,25.0,1029.0
1718728385.4730606,26.0,1029.0
1718728385.6084292,26.0,1029.0
1718728385.7391367,23.0,1029.0
1718728385.8748221,24.0,1029.0
1718728386.0115404,24.0,1029.0
1718728386.1455193,24.0,1029.0
1718728386.280847,24.0,1029.0
1718728386.4202306,24.0,1029.0
1718728386.561188,24.0,1029.0
1718728386.69822,21.0,1029.0
1718728386.831738,23.0,1029.0
1718728386.969621,23.0,1029.0
1718728387.1053436,24.0,1029.0
1718728387.239694,24.0,1029.0
1718728387.374698,24.0,1029.0
1718728387.5089962,23.0,1029.0
1718728387.6462102,21.0,1029.0
1718728387.7815435,21.0,1029.0
1718728387.9143188,22.0,1029.0
1718728388.0493307,23.0,1029.0
1718728388.185384,23.0,1029.0
1718728388.3209329,23.0,1029.0
1718728388.4567442,22.0,1029.0
1718728388.5943933,22.0,1029.0
1718728388.7278502,20.0,1029.0
1718728388.8629096,23.0,1029.0
1718728388.9998164,23.0,1029.0
1718728389.1368284,23.0,1029.0
1718728389.270967,23.0,1029.0
1718728389.4099166,23.0,1029.0
1718728389.544468,21.0,1029.0
1718728389.679372,21.0,1029.0
1718728389.8179524,23.0,1029.0
1718728389.953135,23.0,1029.0
1718728390.0931218,23.0,1029.0
1718728390.2274184,22.0,1029.0
1718728390.362336,22.0,1029.0
1718728390.4962432,18.0,1029.0
1718728390.629293,19.0,1029.0
1718728390.7682052,19.0,1029.0
1718728390.902069,21.0,1029.0
1718728391.0360591,21.0,1029.0
1718728391.169952,21.0,1029.0
1718728391.3049953,23.0,1029.0
1718728391.4380016,22.0,1029.0
1718728391.574289,22.0,1029.0
1718728391.707811,24.0,1029.0
1718728391.8453226,24.0,1029.0
1718728391.9823325,24.0,1029.0
1718728392.1211612,25.0,1029.0
1718728392.254681,24.0,1029.0
1718728392.3916473,24.0,1029.0
1718728392.5246596,20.0,1029.0
1718728392.6590977,23.0,1029.0
1718728392.7922704,23.0,1029.0
1718728392.9272528,23.0,1029.0
1718728393.0633206,22.0,1029.0
1718728393.201278,22.0,1029.0
1718728393.3356588,21.0,1029.0
1718728393.471072,17.0,1029.0
1718728393.609062,17.0,1029.0
1718728393.7435224,21.0,1029.0
1718728393.877877,21.0,1029.0
1718728394.0131469,21.0,1029.0
1718728394.1479738,21.0,1029.0
1718728394.2823536,20.0,1029.0
1718728394.4169328,17.0,1029.0
1718728394.5525424,17.0,1029.0
1718728394.691101,21.0,1029.0
1718728394.8252375,21.0,1029.0
1718728394.965032,21.0,1029.0
1718728395.1009965,20.0,1029.0
1718728395.2361915,19.0,1029.0
1718728395.3709688,19.0,1029.0
1718728395.50531,18.0,1029.0
1718728395.6401274,21.0,1029.0
1718728395.77534,21.0,1029.0
1718728395.913413,23.0,1029.0
1718728396.0477,23.0,1029.0
1718728396.1832926,23.0,1029.0
1718728396.3203182,21.0,1029.0
1718728396.4653592,22.0,1029.0
1718728396.6001415,22.0,1029.0
1718728396.7350774,23.0,1025.0
1718728396.8726256,46.0,1025.0
1718728397.0075915,46.0,1025.0
1718728397.1434553,23.0,1025.0
1718728397.278168,22.0,1025.0
1718728397.413534,24.0,1025.0
1718728397.5488255,24.0,1025.0
1718728397.6843717,25.0,1025.0
1718728397.8212447,25.0,1025.0
1718728397.9580817,25.0,1025.0
1718728398.092451,24.0,1025.0
1718728398.22729,22.0,1025.0
1718728398.364484,22.0,1025.0
1718728398.5059204,24.0,1025.0
1718728398.640912,25.0,1025.0
1718728398.7828383,25.0,1025.0
1718728398.9195807,25.0,1025.0
1718728399.0541346,24.0,1025.0
1718728399.1900942,24.0,1025.0
1718728399.3275378,20.0,1025.0
1718728399.4637182,24.0,1025.0
1718728399.5980012,24.0,1025.0
1718728399.7342706,24.0,1025.0
1718728399.868742,24.0,1025.0
1718728400.0069897,24.0,1025.0
1718728400.1411996,23.0,1025.0
1718728400.2763336,21.0,1025.0
1718728400.4132292,23.0,1025.0
1718728400.547846,23.0,1025.0
1718728400.6852639,22.0,1025.0
1718728400.8233278,23.0,1025.0
1718728400.9570274,23.0,1025.0
1718728401.091688,23.0,1025.0
1718728401.231651,21.0,1025.0
1718728401.367458,21.0,1025.0
1718728401.5086057,24.0,1025.0
1718728401.646548,23.0,1025.0
1718728401.7795866,23.0,1025.0
1718728401.9177227,23.0,1025.0
1718728402.0514848,21.0,1025.0
1718728402.1867752,21.0,1025.0
1718728402.3220494,21.0,1025.0
1718728402.4569826,23.0,1025.0
1718728402.5909548,23.0,1025.0
1718728402.7242937,23.0,1025.0
1718728402.8609326,23.0,1025.0
1718728402.9936674,23.0,1025.0
1718728403.1277077,21.0,1025.0
1718728403.2625725,23.0,1025.0
1718728403.3970087,23.0,1025.0
1718728403.5375352,23.0,1025.0
1718728403.6831665,23.0,1025.0
1718728403.8253984,22.0,1025.0
1718728403.9623864,22.0,1025.0
1718728404.0974767,20.0,1025.0
1718728404.2309644,22.0,1025.0
1718728404.3682456,22.0,1025.0
1718728404.504115,24.0,1025.0
1718728404.6447446,27.0,1025.0
1718728404.7851546,27.0,1025.0
1718728404.9183228,25.0,1025.0
1718728405.0555832,22.0,1025.0
1718728405.1917984,22.0,1025.0
1718728405.3374777,25.0,1025.0
1718728405.4728067,25.0,1025.0
1718728405.6084359,24.0,1025.0
1718728405.7536688,24.0,1025.0
1718728405.8887346,24.0,1025.0
1718728406.0233872,19.0,1025.0
1718728406.1614208,19.0,1025.0
1718728406.2960348,26.0,1025.0
1718728406.4367473,25.0,1025.0
1718728406.57151,25.0,1025.0
1718728406.708155,24.0,1025.0
1718728406.8420317,24.0,1025.0
1718728406.9758787,24.0,1025.0
1718728407.1114676,21.0,1025.0
1718728407.2475603,25.0,1025.0
1718728407.384723,25.0,1025.0
1718728407.518193,25.0,1025.0
1718728407.6537304,25.0,1025.0
1718728407.7891867,25.0,1025.0
1718728407.9253576,23.0,1025.0
1718728408.0593264,21.0,1025.0
1718728408.1953313,21.0,1025.0
1718728408.3303146,24.0,1025.0
1718728408.4696922,25.0,1025.0
1718728408.6042237,25.0,1025.0
1718728408.7395678,24.0,1025.0
1718728408.873494,22.0,1025.0
1718728409.0073981,22.0,1025.0
1718728409.141853,22.0,1025.0
1718728409.2750876,25.0,1025.0
1718728409.4166265,24.0,1025.0
1718728409.5568566,24.0,1025.0
1718728409.6925814,23.0,1025.0
1718728409.8274815,20.0,1025.0
1718728409.9663198,20.0,1025.0
1718728410.1000273,22.0,1025.0
1718728410.231373,25.0,1025.0
1718728410.3673177,25.0,1025.0
1718728410.5051923,24.0,1025.0
1718728410.640021,23.0,1025.0
1718728410.7758086,23.0,1025.0
1718728410.9074543,21.0,1025.0
1718728411.041002,25.0,1025.0
1718728411.1757321,25.0,1025.0
1718728411.3105714,25.0,1025.0
1718728411.4475884,25.0,1025.0
1718728411.5829222,25.0,1025.0
1718728411.726625,24.0,1025.0
1718728411.8597066,43.0,1025.0
1718728411.995599,43.0,1025.0
1718728412.1347373,25.0,1025.0
1718728412.270232,27.0,1025.0
1718728412.406905,25.0,1025.0
1718728412.5435627,25.0,1025.0
1718728412.6775749,24.0,1025.0
1718728412.8119125,22.0,1025.0
1718728412.9477606,22.0,1025.0
1718728413.0883794,24.0,1025.0
1718728413.2239537,25.0,1025.0
1718728413.3582127,25.0,1025.0
1718728413.493676,24.0,1025.0
1718728413.6286056,22.0,1025.0
1718728413.7637184,22.0,1025.0
1718728413.898698,21.0,1025.0
1718728414.032727,24.0,1025.0
1718728414.1682367,24.0,1025.0
1718728414.3108037,25.0,1025.0
1718728414.4445574,25.0,1025.0
1718728414.5794954,25.0,1025.0
1718728414.7165918,21.0,1025.0
1718728414.8524628,23.0,1025.0
1718728414.986395,23.0,1025.0
1718728415.1288304,24.0,1025.0
1718728415.2634044,24.0,1025.0
1718728415.3981378,24.0,1025.0
1718728415.532643,24.0,1025.0
1718728415.6776173,21.0,1025.0
1718728415.8093438,23.0,1025.0
1718728415.9432764,23.0,1025.0
1718728416.0793893,25.0,1025.0
1718728416.2213888,24.0,1025.0
1718728416.356134,24.0,1025.0
1718728416.491402,24.0,1025.0
1718728416.6271453,21.0,1025.0
1718728416.7582257,21.0,1025.0
1718728416.8933737,23.0,1025.0
1718728417.0273185,24.0,1025.0
1718728417.1619532,24.0,1025.0
1718728417.2975817,23.0,1025.0
1718728417.4317002,24.0,1025.0
1718728417.5696616,24.0,1025.0
1718728417.7058597,20.0,1025.0
1718728417.840002,25.0,1025.0
1718728417.978915,25.0,1025.0
1718728418.1137471,25.0,1025.0
1718728418.2513845,23.0,1025.0
1718728418.3859274,23.0,1025.0
1718728418.522151,23.0,1025.0
1718728418.655872,20.0,1025.0
1718728418.795489,20.0,1025.0
1718728418.9328763,25.0,1025.0
1718728419.0696907,26.0,1025.0
1718728419.2035172,24.0,1025.0
1718728419.3390245,24.0,1025.0
1718728419.476253,24.0,1025.0
1718728419.6094244,21.0,1025.0
1718728419.7426775,21.0,1025.0
1718728419.8837228,24.0,1025.0
1718728420.0220547,25.0,1025.0
1718728420.1557107,25.0,1025.0
1718728420.2919364,24.0,1025.0
1718728420.428863,22.0,1025.0
1718728420.5644474,22.0,1025.0
1718728420.6999404,21.0,1025.0
1718728420.8364007,22.0,1025.0
1718728420.9702818,22.0,1025.0
1718728421.107494,25.0,1025.0
1718728421.2415576,23.0,1025.0
1718728421.3771162,23.0,1025.0
1718728421.5140493,21.0,1025.0
1718728421.6496909,21.0,1025.0
1718728421.7837875,21.0,1025.0
1718728421.917409,23.0,1025.0
1718728422.052968,24.0,1025.0
1718728422.188964,24.0,1025.0
1718728422.3284936,23.0,1025.0
1718728422.473296,20.0,1025.0
1718728422.6073534,22.0,1025.0
1718728422.7464285,22.0,1025.0
1718728422.8853579,23.0,1025.0
1718728423.0199993,23.0,1025.0
1718728423.155662,23.0,1025.0
1718728423.2910898,23.0,1025.0
1718728423.4287946,20.0,1025.0
1718728423.5660193,20.0,1025.0
1718728423.6999655,20.0,1025.0
1718728423.8366833,21.0,1025.0
1718728423.9715216,21.0,1025.0
1718728424.1071544,21.0,1025.0
1718728424.241101,20.0,1025.0
1718728424.376466,20.0,1025.0
1718728424.5111425,17.0,1025.0
1718728424.6474342,23.0,1025.0
1718728424.78222,23.0,1025.0
1718728424.9149313,24.0,1025.0
1718728425.051698,24.0,1025.0
1718728425.186518,24.0,1025.0
1718728425.322224,23.0,1025.0
1718728425.4556065,21.0,1025.0
1718728425.5881636,21.0,1025.0
1718728425.7316866,25.0,1025.0
1718728425.8656747,26.0,1025.0
1718728425.9984593,26.0,1025.0
1718728426.1318917,25.0,1025.0
1718728426.2657583,24.0,1025.0
1718728426.3994784,22.0,1025.0
1718728426.5363169,22.0,1025.0
1718728426.6692836,25.0,1025.0
1718728426.8036091,27.0,1025.0
1718728426.9404352,27.0,1025.0
1718728427.0767252,43.0,1025.0
1718728427.2080371,23.0,1025.0
1718728427.3446703,23.0,1025.0
1718728427.479979,21.0,1025.0
1718728427.6200588,24.0,1025.0
1718728427.7551353,24.0,1025.0
1718728427.8900511,23.0,1025.0
1718728428.0262167,23.0,1025.0
1718728428.1679277,23.0,1025.0
1718728428.3047886,21.0,1025.0
1718728428.4451032,22.0,1025.0
1718728428.580541,22.0,1025.0
1718728428.716049,23.0,1025.0
1718728428.8557813,24.0,1025.0
1718728428.9912548,24.0,1025.0
1718728429.1274905,25.0,1025.0
1718728429.2677596,21.0,1025.0
1718728429.405117,22.0,1025.0
1718728429.53954,22.0,1025.0
1718728429.6793828,23.0,1025.0
1718728429.8274863,24.0,1025.0
1718728429.9616077,24.0,1025.0
1718728430.0993493,22.0,1025.0
1718728430.2332907,20.0,1025.0
1718728430.373794,20.0,1025.0
1718728430.5119011,22.0,1025.0
1718728430.647921,23.0,1025.0
1718728430.7836134,23.0,1025.0
1718728430.9182558,23.0,1025.0
1718728431.0518405,22.0,1025.0
1718728431.1875236,22.0,1025.0
1718728431.32171,23.0,1025.0
1718728431.4585867,28.0,1025.0
1718728431.5942972,28.0,1025.0
1718728431.7332876,26.0,1025.0
1718728431.869885,27.0,1025.0
1718728432.0071929,26.0,1025.0
1718728432.1443343,26.0,1025.0
1718728432.2804463,24.0,1025.0
1718728432.4155996,28.0,1025.0
1718728432.554386,28.0,1025.0
1718728432.6890528,27.0,1025.0
1718728432.8243449,27.0,1025.0
1718728432.9617295,27.0,1025.0
1718728433.099649,25.0,1025.0
1718728433.235949,24.0,1025.0
1718728433.3732152,24.0,1025.0
1718728433.50947,27.0,1025.0
1718728433.6472254,27.0,1025.0
1718728433.7803118,27.0,1025.0
1718728433.9152107,27.0,1025.0
1718728434.0505106,25.0,1025.0
1718728434.1864655,25.0,1025.0
1718728434.320072,22.0,1025.0
1718728434.4537892,25.0,1025.0
1718728434.5873332,25.0,1025.0
1718728434.723601,25.0,1025.0
1718728434.8624785,23.0,1025.0
1718728435.000947,23.0,1025.0
1718728435.1351063,23.0,1025.0
1718728435.2728758,21.0,1025.0
1718728435.4075935,23.0,1025.0
1718728435.542899,23.0,1025.0
1718728435.6804907,22.0,1025.0
1718728435.8160136,23.0,1025.0
1718728435.9512043,23.0,1025.0
1718728436.0904572,21.0,1025.0
1718728436.2251284,22.0,1025.0
1718728436.3616974,22.0,1025.0
1718728436.4981651,24.0,1025.0
1718728436.6319494,23.0,1025.0
1718728436.767692,23.0,1025.0
1718728436.9049678,22.0,1025.0
1718728437.0384007,20.0,1025.0
1718728437.1730125,20.0,1025.0
1718728437.3071756,23.0,1025.0
1718728437.450146,24.0,1025.0
1718728437.586061,24.0,1025.0
1718728437.7247171,23.0,1025.0
1718728437.859434,23.0,1025.0
1718728437.9945915,19.0,1025.0
1718728438.1329446,19.0,1025.0
1718728438.2681487,23.0,1025.0
1718728438.4074059,24.0,1025.0
1718728438.5482697,24.0,1025.0
1718728438.6836042,23.0,1025.0
1718728438.8220854,25.0,1025.0
1718728438.956307,25.0,1025.0
1718728439.092513,19.0,1025.0
1718728439.2283607,25.0,1025.0
1718728439.366083,25.0,1025.0
1718728439.5017152,25.0,1025.0
1718728439.63889,25.0,1025.0
1718728439.7765868,25.0,1025.0
1718728439.9113002,24.0,1025.0
1718728440.0525506,24.0,1025.0
1718728440.185745,24.0,1025.0
1718728440.3214717,25.0,1025.0
1718728440.4572515,26.0,1025.0
1718728440.5931125,26.0,1022.0
1718728440.7289512,25.0,1022.0
1718728440.8616052,23.0,1022.0
1718728440.9962757,23.0,1022.0
1718728441.1316202,23.0,1022.0
1718728441.2660685,24.0,1022.0
1718728441.4009652,25.0,1022.0
1718728441.5372002,25.0,1022.0
1718728441.6731033,23.0,1022.0
1718728441.8103223,21.0,1022.0
1718728441.9452708,21.0,1022.0
1718728442.079383,41.0,1022.0
1718728442.2154448,23.0,1022.0
1718728442.350439,23.0,1022.0
1718728442.486786,23.0,1022.0
1718728442.6208413,23.0,1022.0
1718728442.7648394,23.0,1022.0
1718728442.9059746,20.0,1022.0
1718728443.0385559,23.0,1022.0
1718728443.1753151,23.0,1022.0
1718728443.313897,24.0,1022.0
1718728443.4448555,24.0,1022.0
1718728443.5792723,24.0,1022.0
1718728443.7163968,23.0,1022.0
1718728443.8510036,20.0,1022.0
1718728443.9951692,25.0,1022.0
1718728444.131074,25.0,1022.0
1718728444.2652726,23.0,1022.0
1718728444.4003453,23.0,1022.0
1718728444.5342023,23.0,1022.0
1718728444.669712,22.0,1022.0
1718728444.804366,20.0,1022.0
1718728444.9405923,20.0,1022.0
1718728445.0768116,23.0,1022.0
1718728445.2121615,23.0,1022.0
1718728445.346188,23.0,1022.0
1718728445.4807425,22.0,1022.0
1718728445.616443,21.0,1022.0
1718728445.752956,21.0,1022.0
1718728445.888956,22.0,1022.0
1718728446.023592,23.0,1022.0
1718728446.1588907,23.0,1022.0
1718728446.2932312,24.0,1022.0
1718728446.4273155,24.0,1022.0
1718728446.560759,24.0,1022.0
1718728446.6994395,23.0,1022.0
1718728446.8357701,23.0,1022.0
1718728446.9727514,23.0,1022.0
1718728447.108247,25.0,1022.0
1718728447.2424262,25.0,1022.0
1718728447.3796895,25.0,1022.0
1718728447.513492,24.0,1022.0
1718728447.6477752,20.0,1022.0
1718728447.7871463,20.0,1022.0
1718728447.922788,22.0,1022.0
1718728448.057112,24.0,1022.0
1718728448.194812,23.0,1022.0
1718728448.333006,23.0,1022.0
1718728448.473168,23.0,1022.0
1718728448.604661,20.0,1022.0
1718728448.7439744,20.0,1022.0
1718728448.881363,22.0,1022.0
1718728449.0156918,23.0,1022.0
1718728449.1453578,23.0,1022.0
1718728449.2740097,24.0,1022.0
1718728449.4078972,23.0,1022.0
1718728449.5378637,23.0,1022.0
1718728449.6693254,17.0,1022.0
1718728449.8006039,21.0,1022.0
1718728449.9303699,21.0,1022.0
1718728450.0596826,21.0,1022.0
1718728450.19137,21.0,1022.0
1718728450.3206477,21.0,1022.0
1718728450.4510014,24.0,1022.0
1718728450.5823233,24.0,1022.0
1718728450.7151856,20.0,1022.0
1718728450.8465302,23.0,1022.0
1718728450.9764547,23.0,1022.0
1718728451.1079638,24.0,1022.0
1718728451.2376919,22.0,1022.0
1718728451.3673046,22.0,1022.0
1718728451.4994743,23.0,1022.0
1718728451.6309545,20.0,1022.0
1718728451.7618253,20.0,1022.0
1718728451.8947873,24.0,1022.0
1718728452.0280123,23.0,1022.0
1718728452.1614242,23.0,1022.0
1718728452.2942045,22.0,1022.0
1718728452.4293237,22.0,1022.0
1718728452.5648394,22.0,1022.0
1718728452.697645,22.0,1022.0
1718728452.8288329,24.0,1022.0
1718728452.958283,24.0,1022.0
1718728453.0903003,25.0,1022.0
1718728453.2228875,25.0,1022.0
1718728453.3533409,25.0,1022.0
1718728453.487698,21.0,1022.0
1718728453.6207032,23.0,1022.0
1718728453.7539897,23.0,1022.0
1718728453.888558,25.0,1022.0
1718728454.0228953,23.0,1022.0
1718728454.1553867,23.0,1022.0
1718728454.2909994,21.0,1022.0
1718728454.424463,19.0,1022.0
1718728454.5558898,19.0,1022.0
1718728454.6916964,28.0,1022.0
1718728454.827688,28.0,1022.0
1718728454.9588811,28.0,1022.0
1718728455.092551,29.0,1022.0
1718728455.227971,31.0,1024.0
1718728455.3635237,31.0,1024.0
1718728455.4996917,24.0,1024.0
1718728455.635774,28.0,1024.0
1718728455.7709448,28.0,1024.0
1718728455.9041524,28.0,1024.0
1718728456.040847,29.0,1024.0
1718728456.1769416,29.0,1024.0
1718728456.3112278,26.0,1024.0
1718728456.4426012,23.0,1024.0
1718728456.5771139,23.0,1024.0
1718728456.714325,24.0,1024.0
1718728456.850296,25.0,1024.0
1718728456.982966,25.0,1024.0
1718728457.1175683,47.0,1024.0
1718728457.2517126,25.0,1024.0
1718728457.3873599,25.0,1024.0
1718728457.5194387,22.0,1040.0
1718728457.6583416,86.0,1030.0
1718728457.7915068,14.0,1024.0
1718728457.9305754,14.0,1024.0
1718728458.0629754,9.0,1021.0
1718728458.1990137,4.0,1021.0
1718728458.329753,4.0,1021.0
1718728458.4619174,1.0,1021.0
1718728458.5945551,2.0,1021.0
1718728458.7276947,2.0,1021.0
1718728458.862287,2.0,1021.0
1718728458.994341,2.0,1021.0
1718728459.1277108,2.0,1021.0
1718728459.2610385,2.0,1021.0
1718728459.3955119,1.0,1021.0
1718728459.5317118,1.0,1021.0
1718728459.6646512,6.0,1021.0
1718728459.79971,7.0,1021.0
1718728459.9338486,7.0,1021.0
1718728460.0668936,7.0,1021.0
1718728460.1994336,7.0,1021.0
1718728460.333206,7.0,1021.0
1718728460.4663181,8.0,1021.0
1718728460.597148,9.0,1021.0
1718728460.7329488,9.0,1021.0
1718728460.8673844,9.0,1021.0
1718728461.002793,25.0,1021.0
1718728461.1382437,25.0,1021.0
1718728461.2703917,22.0,1021.0
1718728461.4055328,24.0,1021.0
1718728461.5397105,24.0,1021.0
1718728461.6719465,26.0,1021.0
1718728461.8042247,25.0,1021.0
1718728461.9381318,25.0,1021.0
1718728462.070442,23.0,1021.0
1718728462.2009656,20.0,1021.0
1718728462.3354626,20.0,1021.0
1718728462.4668322,24.0,1021.0
1718728462.5979388,25.0,1021.0
1718728462.731855,25.0,1021.0
1718728462.8678343,25.0,1021.0
1718728463.0017052,24.0,1021.0
1718728463.1363156,24.0,1021.0
1718728463.2715514,21.0,1021.0
1718728463.4090655,25.0,1021.0
1718728463.5436919,25.0,1023.0
1718728463.681274,28.0,1023.0
1718728463.8159199,25.0,1023.0
1718728463.9478,25.0,1023.0
1718728464.0837853,23.0,1023.0
1718728464.2156487,21.0,1023.0
1718728464.3463106,21.0,1023.0
1718728464.4799821,24.0,1023.0
1718728464.6139662,24.0,1023.0
1718728464.747687,24.0,1023.0
1718728464.8823247,24.0,1023.0
1718728465.0151565,22.0,1023.0
1718728465.148244,22.0,1023.0
1718728465.2838132,23.0,1023.0
1718728465.4151373,24.0,1023.0
1718728465.5472739,24.0,1023.0
1718728465.679689,24.0,1023.0
1718728465.8225899,24.0,1023.0
1718728465.9607074,24.0,1023.0
1718728466.0952358,20.0,1023.0
1718728466.2270281,21.0,1023.0
1718728466.358315,21.0,1023.0
1718728466.492483,24.0,1023.0
1718728466.6232488,24.0,1023.0
1718728466.7554808,24.0,1023.0
1718728466.8890529,24.0,1023.0
1718728467.0222626,22.0,1023.0
1718728467.1552513,22.0,1023.0
1718728467.2933323,24.0,1023.0
1718728467.4290457,26.0,1023.0
1718728467.563284,26.0,1023.0
1718728467.6979184,26.0,1023.0
1718728467.8365612,24.0,1023.0
1718728467.9708245,24.0,1021.0
1718728468.10742,22.0,1021.0
1718728468.2414284,24.0,1021.0
1718728468.3720484,24.0,1021.0
1718728468.5035107,24.0,1021.0
1718728468.636211,24.0,1021.0
1718728468.7681012,24.0,1021.0
1718728468.8996964,22.0,1021.0
1718728469.034819,21.0,1021.0
1718728469.166244,21.0,1021.0
1718728469.2984033,23.0,1021.0
1718728469.4310186,23.0,1021.0
1718728469.56324,23.0,1021.0
1718728469.6950788,23.0,1021.0
1718728469.831074,22.0,1021.0
1718728469.9652276,22.0,1021.0
1718728470.0982468,20.0,1021.0
1718728470.2392201,24.0,1021.0
1718728470.3742056,24.0,1021.0
1718728470.5072837,23.0,1021.0
1718728470.643462,23.0,1021.0
1718728470.7782125,23.0,1021.0
1718728470.9114022,20.0,1021.0
1718728471.0437443,18.0,1021.0
1718728471.179326,18.0,1021.0
1718728471.3112388,21.0,1021.0
1718728471.4463508,21.0,1021.0
1718728471.5810115,21.0,1021.0
1718728471.7102308,20.0,1021.0
1718728471.8420982,20.0,1021.0
1718728471.9766438,20.0,1028.0
1718728472.1123807,45.0,1028.0
1718728472.2462707,27.0,1028.0
1718728472.3800843,27.0,1028.0
1718728472.5118277,24.0,1028.0
1718728472.6431293,24.0,1028.0
1718728472.7781332,24.0,1028.0
1718728472.91126,21.0,1028.0
1718728473.0437503,23.0,1028.0
1718728473.1788692,23.0,1028.0
1718728473.311182,24.0,1028.0
1718728473.4432924,25.0,1028.0
1718728473.5760717,25.0,1028.0
1718728473.7171645,24.0,1028.0
1718728473.8527138,22.0,1028.0
1718728473.9892268,24.0,1028.0
1718728474.1251004,24.0,1028.0
1718728474.26319,25.0,1028.0
1718728474.3975706,26.0,1028.0
1718728474.5291402,26.0,1028.0
1718728474.6618538,25.0,1028.0
1718728474.7937634,21.0,1028.0
1718728474.9284194,21.0,1028.0
1718728475.0624542,25.0,1028.0
1718728475.1959887,24.0,1028.0
1718728475.3306165,24.0,1028.0
1718728475.4646006,25.0,1028.0
1718728475.5997016,23.0,1028.0
1718728475.7373111,23.0,1028.0
1718728475.8701484,20.0,1028.0
1718728476.002446,25.0,1028.0
1718728476.1417055,25.0,1028.0
1718728476.277987,23.0,1028.0
1718728476.4142728,24.0,1028.0
1718728476.5490513,24.0,1028.0
1718728476.6820498,22.0,1028.0
1718728476.813357,20.0,1028.0
1718728476.9479427,20.0,1028.0
1718728477.084779,24.0,1028.0
1718728477.2207274,23.0,1028.0
1718728477.3546412,23.0,1028.0
1718728477.487161,24.0,1028.0
1718728477.6195753,22.0,1028.0
1718728477.7546802,22.0,1028.0
1718728477.8903725,21.0,1028.0
1718728478.025972,24.0,1028.0
1718728478.1599767,24.0,1028.0
1718728478.2950816,24.0,1028.0
1718728478.4318137,24.0,1028.0
1718728478.56735,24.0,1028.0
1718728478.7022848,22.0,1028.0
1718728478.8361564,22.0,1028.0
1718728478.9713151,22.0,1028.0
1718728479.1076877,24.0,1028.0
1718728479.241522,24.0,1028.0
1718728479.377396,24.0,1028.0
1718728479.5107803,24.0,1028.0
1718728479.6473393,21.0,1028.0
1718728479.7816958,21.0,1028.0
1718728479.916289,24.0,1028.0
1718728480.0507612,24.0,1028.0
1718728480.1867247,23.0,1028.0
1718728480.3213468,23.0,1028.0
1718728480.4557285,24.0,1028.0
1718728480.5904095,21.0,1028.0
1718728480.727703,21.0,1028.0
1718728480.8636007,23.0,1028.0
1718728480.9979913,24.0,1028.0
1718728481.1352165,24.0,1028.0
1718728481.268753,24.0,1028.0
1718728481.4034948,24.0,1028.0
1718728481.538535,24.0,1028.0
1718728481.6766045,22.0,1028.0
1718728481.8099728,25.0,1028.0
1718728481.9516907,25.0,1028.0
1718728482.0858166,25.0,1028.0
1718728482.221336,25.0,1028.0
1718728482.3577936,25.0,1028.0
1718728482.4922945,22.0,1028.0
1718728482.6265898,21.0,1028.0
1718728482.761313,21.0,1028.0
1718728482.8985558,23.0,1028.0
1718728483.034153,23.0,1028.0
1718728483.1712024,23.0,1028.0
1718728483.3077068,23.0,1028.0
1718728483.4456365,22.0,1028.0
1718728483.580406,22.0,1028.0
1718728483.715434,21.0,1028.0
1718728483.8472128,24.0,1028.0
1718728483.987244,23.0,1028.0
1718728484.1211872,23.0,1028.0
1718728484.2574437,23.0,1028.0
1718728484.39085,21.0,1028.0
1718728484.5276885,21.0,1028.0
1718728484.6614149,22.0,1028.0
1718728484.7957144,24.0,1028.0
1718728484.930456,24.0,1028.0
1718728485.0692344,22.0,1028.0
1718728485.2026362,23.0,1028.0
1718728485.3367887,23.0,1028.0
1718728485.4716313,19.0,1028.0
1718728485.607707,21.0,1028.0
1718728485.7451456,21.0,1028.0
1718728485.8819616,23.0,1028.0
1718728486.0167747,23.0,1028.0
1718728486.1514642,23.0,1028.0
1718728486.2871282,23.0,1028.0
1718728486.4283235,19.0,1028.0
1718728486.5635614,19.0,1028.0
1718728486.7019532,22.0,1028.0
1718728486.8379114,23.0,1028.0
1718728486.9737458,23.0,1028.0
1718728487.1121569,29.0,1028.0
1718728487.2455237,38.0,1028.0
1718728487.3859177,18.0,1028.0
1718728487.52655,18.0,1028.0
1718728487.6644697,22.0,1028.0
1718728487.80122,20.0,1028.0
1718728487.935352,20.0,1028.0
1718728488.0701706,21.0,1028.0
1718728488.2143009,20.0,1028.0
1718728488.3490012,20.0,1028.0
1718728488.4839056,17.0,1028.0
1718728488.627419,24.0,1028.0
1718728488.76284,24.0,1028.0
1718728488.8972304,24.0,1028.0
1718728489.0337868,24.0,1028.0
1718728489.1714187,24.0,1028.0
1718728489.3046606,22.0,1028.0
1718728489.43924,20.0,1028.0
1718728489.575601,20.0,1028.0
1718728489.7094302,24.0,1028.0
1718728489.8510509,24.0,1028.0
1718728489.987689,25.0,1028.0
1718728490.1224303,25.0,1028.0
1718728490.2591074,23.0,1028.0
1718728490.4112043,22.0,1028.0
1718728490.5503016,22.0,1028.0
1718728490.6821213,24.0,1028.0
1718728490.8148992,24.0,1028.0
1718728490.9526381,24.0,1028.0
1718728491.0860198,24.0,1028.0
1718728491.2232318,21.0,1028.0
1718728491.3551762,21.0,1028.0
1718728491.4926898,22.0,1028.0
1718728491.6291182,24.0,1028.0
1718728491.7749088,24.0,1028.0
1718728491.9142373,24.0,1028.0
1718728492.0489016,24.0,1028.0
1718728492.1842575,21.0,1028.0
1718728492.3181264,21.0,1028.0
1718728492.4580226,23.0,1028.0
1718728492.5926633,24.0,1028.0
1718728492.7275312,24.0,1028.0
1718728492.8634174,24.0,1028.0
1718728493.0037677,24.0,1028.0
1718728493.138133,24.0,1028.0
1718728493.2777574,20.0,1028.0
1718728493.4117343,25.0,1028.0
1718728493.5488417,25.0,1028.0
1718728493.6824396,23.0,1028.0
1718728493.8158295,23.0,1028.0
1718728493.9522614,23.0,1028.0
1718728494.086545,23.0,1028.0
1718728494.2207878,19.0,1028.0
1718728494.3542435,19.0,1028.0
1718728494.487258,23.0,1028.0
1718728494.6237276,23.0,1028.0
1718728494.7618306,23.0,1028.0
1718728494.8956923,23.0,1028.0
1718728495.0364003,22.0,1028.0
1718728495.1724536,22.0,1028.0
1718728495.307138,20.0,1028.0
1718728495.4413714,25.0,1028.0
1718728495.5770173,25.0,1028.0
1718728495.7104883,25.0,1028.0
1718728495.8447342,25.0,1028.0
1718728495.9796255,23.0,1028.0
1718728496.1211054,23.0,1028.0
1718728496.2559698,20.0,1028.0
1718728496.3907814,24.0,1028.0
1718728496.524385,24.0,1028.0
1718728496.660256,24.0,1028.0
1718728496.7952754,24.0,1028.0
1718728496.930741,24.0,1028.0
1718728497.066102,23.0,1028.0
1718728497.2018206,21.0,1028.0
1718728497.3362703,21.0,1028.0
1718728497.4711058,22.0,1028.0
1718728497.606371,23.0,1028.0
1718728497.7431486,23.0,1028.0
1718728497.8786736,23.0,1028.0
1718728498.015325,21.0,1028.0
1718728498.1513777,21.0,1028.0
1718728498.28772,21.0,1028.0
1718728498.4233837,23.0,1028.0
1718728498.55951,23.0,1028.0
1718728498.6943257,23.0,1028.0
1718728498.8298438,22.0,1028.0
1718728498.9687824,22.0,1028.0
1718728499.104788,21.0,1028.0
1718728499.2388158,21.0,1028.0
1718728499.3763893,21.0,1028.0
1718728499.5111463,23.0,1028.0
1718728499.6462965,23.0,1028.0
1718728499.7800956,22.0,1028.0
1718728499.916776,22.0,1028.0
1718728500.0563023,20.0,1028.0
1718728500.1886182,23.0,1028.0
1718728500.3227665,23.0,1028.0
1718728500.4590495,23.0,1028.0
1718728500.59272,24.0,1028.0
1718728500.72782,24.0,1028.0
1718728500.8634872,22.0,1028.0
1718728500.9991724,18.0,1028.0
1718728501.1331167,18.0,1028.0
1718728501.274587,22.0,1028.0
1718728501.4090838,20.0,1028.0
1718728501.5491447,20.0,1028.0
1718728501.687961,20.0,1028.0
1718728501.8233445,20.0,1028.0
1718728501.9635255,20.0,1028.0
1718728502.0983832,18.0,1028.0
1718728502.2334206,49.0,1028.0
1718728502.3672771,49.0,1028.0
1718728502.5034041,25.0,1028.0
1718728502.639461,25.0,1028.0
1718728502.7764473,25.0,1028.0
1718728502.9100318,23.0,1028.0
1718728503.0479364,23.0,1028.0
1718728503.184164,25.0,1028.0
1718728503.3204346,25.0,1028.0
1718728503.456044,24.0,1028.0
1718728503.5951135,24.0,1028.0
1718728503.7276993,24.0,1028.0
1718728503.8618176,22.0,1028.0
1718728503.9969084,22.0,1028.0
1718728504.1356914,22.0,1028.0
1718728504.2689817,25.0,1028.0
1718728504.4043386,25.0,1028.0
1718728504.5471299,25.0,1028.0
1718728504.6845741,24.0,1028.0
1718728504.8189251,22.0,1028.0
1718728504.9524982,22.0,1028.0
1718728505.0902824,23.0,1028.0
1718728505.224948,24.0,1028.0
1718728505.3615363,24.0,1028.0
1718728505.4952695,24.0,1028.0
1718728505.6340103,23.0,1028.0
1718728505.7682915,23.0,1028.0
1718728505.9029932,20.0,1029.0
1718728506.0374143,26.0,1029.0
1718728506.175431,26.0,1029.0
1718728506.30976,25.0,1029.0
1718728506.4450805,25.0,1029.0
1718728506.5783854,24.0,1029.0
1718728506.716496,24.0,1029.0
1718728506.853063,21.0,1029.0
1718728506.9875252,25.0,1029.0
1718728507.1219878,25.0,1029.0
1718728507.257405,25.0,1029.0
1718728507.395091,25.0,1029.0
1718728507.5301125,25.0,1029.0
1718728507.666111,23.0,1029.0
1718728507.8011403,20.0,1029.0
1718728507.9393954,20.0,1029.0
1718728508.075734,25.0,1029.0
1718728508.2113287,24.0,1029.0
1718728508.3515453,24.0,1029.0
1718728508.4856384,24.0,1029.0
1718728508.6203556,24.0,1029.0
1718728508.7555459,24.0,1029.0
1718728508.889097,26.0,1029.0
1718728509.0216768,27.0,1029.0
1718728509.1592789,27.0,1029.0
1718728509.2925878,27.0,1029.0
1718728509.4291875,26.0,1029.0
1718728509.5628726,26.0,1029.0
1718728509.7011006,23.0,1029.0
1718728509.833782,24.0,1029.0
1718728509.971365,24.0,1029.0
1718728510.104314,27.0,1029.0
1718728510.2437243,27.0,1029.0
1718728510.3802772,26.0,1029.0
1718728510.5156002,26.0,1029.0
1718728510.6596608,24.0,1029.0
1718728510.7953122,24.0,1029.0
1718728510.9288502,24.0,1029.0
1718728511.0620096,27.0,1029.0
1718728511.1974685,27.0,1029.0
1718728511.3343148,27.0,1029.0
1718728511.468703,25.0,1029.0
1718728511.6039045,27.0,1029.0
1718728511.742993,27.0,1029.0
1718728511.876644,24.0,1029.0
1718728512.01237,28.0,1029.0
1718728512.1473315,28.0,1029.0
1718728512.2870955,27.0,1029.0
1718728512.4216378,25.0,1029.0
1718728512.5580316,25.0,1029.0
1718728512.691404,23.0,1029.0
1718728512.832871,24.0,1029.0
1718728512.9674757,24.0,1029.0
1718728513.1026843,26.0,1029.0
1718728513.2363057,25.0,1029.0
1718728513.3719962,24.0,1029.0
1718728513.51172,24.0,1029.0
1718728513.646583,21.0,1029.0
1718728513.781749,25.0,1029.0
1718728513.9154088,25.0,1029.0
1718728514.0508091,25.0,1029.0
1718728514.1941767,25.0,1029.0
1718728514.3282998,25.0,1029.0
1718728514.4636421,23.0,1029.0
1718728514.6010373,21.0,1029.0
1718728514.7352934,21.0,1029.0
1718728514.8704283,26.0,1029.0
1718728515.0042183,23.0,1029.0
1718728515.1455822,23.0,1029.0
1718728515.2825174,23.0,1029.0
1718728515.4152827,22.0,1029.0
1718728515.552371,22.0,1029.0
1718728515.6935756,20.0,1029.0
1718728515.8297591,24.0,1029.0
1718728515.963425,24.0,1029.0
1718728516.1027188,24.0,1029.0
1718728516.2381577,23.0,1029.0
1718728516.3725016,23.0,1029.0
1718728516.5059805,21.0,1029.0
1718728516.6424067,21.0,1029.0
1718728516.7771246,24.0,1029.0
1718728516.9123485,24.0,1029.0
1718728517.0485754,25.0,1029.0
1718728517.1853378,44.0,1029.0
1718728517.3199115,44.0,1029.0
1718728517.4550886,22.0,1029.0
1718728517.5919614,22.0,1029.0
1718728517.7309816,22.0,1029.0
1718728517.867557,22.0,1029.0
1718728518.0047746,22.0,1029.0
1718728518.1416664,22.0,1029.0
1718728518.273103,21.0,1029.0
1718728518.4060822,21.0,1029.0
1718728518.5416715,21.0,1029.0
1718728518.675571,23.0,1029.0
1718728518.8126218,25.0,1029.0
1718728518.9509015,25.0,1029.0
1718728519.0848725,24.0,1029.0
1718728519.220446,22.0,1029.0
1718728519.3589065,22.0,1029.0
1718728519.4932954,20.0,1029.0
1718728519.6397073,23.0,1029.0
1718728519.7811809,24.0,1029.0
1718728519.9143739,24.0,1029.0
1718728520.0487933,23.0,1029.0
1718728520.1877248,23.0,1029.0
1718728520.3213654,23.0,1029.0
1718728520.4581916,21.0,1029.0
1718728520.593433,23.0,1029.0
1718728520.73141,23.0,1029.0
1718728520.8650217,23.0,1029.0
1718728521.0062127,23.0,1029.0
1718728521.1449168,23.0,1029.0
1718728521.2832184,21.0,1029.0
1718728521.4162655,21.0,1029.0
1718728521.5515382,21.0,1029.0
1718728521.6882172,23.0,1029.0
1718728521.821207,23.0,1029.0
1718728521.956576,23.0,1029.0
1718728522.0895677,24.0,1029.0
1718728522.2263033,21.0,1029.0
1718728522.3622353,21.0,1029.0
1718728522.495692,20.0,1029.0
1718728522.633009,24.0,1029.0
1718728522.7681394,23.0,1029.0
1718728522.9095817,23.0,1029.0
1718728523.0433939,23.0,1029.0
1718728523.1782742,23.0,1029.0
1718728523.3176405,23.0,1029.0
1718728523.4516928,23.0,1029.0
1718728523.5893588,20.0,1029.0
1718728523.723605,20.0,1029.0
1718728523.8603246,24.0,1029.0
1718728523.9964387,25.0,1029.0
1718728524.132408,25.0,1029.0
1718728524.2673712,21.0,1029.0
1718728524.405091,23.0,1029.0
1718728524.538197,23.0,1029.0
1718728524.673459,25.0,1029.0
1718728524.8094945,24.0,1029.0
1718728524.9512706,24.0,1029.0
1718728525.0847766,24.0,1029.0
1718728525.2176895,20.0,1029.0
1718728525.3537822,20.0,1029.0
1718728525.4923909,23.0,1029.0
1718728525.637215,25.0,1029.0
1718728525.7772563,24.0,1029.0
1718728525.9121075,24.0,1029.0
1718728526.056379,23.0,1031.0
1718728526.1954253,23.0,1031.0
1718728526.3296173,23.0,1031.0
1718728526.4645238,26.0,1031.0
1718728526.599158,25.0,1031.0
1718728526.7363362,25.0,1031.0
1718728526.8719,25.0,1031.0
1718728527.008908,24.0,1031.0
1718728527.140377,24.0,1031.0
1718728527.2775257,23.0,1031.0
1718728527.4158142,26.0,1031.0
1718728527.550687,26.0,1031.0
1718728527.6824808,26.0,1031.0
1718728527.8159873,25.0,1031.0
1718728527.959615,25.0,1031.0
1718728528.1001189,23.0,1031.0
1718728528.2364979,23.0,1031.0
1718728528.3703873,26.0,1031.0
1718728528.5127451,26.0,1031.0
1718728528.6505163,26.0,1032.0
1718728528.7905889,29.0,1032.0
1718728528.9235566,29.0,1032.0
1718728529.0579603,23.0,1032.0
1718728529.192044,26.0,1032.0
1718728529.3317063,26.0,1032.0
1718728529.4653292,27.0,1032.0
1718728529.605129,29.0,1032.0
1718728529.7456753,29.0,1032.0
1718728529.8796372,25.0,1032.0
1718728530.0228806,24.0,1032.0
1718728530.1571834,24.0,1032.0
1718728530.2997117,22.0,1028.0
1718728530.4317217,25.0,1028.0
1718728530.5682034,25.0,1028.0
1718728530.7115483,25.0,1028.0
1718728530.8471706,25.0,1028.0
1718728530.9816408,21.0,1028.0
1718728531.1169932,21.0,1028.0
1718728531.2593133,25.0,1030.0
1718728531.3928294,24.0,1030.0
1718728531.5289555,24.0,1030.0
1718728531.6629038,23.0,1030.0
1718728531.7995868,23.0,1030.0
1718728531.9332488,23.0,1030.0
1718728532.069129,20.0,1030.0
1718728532.2074852,45.0,1030.0
1718728532.342307,45.0,1030.0
1718728532.4764004,25.0,1030.0
1718728532.6111825,25.0,1030.0
1718728532.7475321,25.0,1030.0
1718728532.8829467,25.0,1030.0
1718728533.0156007,21.0,1030.0
1718728533.1511507,21.0,1030.0
1718728533.2875392,25.0,1030.0
1718728533.426391,25.0,1030.0
1718728533.5597734,25.0,1030.0
1718728533.692745,25.0,1030.0
1718728533.8314056,23.0,1030.0
1718728533.9649916,23.0,1030.0
1718728534.101123,21.0,1030.0
1718728534.2367089,25.0,1030.0
1718728534.3729365,25.0,1030.0
1718728534.5060506,25.0,1030.0
1718728534.6413693,24.0,1030.0
1718728534.775896,23.0,1030.0
1718728534.912768,23.0,1030.0
1718728535.0462215,22.0,1030.0
1718728535.1826706,25.0,1030.0
1718728535.3140628,25.0,1030.0
1718728535.4524827,25.0,1030.0
1718728535.586176,25.0,1030.0
1718728535.7195773,25.0,1030.0
1718728535.8545551,22.0,1030.0
1718728535.9900255,22.0,1030.0
1718728536.1289372,22.0,1030.0
1718728536.2602434,23.0,1030.0
1718728536.3938766,22.0,1030.0
1718728536.5321457,22.0,1030.0
1718728536.667962,21.0,1030.0
1718728536.8012066,18.0,1030.0
1718728536.9363973,18.0,1030.0
1718728537.0712736,20.0,1030.0
1718728537.2122476,21.0,1030.0
1718728537.3460786,21.0,1030.0
1718728537.4788153,22.0,1030.0
1718728537.6106625,25.0,1030.0
1718728537.745699,25.0,1030.0
1718728537.8795683,21.0,1030.0
1718728538.015457,24.0,1030.0
1718728538.1487541,24.0,1030.0
1718728538.284317,25.0,1030.0
1718728538.423021,25.0,1030.0
1718728538.558856,25.0,1030.0
1718728538.6921918,23.0,1030.0
1718728538.8240983,19.0,1030.0
1718728538.958449,19.0,1030.0
1718728539.0930936,23.0,1030.0
1718728539.2270925,23.0,1030.0
1718728539.3626819,24.0,1030.0
1718728539.500102,24.0,1030.0
1718728539.6328359,23.0,1030.0
1718728539.7690668,21.0,1030.0
1718728539.9020746,21.0,1030.0
1718728540.038091,24.0,1030.0
1718728540.1790588,24.0,1030.0
1718728540.3131268,24.0,1030.0
1718728540.448822,24.0,1030.0
1718728540.5849526,22.0,1030.0
1718728540.7193813,22.0,1030.0
1718728540.8544443,22.0,1030.0
1718728540.9877238,24.0,1030.0
1718728541.1242895,24.0,1030.0
1718728541.2594628,24.0,1030.0
1718728541.3944273,25.0,1030.0
1718728541.5267632,25.0,1030.0
1718728541.665079,21.0,1030.0
1718728541.7982657,22.0,1030.0
1718728541.9355094,22.0,1030.0
1718728542.0706892,24.0,1030.0
1718728542.2089987,24.0,1030.0
1718728542.342027,24.0,1030.0
1718728542.4844751,24.0,1030.0
1718728542.6193838,21.0,1030.0
1718728542.7583306,21.0,1030.0
1718728542.8912528,22.0,1030.0
1718728543.0258253,22.0,1030.0
1718728543.161122,22.0,1030.0
1718728543.2961361,23.0,1030.0
1718728543.431373,23.0,1030.0
1718728543.5650213,17.0,1030.0
1718728543.7026527,17.0,1030.0
1718728543.8371809,20.0,1030.0
1718728543.9715424,21.0,1030.0
1718728544.107323,21.0,1030.0
1718728544.2404726,21.0,1030.0
1718728544.3796325,23.0,1030.0
1718728544.513424,23.0,1030.0
1718728544.6522422,21.0,1030.0
1718728544.788419,25.0,1030.0
1718728544.928304,25.0,1030.0
1718728545.0688941,25.0,1030.0
1718728545.2044604,26.0,1030.0
1718728545.3413243,26.0,1030.0
1718728545.483374,24.0,1030.0
1718728545.6172607,21.0,1030.0
1718728545.753542,21.0,1030.0
1718728545.8879461,26.0,1030.0
1718728546.0242474,25.0,1030.0
1718728546.1586354,24.0,1030.0
1718728546.2976162,24.0,1030.0
1718728546.4316022,23.0,1030.0
1718728546.565183,21.0,1030.0
1718728546.6990676,21.0,1030.0
1718728546.8429968,24.0,1030.0
1718728546.9767802,24.0,1030.0
1718728547.118241,24.0,1026.0
1718728547.2530136,41.0,1026.0
1718728547.3967304,27.0,1026.0
1718728547.5291998,27.0,1026.0
1718728547.6681163,22.0,1026.0
1718728547.8046553,24.0,1026.0
1718728547.9403367,24.0,1026.0
1718728548.0718176,24.0,1026.0
1718728548.2031019,24.0,1026.0
1718728548.334525,24.0,1026.0
1718728548.4661422,21.0,1026.0
1718728548.5984645,23.0,1026.0
1718728548.7294874,23.0,1026.0
1718728548.8608456,24.0,1026.0
1718728548.9919746,24.0,1026.0
1718728549.1225324,24.0,1026.0
1718728549.2551303,23.0,1026.0
1718728549.3871508,21.0,1026.0
1718728549.5177383,21.0,1026.0
1718728549.6499155,23.0,1026.0
1718728549.7873478,25.0,1026.0
1718728549.9233372,25.0,1026.0
1718728550.0554385,25.0,1026.0
1718728550.194503,25.0,1026.0
1718728550.3287961,25.0,1026.0
1718728550.4636936,21.0,1026.0
1718728550.5954974,26.0,1026.0
1718728550.7270346,26.0,1026.0
1718728550.858059,26.0,1026.0
1718728550.9888964,26.0,1026.0
1718728551.1201603,26.0,1026.0
1718728551.2523584,22.0,1026.0
1718728551.3835392,17.0,1026.0
1718728551.5177047,17.0,1026.0
1718728551.6527505,20.0,1026.0
1718728551.782319,21.0,1026.0
1718728551.9141717,21.0,1026.0
1718728552.0504973,21.0,1026.0
1718728552.1860292,20.0,1026.0
1718728552.3198497,20.0,1026.0
1718728552.4517736,21.0,1026.0
1718728552.5873642,24.0,1026.0
1718728552.7238643,24.0,1026.0
1718728552.8608024,24.0,1026.0
1718728552.996339,26.0,1026.0
1718728553.1287513,26.0,1026.0
1718728553.2622147,21.0,1026.0
1718728553.393629,22.0,1026.0
1718728553.5275338,22.0,1026.0
1718728553.659186,24.0,1026.0
1718728553.7910278,23.0,1026.0
1718728553.924017,23.0,1026.0
1718728554.0554295,23.0,1026.0
1718728554.1881196,20.0,1026.0
1718728554.3229775,20.0,1026.0
1718728554.4543157,21.0,1026.0
1718728554.5848567,25.0,1026.0
1718728554.7160964,25.0,1026.0
1718728554.8494508,23.0,1026.0
1718728554.982297,25.0,1026.0
1718728555.1151147,25.0,1026.0
1718728555.2510214,20.0,1026.0
1718728555.3857505,22.0,1026.0
1718728555.5188415,22.0,1026.0
1718728555.6511028,23.0,1026.0
1718728555.7838101,23.0,1026.0
1718728555.9149659,23.0,1026.0
1718728556.0453134,23.0,1026.0
1718728556.1770773,19.0,1026.0
1718728556.311118,19.0,1026.0
1718728556.4426203,22.0,1026.0
1718728556.575436,23.0,1026.0
1718728556.7082212,23.0,1026.0
1718728556.8389306,23.0,1026.0
1718728556.970854,22.0,1026.0
1718728557.1023915,22.0,1026.0
1718728557.2345917,19.0,1026.0
1718728557.3661377,23.0,1026.0
1718728557.4978907,23.0,1026.0
1718728557.6332695,22.0,1026.0
1718728557.7661693,23.0,1026.0
1718728557.8981297,23.0,1026.0
1718728558.0294147,24.0,1026.0
1718728558.1612983,20.0,1026.0
1718728558.293624,20.0,1026.0
1718728558.4251525,26.0,1026.0
1718728558.5569882,26.0,1026.0
1718728558.6896913,26.0,1026.0
1718728558.821264,26.0,1026.0
1718728558.9525576,26.0,1026.0
1718728559.0872219,24.0,1026.0
1718728559.2193983,23.0,1026.0
1718728559.3511257,23.0,1026.0
1718728559.4848094,25.0,1026.0
1718728559.616034,25.0,1026.0
1718728559.7474115,25.0,1026.0
1718728559.8793664,25.0,1026.0
1718728560.0145128,23.0,1026.0
1718728560.1462412,23.0,1026.0
1718728560.2782233,23.0,1026.0
1718728560.4120767,25.0,1026.0
1718728560.5437875,25.0,1026.0
1718728560.6745257,26.0,1026.0
1718728560.8087938,24.0,1026.0
1718728560.9402955,24.0,1026.0
1718728561.0716894,22.0,1026.0
1718728561.2059262,23.0,1026.0
1718728561.3376548,23.0,1026.0
1718728561.4689257,25.0,1026.0
1718728561.603983,24.0,1026.0
1718728561.7365632,24.0,1026.0
1718728561.867203,24.0,1026.0
1718728561.9990182,22.0,1026.0
1718728562.1409802,22.0,1026.0
1718728562.2764156,24.0,1026.0
1718728562.4144711,46.0,1026.0
1718728562.54958,46.0,1026.0
1718728562.682192,25.0,1026.0
1718728562.8176908,24.0,1026.0
1718728562.9513288,24.0,1026.0
1718728563.0841434,20.0,1026.0
1718728563.2185738,24.0,1026.0
1718728563.3534422,24.0,1026.0
1718728563.486295,25.0,1026.0
1718728563.6181343,24.0,1026.0
1718728563.7522538,24.0,1026.0
1718728563.885775,23.0,1026.0
1718728564.0190005,22.0,1026.0
1718728564.15404,22.0,1026.0
1718728564.2891793,23.0,1026.0
1718728564.4203238,23.0,1026.0
1718728564.5530043,23.0,1026.0
1718728564.6860576,23.0,1026.0
1718728564.8188598,22.0,1026.0
1718728564.955177,22.0,1026.0
1718728565.0876648,21.0,1026.0
1718728565.2243783,23.0,1026.0
1718728565.360268,24.0,1026.0
1718728565.4919019,24.0,1026.0
1718728565.62621,25.0,1026.0
1718728565.7633598,22.0,1026.0
1718728565.8983474,22.0,1026.0
1718728566.0326583,22.0,1026.0
1718728566.171544,25.0,1026.0
1718728566.3051686,25.0,1026.0
1718728566.4385784,24.0,1026.0
1718728566.5728967,23.0,1026.0
1718728566.7064204,23.0,1026.0
1718728566.8392413,22.0,1026.0
1718728566.9736836,22.0,1026.0
1718728567.1052773,22.0,1026.0
1718728567.2409961,26.0,1026.0
1718728567.3780248,25.0,1026.0
1718728567.514087,25.0,1026.0
1718728567.6483862,23.0,1026.0
1718728567.7834237,21.0,1026.0
1718728567.9191365,21.0,1026.0
1718728568.0518727,22.0,1026.0
1718728568.1879427,23.0,1026.0
1718728568.3248327,23.0,1026.0
1718728568.4557068,24.0,1026.0
1718728568.5889277,23.0,1026.0
1718728568.7230084,23.0,1026.0
1718728568.8586218,20.0,1026.0
1718728568.9967268,23.0,1026.0
1718728569.1318336,23.0,1026.0
1718728569.2655025,24.0,1026.0
1718728569.39823,23.0,1026.0
1718728569.5330656,23.0,1026.0
1718728569.6674316,22.0,1026.0
1718728569.7992792,21.0,1026.0
1718728569.9319444,21.0,1026.0
1718728570.0684366,23.0,1026.0
1718728570.2041054,22.0,1026.0
1718728570.3389072,22.0,1026.0
1718728570.4705832,21.0,1026.0
1718728570.604734,21.0,1026.0
1718728570.7371466,21.0,1026.0
1718728570.869163,17.0,1026.0
1718728571.000656,21.0,1026.0
1718728571.1362762,21.0,1026.0
1718728571.2711265,21.0,1026.0
1718728571.4028566,21.0,1026.0
1718728571.5344827,21.0,1026.0
1718728571.6662505,19.0,1026.0
1718728571.7982893,20.0,1026.0
1718728571.9302473,20.0,1026.0
1718728572.0632803,23.0,1026.0
1718728572.1979523,23.0,1026.0
1718728572.336533,23.0,1026.0
1718728572.4703622,24.0,1026.0
1718728572.603264,22.0,1026.0
1718728572.739407,22.0,1026.0
1718728572.875242,19.0,1026.0
1718728573.0103939,22.0,1026.0
1718728573.14757,22.0,1026.0
1718728573.2830684,22.0,1026.0
1718728573.4193861,24.0,1026.0
1718728573.5572762,22.0,1026.0
1718728573.6921182,22.0,1026.0
1718728573.8332758,23.0,1026.0
1718728573.96671,26.0,1026.0
1718728574.1027868,26.0,1026.0
1718728574.2369187,25.0,1026.0
1718728574.3777072,24.0,1026.0
1718728574.512335,24.0,1026.0
1718728574.6466763,21.0,1026.0
1718728574.781283,22.0,1026.0
1718728574.9209678,22.0,1026.0
1718728575.0562851,24.0,1026.0
1718728575.1902065,25.0,1026.0
1718728575.3289392,25.0,1026.0
1718728575.4626968,23.0,1026.0
1718728575.5982146,20.0,1026.0
1718728575.733717,20.0,1026.0
1718728575.8710108,24.0,1026.0
1718728576.0072577,25.0,1026.0
1718728576.1470969,25.0,1026.0
1718728576.2815728,24.0,1026.0
1718728576.4190671,24.0,1026.0
1718728576.5535753,20.0,1026.0
1718728576.6894712,20.0,1026.0
1718728576.8239443,24.0,1026.0
1718728576.9621775,24.0,1026.0
1718728577.096645,24.0,1026.0
1718728577.2315273,24.0,1026.0
1718728577.373953,41.0,1026.0
1718728577.5081327,41.0,1026.0
1718728577.6486852,24.0,1026.0
1718728577.7857978,24.0,1026.0
1718728577.920027,24.0,1026.0
1718728578.0574813,25.0,1026.0
1718728578.1909518,23.0,1026.0
1718728578.324522,23.0,1026.0
1718728578.4625666,22.0,1026.0
1718728578.598867,25.0,1026.0
1718728578.7325592,25.0,1026.0
1718728578.869589,26.0,1026.0
1718728579.0077126,27.0,1026.0
1718728579.1433098,27.0,1026.0
1718728579.2780037,25.0,1026.0
1718728579.4180684,25.0,1026.0
1718728579.5517037,25.0,1026.0
1718728579.6858582,25.0,1026.0
1718728579.8193157,26.0,1026.0
1718728579.9555228,27.0,1026.0
1718728580.0891263,27.0,1026.0
1718728580.2288744,26.0,1026.0
1718728580.362645,25.0,1026.0
1718728580.500011,25.0,1026.0
1718728580.6335,23.0,1026.0
1718728580.7696097,27.0,1026.0
1718728580.9038498,27.0,1026.0
1718728581.0421898,27.0,1026.0
1718728581.1753223,26.0,1026.0
1718728581.310609,26.0,1026.0
1718728581.4440124,23.0,1026.0
1718728581.5817587,24.0,1026.0
1718728581.7164276,24.0,1026.0
1718728581.8517282,25.0,1026.0
1718728581.985799,25.0,1026.0
1718728582.1222956,25.0,1026.0
1718728582.2563763,24.0,1026.0
1718728582.3926551,21.0,1026.0
1718728582.5277095,21.0,1026.0
1718728582.6610343,25.0,1026.0
1718728582.7960627,25.0,1026.0
1718728582.9311416,25.0,1026.0
1718728583.0667236,26.0,1026.0
1718728583.2034273,24.0,1026.0
1718728583.3401883,24.0,1026.0
1718728583.4757676,21.0,1026.0
1718728583.6118298,25.0,1026.0
1718728583.7481012,25.0,1026.0
1718728583.8877025,25.0,1026.0
1718728584.0215824,25.0,1026.0
1718728584.1555607,27.0,1026.0
1718728584.2914677,27.0,1026.0
1718728584.427689,20.0,1026.0
1718728584.5614707,25.0,1026.0
1718728584.6994612,25.0,1026.0
1718728584.832479,23.0,1026.0
1718728584.9664562,23.0,1026.0
1718728585.1009505,23.0,1026.0
1718728585.235368,23.0,1026.0
1718728585.3700702,21.0,1026.0
1718728585.50602,21.0,1026.0
1718728585.640168,25.0,1026.0
1718728585.774844,26.0,1026.0
1718728585.9088573,26.0,1026.0
1718728586.0456283,24.0,1026.0
1718728586.1834114,23.0,1026.0
1718728586.3187373,23.0,1026.0
1718728586.4533734,23.0,1026.0
1718728586.5903313,26.0,1026.0
1718728586.7245884,26.0,1026.0
1718728586.8596563,27.0,1026.0
1718728586.997029,25.0,1026.0
1718728587.1313787,25.0,1026.0
1718728587.2665706,23.0,1026.0
1718728587.40365,24.0,1026.0
1718728587.5391243,24.0,1026.0
1718728587.6752663,25.0,1026.0
1718728587.8114698,24.0,1026.0
1718728587.9468803,24.0,1026.0
1718728588.081952,24.0,1026.0
1718728588.2200952,21.0,1026.0
1718728588.3541322,25.0,1026.0
1718728588.4885893,25.0,1026.0
1718728588.6237082,24.0,1026.0
1718728588.762423,25.0,1026.0
1718728588.8963234,25.0,1026.0
1718728589.0326643,24.0,1026.0
1718728589.1744459,20.0,1026.0
1718728589.3105257,20.0,1026.0
1718728589.4462287,25.0,1026.0
1718728589.5794237,25.0,1026.0
1718728589.7180989,25.0,1026.0
1718728589.8524294,23.0,1026.0
1718728589.9846766,23.0,1026.0
1718728590.1190588,23.0,1026.0
1718728590.254302,20.0,1026.0
1718728590.390977,24.0,1026.0
1718728590.525234,24.0,1026.0
1718728590.6656148,23.0,1026.0
1718728590.7991607,24.0,1026.0
1718728590.9368603,24.0,1026.0
1718728591.073562,22.0,1026.0
1718728591.2075891,20.0,1026.0
1718728591.3461275,20.0,1026.0
1718728591.4802072,24.0,1026.0
1718728591.6154163,24.0,1026.0
1718728591.7489564,23.0,1026.0
1718728591.8873045,23.0,1026.0
1718728592.020587,21.0,1026.0
1718728592.1605499,21.0,1026.0
1718728592.2909815,21.0,1026.0
1718728592.4213173,33.0,1026.0
1718728592.5550323,39.0,1026.0
1718728592.6871967,39.0,1026.0
1718728592.8172557,23.0,1026.0
1718728592.9492874,23.0,1026.0
1718728593.0797565,22.0,1026.0
1718728593.2109005,22.0,1026.0
1718728593.346848,22.0,1026.0
1718728593.4779568,25.0,1026.0
1718728593.6104326,25.0,1026.0
1718728593.7427678,25.0,1026.0
1718728593.8736115,25.0,1026.0
1718728594.004179,21.0,1026.0
1718728594.135711,21.0,1026.0
1718728594.267518,23.0,1026.0
1718728594.3980787,27.0,1026.0
1718728594.5291786,27.0,1026.0
1718728594.6622763,26.0,1026.0
1718728594.7957108,24.0,1026.0
1718728594.9274476,24.0,1026.0
1718728595.0583014,21.0,1026.0
1718728595.1904655,25.0,1026.0
1718728595.3197098,25.0,1026.0
1718728595.4513052,24.0,1026.0
1718728595.5828097,25.0,1026.0
1718728595.7180576,25.0,1026.0
1718728595.8528535,22.0,1026.0
1718728595.983802,21.0,1026.0
1718728596.1153498,21.0,1026.0
1718728596.2472327,24.0,1026.0
1718728596.3804047,22.0,1026.0
1718728596.5125427,22.0,1026.0
1718728596.646227,23.0,1026.0
1718728596.7842345,21.0,1026.0
1718728596.9202685,21.0,1026.0
1718728597.0571365,18.0,1028.0
1718728597.1916676,25.0,1028.0
1718728597.3265474,25.0,1028.0
1718728597.460415,25.0,1028.0
1718728597.6014495,25.0,1028.0
1718728597.7391834,25.0,1028.0
1718728597.8736002,22.0,1028.0
1718728598.007715,22.0,1028.0
1718728598.1504326,25.0,1028.0
1718728598.2841825,25.0,1028.0
1718728598.4190612,25.0,1028.0
1718728598.557356,24.0,1028.0
1718728598.6938746,24.0,1028.0
1718728598.8317778,21.0,1028.0
1718728598.9671693,22.0,1028.0
1718728599.103321,22.0,1028.0
1718728599.238324,24.0,1028.0
1718728599.3726861,25.0,1028.0
1718728599.508095,25.0,1028.0
1718728599.6451094,24.0,1028.0
1718728599.7790127,21.0,1028.0
1718728599.9141462,21.0,1028.0
1718728600.0523815,24.0,1028.0
1718728600.1872427,30.0,1044.0
1718728600.3305864,30.0,1034.0
1718728600.4651945,97.0,1030.0
1718728600.5990674,12.0,1032.0
1718728600.7313962,12.0,1028.0
1718728600.8716316,9.0,1025.0
1718728601.004077,7.0,1025.0
1718728601.1374815,7.0,1025.0
1718728601.2701578,2.0,1025.0
1718728601.4063048,2.0,1025.0
1718728601.5447452,2.0,1025.0
1718728601.678841,2.0,1025.0
1718728601.8141394,1.0,1025.0
1718728601.9513798,2.0,1025.0
1718728602.0832388,2.0,1025.0
1718728602.2190375,2.0,1025.0
1718728602.3571873,7.0,1025.0
1718728602.4899817,7.0,1025.0
1718728602.626482,6.0,1025.0
1718728602.7617717,6.0,1025.0
1718728602.8947394,6.0,1025.0
1718728603.029142,7.0,1025.0
1718728603.1624973,7.0,1025.0
1718728603.3039896,7.0,1025.0
1718728603.437901,9.0,1025.0
1718728603.5716822,9.0,1025.0
1718728603.7046664,9.0,1025.0
1718728603.8418121,19.0,1025.0
1718728603.9750347,23.0,1025.0
1718728604.109717,23.0,1025.0
1718728604.245176,23.0,1025.0
1718728604.378825,23.0,1025.0
1718728604.5122447,23.0,1025.0
1718728604.6483896,20.0,1025.0
1718728604.784073,21.0,1025.0
1718728604.916767,21.0,1025.0
1718728605.0505474,26.0,1025.0
1718728605.1870713,25.0,1025.0
1718728605.3256435,25.0,1025.0
1718728605.4604125,29.0,1025.0
1718728605.5940664,26.0,1025.0
1718728605.7322118,26.0,1025.0
1718728605.8739605,28.0,1025.0
1718728606.0113516,30.0,1027.0
1718728606.1516404,27.0,1027.0
1718728606.287228,27.0,1027.0
1718728606.4223835,28.0,1027.0
1718728606.5572681,26.0,1027.0
1718728606.692771,26.0,1027.0
1718728606.8263597,25.0,1027.0
1718728606.9607966,28.0,1027.0
1718728607.0973854,28.0,1027.0
1718728607.2323003,28.0,1027.0
1718728607.3680553,26.0,1027.0
1718728607.5027626,26.0,1034.0
1718728607.6377761,53.0,1034.0
1718728607.7732494,25.0,1034.0
1718728607.9091835,25.0,1034.0
1718728608.0450082,26.0,1034.0
1718728608.1786792,26.0,1034.0
1718728608.312554,26.0,1034.0
1718728608.4519975,25.0,1034.0
1718728608.5870898,23.0,1034.0
1718728608.7202907,23.0,1034.0
1718728608.8579876,26.0,1034.0
1718728608.9975429,26.0,1034.0
1718728609.1367278,26.0,1034.0
1718728609.2728932,27.0,1034.0
1718728609.4087327,26.0,1034.0
1718728609.543705,24.0,1034.0
1718728609.6794546,24.0,1034.0
1718728609.813215,28.0,1034.0
1718728609.9570765,28.0,1034.0
1718728610.1011567,28.0,1034.0
1718728610.2384596,29.0,1034.0
1718728610.3731244,26.0,1034.0
1718728610.5079024,26.0,1034.0
1718728610.6499643,24.0,1032.0
1718728610.7846317,30.0,1032.0
1718728610.921765,30.0,1032.0
1718728611.0556319,29.0,1032.0
1718728611.1918936,28.0,1032.0
1718728611.327156,28.0,1032.0
1718728611.4700952,24.0,1032.0
1718728611.6033742,26.0,1032.0
1718728611.743306,28.0,1032.0
1718728611.8776248,28.0,1032.0
1718728612.012728,28.0,1032.0
1718728612.1533713,28.0,1032.0
1718728612.2889628,28.0,1032.0
1718728612.4241662,24.0,1032.0
1718728612.5588763,26.0,1032.0
1718728612.695638,26.0,1032.0
1718728612.8320363,28.0,1032.0
1718728612.9697254,28.0,1032.0
1718728613.104177,28.0,1032.0
1718728613.2476904,27.0,1032.0
1718728613.3819628,24.0,1032.0
1718728613.5174289,24.0,1032.0
1718728613.6510937,28.0,1032.0
1718728613.7842672,28.0,1032.0
1718728613.918607,28.0,1032.0
1718728614.0503387,28.0,1032.0
1718728614.1823144,27.0,1032.0
1718728614.3140445,27.0,1032.0
1718728614.4477003,23.0,1032.0
1718728614.58105,28.0,1032.0
1718728614.7170665,28.0,1032.0
1718728614.851511,29.0,1032.0
1718728614.9829073,27.0,1032.0
1718728615.1156812,27.0,1032.0
1718728615.2503579,27.0,1032.0
1718728615.382223,25.0,1032.0
1718728615.5178807,25.0,1032.0
1718728615.65131,27.0,1032.0
1718728615.7884197,28.0,1032.0
1718728615.9240644,28.0,1032.0
1718728616.0588162,29.0,1032.0
1718728616.1908667,26.0,1032.0
1718728616.3237128,26.0,1032.0
1718728616.4584432,25.0,1032.0
1718728616.5904088,28.0,1032.0
1718728616.7275827,28.0,1032.0
1718728616.862146,28.0,1032.0
1718728616.998287,28.0,1032.0
1718728617.1361506,28.0,1032.0
1718728617.2703662,26.0,1032.0
1718728617.4009109,26.0,1032.0
1718728617.5381112,28.0,1032.0
1718728617.6744258,28.0,1032.0
1718728617.8078184,26.0,1032.0
1718728617.939071,25.0,1032.0
1718728618.0790336,25.0,1032.0
1718728618.211131,24.0,1032.0
1718728618.3433018,26.0,1032.0
1718728618.478319,26.0,1032.0
1718728618.6108017,26.0,1032.0
1718728618.743077,25.0,1032.0
1718728618.8790457,25.0,1032.0
1718728619.0132155,25.0,1032.0
1718728619.1460707,23.0,1032.0
1718728619.2801223,23.0,1032.0
1718728619.4107275,23.0,1032.0
1718728619.5431836,26.0,1032.0
1718728619.6762583,26.0,1032.0
1718728619.810136,25.0,1032.0
1718728619.943273,23.0,1032.0
1718728620.0810845,23.0,1032.0
1718728620.2159646,20.0,1032.0
1718728620.3472981,25.0,1032.0
1718728620.482959,25.0,1032.0
1718728620.6165683,25.0,1032.0
1718728620.747797,26.0,1032.0
1718728620.8836195,26.0,1032.0
1718728621.018988,24.0,1032.0
1718728621.155156,23.0,1032.0
1718728621.2903101,23.0,1032.0
1718728621.423108,26.0,1032.0
1718728621.5603552,25.0,1032.0
1718728621.6948495,25.0,1032.0
1718728621.8335197,25.0,1032.0
1718728621.9692295,24.0,1032.0
1718728622.1041555,24.0,1032.0
1718728622.238293,22.0,1032.0
1718728622.3716629,25.0,1032.0
1718728622.5079682,25.0,1032.0
1718728622.643311,50.0,1032.0
1718728622.7756848,27.0,1032.0
1718728622.9116647,27.0,1032.0
1718728623.0481796,24.0,1032.0
1718728623.1813474,25.0,1032.0
1718728623.3161843,25.0,1032.0
1718728623.45087,27.0,1032.0
1718728623.5887651,26.0,1032.0
1718728623.7235386,26.0,1032.0
1718728623.8583596,26.0,1032.0
1718728623.992909,24.0,1032.0
1718728624.1256752,24.0,1032.0
1718728624.2622259,22.0,1032.0
1718728624.3982759,24.0,1032.0
1718728624.5346658,23.0,1032.0
1718728624.6756947,23.0,1032.0
1718728624.8122182,22.0,1032.0
1718728624.9448295,20.0,1032.0
1718728625.0826383,20.0,1032.0
1718728625.2183907,22.0,1032.0
1718728625.3529465,23.0,1032.0
1718728625.4866388,23.0,1032.0
1718728625.6246717,23.0,1032.0
1718728625.761101,23.0,1032.0
1718728625.8970008,23.0,1032.0
1718728626.030197,19.0,1032.0
1718728626.165661,22.0,1032.0
1718728626.3008606,22.0,1032.0
1718728626.4356163,23.0,1032.0
1718728626.5680296,22.0,1032.0
1718728626.7032166,22.0,1032.0
1718728626.839054,20.0,1032.0
1718728626.9710855,18.0,1032.0
1718728627.105532,18.0,1032.0
1718728627.2396078,22.0,1032.0
1718728627.3721952,23.0,1032.0
1718728627.506937,23.0,1032.0
1718728627.6444442,23.0,1032.0
1718728627.7807758,23.0,1032.0
1718728627.914387,23.0,1032.0
1718728628.0547025,20.0,1032.0
1718728628.1922386,23.0,1032.0
1718728628.3286812,23.0,1032.0
1718728628.464822,24.0,1032.0
1718728628.6023014,25.0,1032.0
1718728628.7377949,25.0,1032.0
1718728628.8715832,25.0,1032.0
1718728629.0062501,21.0,1032.0
1718728629.1435187,26.0,1032.0
1718728629.2783706,26.0,1032.0
1718728629.4128337,24.0,1032.0
1718728629.5481722,23.0,1032.0
1718728629.6843028,23.0,1032.0
1718728629.8180904,22.0,1032.0
1718728629.955778,21.0,1032.0
1718728630.0927358,21.0,1032.0
1718728630.228192,23.0,1032.0
1718728630.363755,23.0,1032.0
1718728630.4954329,23.0,1032.0
1718728630.631709,22.0,1032.0
1718728630.7699993,21.0,1032.0
1718728630.9047847,21.0,1032.0
1718728631.0402217,21.0,1032.0
1718728631.1767836,23.0,1032.0
1718728631.3106372,23.0,1032.0
1718728631.444538,23.0,1032.0
1718728631.5796971,22.0,1032.0
1718728631.7152948,22.0,1032.0
1718728631.8494809,18.0,1032.0
1718728631.9834614,21.0,1032.0
1718728632.115714,21.0,1032.0
1718728632.2498553,23.0,1032.0
1718728632.3856077,23.0,1032.0
1718728632.520846,23.0,1032.0
1718728632.6557143,23.0,1032.0
1718728632.7942545,19.0,1032.0
1718728632.92965,19.0,1032.0
1718728633.0630937,23.0,1032.0
1718728633.1990192,23.0,1032.0
1718728633.3303561,23.0,1032.0
1718728633.4674294,23.0,1032.0
1718728633.6035693,23.0,1032.0
1718728633.7390826,20.0,1032.0
1718728633.876989,20.0,1032.0
1718728634.012308,23.0,1032.0
1718728634.1474948,23.0,1032.0
1718728634.2814722,23.0,1032.0
1718728634.4153602,23.0,1032.0
1718728634.5502748,23.0,1032.0
1718728634.687097,23.0,1032.0
1718728634.8220549,21.0,1032.0
1718728634.9559646,25.0,1032.0
1718728635.089693,25.0,1032.0
1718728635.228023,25.0,1032.0
1718728635.362976,25.0,1032.0
1718728635.4957101,25.0,1032.0
1718728635.631099,23.0,1032.0
1718728635.7681673,23.0,1032.0
1718728635.9020987,23.0,1032.0
1718728636.0417237,26.0,1032.0
1718728636.17726,24.0,1032.0
1718728636.3157876,24.0,1032.0
1718728636.4541218,23.0,1032.0
1718728636.5885794,21.0,1032.0
1718728636.7258642,21.0,1032.0
1718728636.860905,21.0,1032.0
1718728636.9966555,22.0,1032.0
1718728637.130448,22.0,1032.0
1718728637.2670105,22.0,1032.0
1718728637.402379,21.0,1032.0
1718728637.5420623,41.0,1032.0
1718728637.6789525,41.0,1032.0
1718728637.814834,19.0,1032.0
1718728637.9486585,21.0,1032.0
1718728638.08246,21.0,1032.0
1718728638.2152212,21.0,1032.0
1718728638.3474472,20.0,1032.0
1718728638.480078,20.0,1032.0
1718728638.617483,17.0,1032.0
1718728638.7512412,20.0,1032.0
1718728638.887244,20.0,1032.0
1718728639.0214503,21.0,1032.0
1718728639.1552298,29.0,1032.0
1718728639.2905066,29.0,1032.0
1718728639.4286582,28.0,1032.0
1718728639.5641427,24.0,1032.0
1718728639.6989398,24.0,1032.0
1718728639.8349152,29.0,1032.0
1718728639.9694571,24.0,1032.0
1718728640.1040583,24.0,1032.0
1718728640.2364652,26.0,1032.0
1718728640.3703182,26.0,1032.0
1718728640.5053108,26.0,1032.0
1718728640.6418493,25.0,1032.0
1718728640.7771778,26.0,1032.0
1718728640.9186106,26.0,1032.0
1718728641.0537665,27.0,1032.0
1718728641.1880188,25.0,1032.0
1718728641.3263803,25.0,1032.0
1718728641.4610069,24.0,1032.0
1718728641.5983777,23.0,1032.0
1718728641.7350175,27.0,1032.0
1718728641.8673797,27.0,1032.0
1718728642.0090344,27.0,1032.0
1718728642.1476207,26.0,1032.0
1718728642.2811563,26.0,1032.0
1718728642.4179351,24.0,1032.0
1718728642.5530586,22.0,1032.0
1718728642.6896229,22.0,1032.0
1718728642.823284,25.0,1032.0
1718728642.9580557,27.0,1032.0
1718728643.0913267,27.0,1032.0
1718728643.2287073,27.0,1032.0
1718728643.3619804,24.0,1032.0
1718728643.4984043,24.0,1032.0
1718728643.632166,25.0,1032.0
1718728643.7681296,27.0,1032.0
1718728643.9072247,27.0,1032.0
1718728644.042173,28.0,1032.0
1718728644.1772225,26.0,1032.0
1718728644.3151863,26.0,1032.0
1718728644.449753,25.0,1032.0
1718728644.5850415,25.0,1032.0
1718728644.7268026,25.0,1032.0
1718728644.8607533,26.0,1029.0
1718728644.9958959,25.0,1029.0
1718728645.1305044,26.0,1029.0
1718728645.2698736,26.0,1029.0
1718728645.4048522,20.0,1029.0
1718728645.54769,23.0,1029.0
1718728645.6835058,23.0,1029.0
1718728645.8238957,23.0,1029.0
1718728645.9591672,23.0,1029.0
1718728646.0922728,23.0,1029.0
1718728646.2274566,22.0,1029.0
1718728646.3645554,18.0,1029.0
1718728646.5033798,18.0,1029.0
1718728646.6409247,22.0,1029.0
1718728646.7770357,21.0,1029.0
1718728646.9122975,21.0,1029.0
1718728647.0518227,21.0,1029.0
1718728647.1893368,20.0,1029.0
1718728647.3234007,20.0,1029.0
1718728647.458905,17.0,1029.0
1718728647.5926309,21.0,1029.0
1718728647.7269258,21.0,1029.0
1718728647.8663013,21.0,1029.0
1718728648.0000985,21.0,1029.0
1718728648.1324184,21.0,1029.0
1718728648.2649696,20.0,1029.0
1718728648.4004254,17.0,1029.0
1718728648.534152,21.0,1029.0
1718728648.6684234,21.0,1029.0
1718728648.8045964,21.0,1029.0
1718728648.941261,21.0,1029.0
1718728649.0737069,21.0,1029.0
1718728649.214016,19.0,1029.0
1718728649.346906,21.0,1031.0
1718728649.4813468,21.0,1031.0
1718728649.6166017,26.0,1031.0
1718728649.7529545,26.0,1031.0
1718728649.8869498,26.0,1031.0
1718728650.0301452,21.0,1031.0
1718728650.163796,20.0,1031.0
1718728650.3010707,20.0,1031.0
1718728650.4336874,19.0,1031.0
1718728650.5729997,21.0,1031.0
1718728650.7074459,21.0,1031.0
1718728650.8452837,22.0,1031.0
1718728650.978878,22.0,1031.0
1718728651.1141388,22.0,1031.0
1718728651.2502403,19.0,1031.0
1718728651.38416,21.0,1031.0
1718728651.5237315,21.0,1031.0
1718728651.660326,22.0,1031.0
1718728651.7959054,22.0,1031.0
1718728651.9310844,21.0,1031.0
1718728652.0687256,21.0,1031.0
1718728652.2007542,18.0,1031.0
1718728652.3349998,22.0,1031.0
1718728652.4703195,22.0,1031.0
1718728652.606151,30.0,1031.0
1718728652.7438748,41.0,1031.0
1718728652.8765254,41.0,1031.0
1718728653.006758,22.0,1031.0
1718728653.138446,20.0,1031.0
1718728653.2776365,20.0,1031.0
1718728653.4145021,23.0,1031.0
1718728653.5484817,24.0,1031.0
1718728653.6896281,24.0,1031.0
1718728653.8246806,22.0,1031.0
1718728653.9552507,22.0,1031.0
1718728654.0901184,22.0,1031.0
1718728654.2249467,20.0,1031.0
1718728654.3612413,23.0,1031.0
1718728654.498121,23.0,1031.0
1718728654.6324258,23.0,1031.0
1718728654.769033,23.0,1031.0
1718728654.9023976,23.0,1031.0
1718728655.0411081,21.0,1031.0
1718728655.1757176,21.0,1031.0
1718728655.317926,21.0,1031.0
1718728655.4522407,23.0,1031.0
1718728655.5897145,23.0,1031.0
1718728655.7258723,23.0,1031.0
1718728655.859926,24.0,1031.0
1718728655.9939935,21.0,1031.0
1718728656.1275845,21.0,1031.0
1718728656.2603648,22.0,1031.0
1718728656.3934884,24.0,1031.0
1718728656.5292735,24.0,1031.0
1718728656.666081,24.0,1031.0
1718728656.8016207,24.0,1031.0
1718728656.943162,20.0,1031.0
1718728657.0812137,20.0,1031.0
1718728657.214306,24.0,1031.0
1718728657.3470612,26.0,1031.0
1718728657.4790885,26.0,1031.0
1718728657.6129615,26.0,1031.0
1718728657.7472336,25.0,1031.0
1718728657.8838348,25.0,1031.0
1718728658.0193698,21.0,1031.0
1718728658.153265,26.0,1031.0
1718728658.2895257,26.0,1031.0
1718728658.430305,26.0,1031.0
1718728658.565143,25.0,1031.0
1718728658.7033956,25.0,1031.0
1718728658.8370574,25.0,1031.0
1718728658.9738483,21.0,1031.0
1718728659.1072638,21.0,1031.0
1718728659.2445147,24.0,1031.0
1718728659.377435,25.0,1031.0
1718728659.5105855,25.0,1031.0
1718728659.644298,25.0,1031.0
1718728659.779106,22.0,1031.0
1718728659.9173024,22.0,1031.0
1718728660.0504982,21.0,1031.0
1718728660.186929,24.0,1031.0
1718728660.3199666,24.0,1031.0
1718728660.4577396,24.0,1031.0
1718728660.5909712,24.0,1031.0
1718728660.7260716,24.0,1031.0
1718728660.8583174,22.0,1031.0
1718728660.9917238,21.0,1031.0
1718728661.128352,24.0,1031.0
1718728661.2689245,24.0,1031.0
1718728661.406316,21.0,1031.0
1718728661.547546,21.0,1031.0
1718728661.6866918,21.0,1031.0
1718728661.8202677,18.0,1031.0
1718728661.9561586,19.0,1031.0
1718728662.0969474,19.0,1031.0
1718728662.2307215,22.0,1031.0
1718728662.3685791,23.0,1031.0
1718728662.5049899,23.0,1031.0
1718728662.6396935,22.0,1031.0
1718728662.7726226,20.0,1031.0
1718728662.9052563,20.0,1031.0
1718728663.042076,22.0,1031.0
1718728663.1786866,24.0,1031.0
1718728663.3151183,24.0,1031.0
1718728663.4502082,24.0,1031.0
1718728663.5862794,24.0,1031.0
1718728663.7199676,24.0,1031.0
1718728663.855096,21.0,1031.0
1718728663.9869792,24.0,1031.0
1718728664.1209404,24.0,1031.0
1718728664.2592034,24.0,1031.0
1718728664.3929856,24.0,1031.0
1718728664.5284572,24.0,1031.0
1718728664.6660085,24.0,1031.0
1718728664.8033383,20.0,1031.0
1718728664.9380264,25.0,1031.0
1718728665.0759263,25.0,1031.0
1718728665.214124,24.0,1031.0
1718728665.3490849,24.0,1031.0
1718728665.484023,24.0,1031.0
1718728665.6208184,23.0,1031.0
1718728665.760467,22.0,1031.0
1718728665.8953307,22.0,1031.0
1718728666.030671,25.0,1031.0
1718728666.1686094,25.0,1031.0
1718728666.3017313,25.0,1031.0
1718728666.4391794,25.0,1031.0
1718728666.571232,23.0,1031.0
1718728666.7052794,23.0,1031.0
1718728666.8389513,21.0,1031.0
1718728666.9751272,24.0,1031.0
1718728667.1087422,24.0,1031.0
1718728667.2440987,24.0,1031.0
1718728667.3785253,24.0,1031.0
1718728667.516075,24.0,1031.0
1718728667.6503956,22.0,1031.0
1718728667.789376,44.0,1031.0
1718728667.9238062,24.0,1031.0
1718728668.0593016,24.0,1031.0
1718728668.1935232,23.0,1031.0
1718728668.3275354,24.0,1031.0
1718728668.4653292,24.0,1031.0
1718728668.6043482,21.0,1031.0
1718728668.7375417,22.0,1031.0
1718728668.8721163,22.0,1031.0
1718728669.0079448,24.0,1031.0
1718728669.1523943,24.0,1031.0
1718728669.2887297,24.0,1031.0
1718728669.4255693,24.0,1031.0
1718728669.5606067,21.0,1031.0
1718728669.6987965,21.0,1031.0
1718728669.8329175,24.0,1031.0
1718728669.9743695,25.0,1031.0
1718728670.1138768,25.0,1031.0
1718728670.2563894,25.0,1031.0
1718728670.3915896,25.0,1031.0
1718728670.5267222,22.0,1031.0
1718728670.6632118,22.0,1031.0
1718728670.7950447,25.0,1031.0
1718728670.930122,25.0,1031.0
1718728671.0645204,25.0,1031.0
1718728671.200181,26.0,1031.0
1718728671.3376825,25.0,1031.0
1718728671.472517,25.0,1031.0
1718728671.6093044,22.0,1031.0
1718728671.7433152,26.0,1031.0
1718728671.8795946,26.0,1031.0
1718728672.010282,25.0,1031.0
1718728672.1440072,26.0,1031.0
1718728672.2836254,26.0,1031.0
1718728672.4186482,24.0,1031.0
1718728672.5544462,22.0,1031.0
1718728672.6886032,22.0,1031.0
1718728672.8236492,26.0,1031.0
1718728672.9585984,25.0,1031.0
1718728673.0980697,25.0,1031.0
1718728673.2329617,24.0,1031.0
1718728673.3729799,22.0,1031.0
1718728673.51281,22.0,1031.0
1718728673.6463747,21.0,1031.0
1718728673.78106,24.0,1031.0
1718728673.917546,23.0,1031.0
1718728674.0564609,23.0,1031.0
1718728674.1910012,24.0,1031.0
1718728674.3250363,21.0,1031.0
1718728674.4609854,21.0,1031.0
1718728674.603486,22.0,1031.0
1718728674.737087,24.0,1031.0
1718728674.8707278,24.0,1031.0
1718728675.0085058,24.0,1031.0
1718728675.1434147,23.0,1031.0
1718728675.2849035,23.0,1031.0
1718728675.421091,20.0,1031.0
1718728675.5620756,22.0,1031.0
1718728675.702888,22.0,1031.0
1718728675.838257,23.0,1031.0
1718728675.9733224,25.0,1031.0
1718728676.1073759,25.0,1031.0
1718728676.2424192,25.0,1031.0
1718728676.377888,21.0,1031.0
1718728676.5133567,21.0,1031.0
1718728676.6480823,23.0,1031.0
1718728676.784953,24.0,1031.0
1718728676.9208868,22.0,1031.0
1718728677.059521,22.0,1031.0
1718728677.1935265,23.0,1031.0
1718728677.3296564,20.0,1031.0
1718728677.4659097,20.0,1031.0
1718728677.6048148,24.0,1031.0
1718728677.740633,25.0,1031.0
1718728677.874175,25.0,1031.0
1718728678.0157533,25.0,1031.0
1718728678.151437,23.0,1031.0
1718728678.2865345,23.0,1031.0
1718728678.4236233,21.0,1031.0
1718728678.5582879,25.0,1031.0
1718728678.6973584,25.0,1031.0
1718728678.8316464,24.0,1031.0
1718728678.967198,24.0,1031.0
1718728679.102469,24.0,1031.0
1718728679.2431486,22.0,1031.0
1718728679.3765101,21.0,1031.0
1718728679.5113418,21.0,1031.0
1718728679.6473916,25.0,1031.0
1718728679.781397,25.0,1031.0
1718728679.916506,25.0,1031.0
1718728680.051725,24.0,1031.0
1718728680.1878095,20.0,1031.0
1718728680.328407,21.0,1031.0
1718728680.4625456,21.0,1031.0
1718728680.6038697,24.0,1031.0
1718728680.7399492,23.0,1031.0
1718728680.8743465,23.0,1031.0
1718728681.00835,22.0,1031.0
1718728681.148153,22.0,1031.0
1718728681.2916934,22.0,1031.0
1718728681.4280517,23.0,1031.0
1718728681.563336,25.0,1031.0
1718728681.6981115,25.0,1031.0
1718728681.832137,25.0,1031.0
1718728681.9663148,24.0,1031.0
1718728682.1025822,24.0,1031.0
1718728682.2378445,20.0,1031.0
1718728682.374289,23.0,1031.0
1718728682.5115151,23.0,1031.0
1718728682.6483626,23.0,1031.0
1718728682.7826543,44.0,1031.0
1718728682.9168067,23.0,1031.0
1718728683.0582879,23.0,1031.0
1718728683.1936753,19.0,1031.0
1718728683.3306553,24.0,1031.0
1718728683.4648304,24.0,1031.0
1718728683.602165,23.0,1031.0
1718728683.73632,25.0,1031.0
1718728683.8717942,25.0,1031.0
1718728684.017751,23.0,1031.0
1718728684.1522815,21.0,1031.0
1718728684.2862585,21.0,1031.0
1718728684.4202442,25.0,1031.0
1718728684.5658143,25.0,1031.0
1718728684.700608,25.0,1031.0
1718728684.8349307,26.0,1031.0
1718728684.9697824,23.0,1031.0
1718728685.105406,23.0,1031.0
1718728685.2401574,22.0,1031.0
1718728685.3754792,26.0,1031.0
1718728685.5119796,26.0,1031.0
1718728685.6515315,25.0,1031.0
1718728685.7894523,25.0,1031.0
1718728685.923423,24.0,1031.0
1718728686.061728,24.0,1031.0
1718728686.1963732,21.0,1031.0
1718728686.3309758,23.0,1032.0
1718728686.4636436,23.0,1032.0
1718728686.596396,26.0,1032.0
1718728686.7310448,25.0,1032.0
1718728686.864009,25.0,1032.0
1718728686.9966617,23.0,1032.0
1718728687.1318977,24.0,1032.0
1718728687.2664628,24.0,1032.0
1718728687.3994365,26.0,1032.0
1718728687.5362453,26.0,1032.0
1718728687.6702156,26.0,1032.0
1718728687.8086293,24.0,1032.0
1718728687.942427,22.0,1032.0
1718728688.0772386,22.0,1032.0
1718728688.2106743,23.0,1032.0
1718728688.3426673,25.0,1032.0
1718728688.4769607,25.0,1032.0
1718728688.6105237,25.0,1032.0
1718728688.7434926,24.0,1032.0
1718728688.8778567,24.0,1032.0
1718728689.0105803,21.0,1032.0
1718728689.1451805,24.0,1032.0
1718728689.2780068,24.0,1032.0
1718728689.4112606,24.0,1032.0
1718728689.5449607,25.0,1032.0
1718728689.6788912,25.0,1032.0
1718728689.8144593,24.0,1032.0
1718728689.953018,20.0,1032.0
1718728690.087087,20.0,1032.0
1718728690.221541,24.0,1032.0
1718728690.3612301,26.0,1032.0
1718728690.496697,26.0,1032.0
1718728690.6314294,25.0,1032.0
1718728690.7671397,20.0,1029.0
1718728690.9033816,20.0,1029.0
1718728691.0403132,18.0,1029.0
1718728691.1747906,21.0,1029.0
1718728691.3101578,21.0,1029.0
1718728691.4451258,20.0,1029.0
1718728691.5797424,22.0,1029.0
1718728691.7149227,22.0,1029.0
1718728691.8478737,22.0,1029.0
1718728691.9856863,21.0,1029.0
1718728692.120166,25.0,1029.0
1718728692.25601,25.0,1029.0
1718728692.3888426,25.0,1029.0
1718728692.5296686,24.0,1029.0
1718728692.6653295,24.0,1029.0
1718728692.7994263,22.0,1029.0
1718728692.9336317,21.0,1029.0
1718728693.0694597,21.0,1029.0
1718728693.204028,23.0,1029.0
1718728693.3388383,23.0,1029.0
1718728693.4733264,23.0,1029.0
1718728693.6094947,21.0,1029.0
1718728693.7441459,19.0,1029.0
1718728693.8794787,19.0,1029.0
1718728694.0146294,20.0,1029.0
1718728694.1527643,21.0,1029.0
1718728694.2869396,21.0,1029.0
1718728694.4250915,21.0,1029.0
1718728694.5580914,21.0,1029.0
1718728694.6923938,21.0,1029.0
1718728694.8287501,18.0,1029.0
1718728694.9626217,21.0,1029.0
1718728695.1057568,21.0,1029.0
1718728695.2460089,21.0,1029.0
1718728695.3820486,22.0,1029.0
1718728695.5162394,22.0,1029.0
1718728695.6490235,20.0,1029.0
1718728695.7842295,17.0,1029.0
1718728695.9187014,21.0,1029.0
1718728696.0528245,21.0,1029.0
1718728696.1839108,21.0,1029.0
1718728696.3195925,25.0,1029.0
1718728696.4546702,25.0,1029.0
1718728696.5908885,24.0,1029.0
1718728696.7265491,21.0,1029.0
1718728696.8654351,21.0,1029.0
1718728697.0093842,24.0,1029.0
1718728697.1452997,24.0,1029.0
1718728697.2829685,24.0,1029.0
1718728697.4138203,24.0,1029.0
1718728697.5491726,23.0,1029.0
1718728697.6828208,23.0,1025.0
1718728697.8172064,40.0,1025.0
1718728697.951487,28.0,1025.0
1718728698.0909114,28.0,1025.0
1718728698.2262414,25.0,1025.0
1718728698.3604589,25.0,1025.0
1718728698.494808,25.0,1025.0
1718728698.627819,24.0,1025.0
1718728698.7609265,23.0,1025.0
1718728698.894677,23.0,1025.0
1718728699.028644,26.0,1025.0
1718728699.1637032,25.0,1025.0
1718728699.2973144,25.0,1025.0
1718728699.430468,25.0,1025.0
1718728699.5641813,24.0,1025.0
1718728699.698257,24.0,1025.0
1718728699.8351066,23.0,1025.0
1718728699.9697156,26.0,1025.0
1718728700.103931,26.0,1025.0
1718728700.2432685,26.0,1025.0
1718728700.37811,25.0,1025.0
1718728700.5140417,25.0,1025.0
1718728700.6458056,22.0,1025.0
1718728700.7807717,24.0,1025.0
1718728700.9172058,26.0,1025.0
1718728701.0580199,26.0,1025.0
1718728701.192984,25.0,1025.0
1718728701.331284,25.0,1025.0
1718728701.4661076,25.0,1025.0
1718728701.6008573,21.0,1025.0
1718728701.7340293,23.0,1025.0
1718728701.8717868,23.0,1025.0
1718728702.009884,23.0,1025.0
1718728702.1431377,23.0,1025.0
1718728702.2773416,23.0,1025.0
1718728702.4138296,22.0,1025.0
1718728702.5474248,19.0,1025.0
1718728702.6847112,19.0,1025.0
1718728702.8191628,23.0,1025.0
1718728702.9540813,23.0,1025.0
1718728703.0882483,23.0,1025.0
1718728703.225041,22.0,1025.0
1718728703.3579834,20.0,1025.0
1718728703.495528,20.0,1025.0
1718728703.6294074,18.0,1025.0
1718728703.7661555,21.0,1025.0
1718728703.8993804,21.0,1025.0
1718728704.0349405,21.0,1025.0
1718728704.171785,23.0,1025.0
1718728704.3051076,23.0,1025.0
1718728704.438003,20.0,1025.0
1718728704.567695,20.0,1025.0
1718728704.699853,20.0,1025.0
1718728704.8337948,23.0,1025.0
1718728704.9701047,24.0,1025.0
1718728705.101473,24.0,1025.0
1718728705.2356634,23.0,1025.0
1718728705.369168,22.0,1025.0
1718728705.5016253,22.0,1025.0
1718728705.636246,23.0,1025.0
1718728705.7714171,25.0,1025.0
1718728705.9026377,25.0,1025.0
1718728706.03897,23.0,1025.0
1718728706.1733353,24.0,1025.0
1718728706.3069856,24.0,1025.0
1718728706.4407005,21.0,1025.0
1718728706.572821,25.0,1025.0
1718728706.706006,25.0,1025.0
1718728706.8403764,25.0,1025.0
1718728706.9744132,25.0,1025.0
1718728707.106901,25.0,1025.0
1718728707.24076,23.0,1025.0
1718728707.3738186,21.0,1025.0
1718728707.505927,21.0,1025.0
1718728707.637397,24.0,1025.0
1718728707.7713227,22.0,1025.0
1718728707.9041624,22.0,1025.0
1718728708.0396907,21.0,1025.0
1718728708.1725245,21.0,1025.0
1718728708.305411,21.0,1025.0
1718728708.441154,22.0,1025.0
1718728708.573735,25.0,1025.0
1718728708.7060702,25.0,1025.0
1718728708.843649,24.0,1025.0
1718728708.9800627,24.0,1025.0
1718728709.1125202,23.0,1025.0
1718728709.250868,23.0,1025.0
1718728709.3853068,20.0,1025.0
1718728709.5185232,24.0,1025.0
1718728709.650429,24.0,1025.0
1718728709.7872415,25.0,1025.0
1718728709.9192307,24.0,1025.0
1718728710.0523653,24.0,1025.0
1718728710.1880062,23.0,1025.0
1718728710.3198118,21.0,1025.0
1718728710.4503784,21.0,1025.0
1718728710.5839448,24.0,1025.0
1718728710.7136428,23.0,1025.0
1718728710.8482904,23.0,1025.0
1718728710.983666,23.0,1025.0
1718728711.1174455,23.0,1025.0
1718728711.2497492,23.0,1025.0
1718728711.3821635,21.0,1025.0
1718728711.5163445,24.0,1025.0
1718728711.6477125,24.0,1025.0
1718728711.7803016,25.0,1025.0
1718728711.9148235,24.0,1025.0
1718728712.0483112,24.0,1025.0
1718728712.180934,23.0,1025.0
1718728712.318128,22.0,1025.0
1718728712.4514313,22.0,1025.0
1718728712.5846772,24.0,1025.0
1718728712.717319,27.0,1025.0
1718728712.8529074,27.0,1025.0
1718728712.9885209,43.0,1025.0
1718728713.123591,21.0,1025.0
1718728713.257864,21.0,1025.0
1718728713.3930504,24.0,1025.0
1718728713.5261674,25.0,1025.0
1718728713.6561048,25.0,1025.0
1718728713.7876358,24.0,1025.0
1718728713.9216774,25.0,1025.0
1718728714.0536234,25.0,1025.0
1718728714.1872742,21.0,1025.0
1718728714.3225698,24.0,1025.0
1718728714.4530387,24.0,1025.0
1718728714.585963,25.0,1025.0
1718728714.7186167,24.0,1025.0
1718728714.849595,24.0,1025.0
1718728714.9812548,24.0,1025.0
1718728715.1135259,20.0,1025.0
1718728715.2488487,20.0,1025.0
1718728715.378287,24.0,1025.0
1718728715.5087967,24.0,1025.0
1718728715.6406493,24.0,1025.0
1718728715.772712,23.0,1025.0
1718728715.9061859,23.0,1025.0
1718728716.0380464,22.0,1025.0
1718728716.1671689,20.0,1025.0
1718728716.296452,20.0,1025.0
1718728716.4291456,23.0,1025.0
1718728716.558895,23.0,1025.0
1718728716.6888611,23.0,1025.0
1718728716.8257482,23.0,1025.0
1718728716.9596226,23.0,1025.0
1718728717.0935888,23.0,1025.0
1718728717.225396,24.0,1025.0
1718728717.3583179,24.0,1025.0
1718728717.488697,24.0,1025.0
1718728717.6189353,25.0,1025.0
1718728717.7514381,24.0,1025.0
1718728717.883876,24.0,1025.0
1718728718.0153415,22.0,1025.0
1718728718.1497874,22.0,1025.0
1718728718.280044,22.0,1025.0
1718728718.4102423,25.0,1025.0
1718728718.541957,24.0,1025.0
1718728718.6722531,24.0,1025.0
1718728718.8034952,24.0,1025.0
1718728718.938466,21.0,1025.0
1718728719.0715842,21.0,1025.0
1718728719.2020788,24.0,1025.0
1718728719.333322,26.0,1025.0
1718728719.4649546,26.0,1025.0
1718728719.5975463,26.0,1025.0
1718728719.73338,26.0,1025.0
1718728719.868253,26.0,1025.0
1718728719.9990687,22.0,1025.0
1718728720.135696,24.0,1025.0
1718728720.2708926,24.0,1025.0
1718728720.4013093,25.0,1025.0
1718728720.5348988,26.0,1025.0
1718728720.6657836,26.0,1025.0
1718728720.797444,24.0,1025.0
1718728720.9328496,20.0,1025.0
1718728721.0642893,20.0,1025.0
1718728721.1980503,24.0,1025.0
1718728721.329904,25.0,1025.0
1718728721.460175,25.0,1025.0
1718728721.591972,23.0,1025.0
1718728721.7244253,22.0,1025.0
1718728721.8569863,22.0,1025.0
1718728721.9909556,18.0,1025.0
1718728722.1231675,21.0,1025.0
1718728722.2563949,21.0,1025.0
1718728722.3885674,21.0,1025.0
1718728722.5250394,21.0,1025.0
1718728722.6597152,21.0,1025.0
1718728722.792286,20.0,1025.0
1718728722.9293802,17.0,1025.0
1718728723.063864,17.0,1025.0
1718728723.198537,20.0,1025.0
1718728723.3319895,20.0,1025.0
1718728723.4634178,20.0,1025.0
1718728723.5952213,21.0,1025.0
1718728723.7273433,21.0,1025.0
1718728723.8610253,21.0,1025.0
1718728723.9940264,21.0,1025.0
1718728724.128939,23.0,1025.0
1718728724.2644844,23.0,1025.0
1718728724.399217,23.0,1025.0
1718728724.5312579,23.0,1025.0
1718728724.66321,23.0,1025.0
1718728724.7953393,20.0,1025.0
1718728724.9271164,21.0,1025.0
1718728725.0617647,21.0,1025.0
1718728725.1957781,23.0,1025.0
1718728725.3317077,23.0,1025.0
1718728725.4653718,23.0,1025.0
1718728725.5968387,24.0,1025.0
1718728725.7292085,20.0,1025.0
1718728725.8615496,20.0,1025.0
1718728725.9985352,23.0,1025.0
1718728726.132406,24.0,1025.0
1718728726.2641358,24.0,1025.0
1718728726.3984876,24.0,1025.0
1718728726.5355463,24.0,1025.0
1718728726.6702769,24.0,1025.0
1718728726.8028138,21.0,1025.0
1718728726.9409146,25.0,1025.0
1718728727.0749671,25.0,1025.0
1718728727.212654,26.0,1025.0
1718728727.347574,25.0,1025.0
1718728727.4793606,25.0,1025.0
1718728727.6112418,25.0,1025.0
1718728727.748343,21.0,1025.0
1718728727.882176,21.0,1025.0
1718728728.0160692,46.0,1025.0
1718728728.1494792,25.0,1025.0
1718728728.281334,25.0,1025.0
1718728728.4132268,26.0,1025.0
1718728728.5445414,24.0,1025.0
1718728728.675793,24.0,1025.0
1718728728.8071709,21.0,1025.0
1718728728.9397023,25.0,1025.0
1718728729.0753977,25.0,1025.0
1718728729.207923,24.0,1025.0
1718728729.3402383,23.0,1025.0
1718728729.4715505,23.0,1025.0
1718728729.6034708,22.0,1025.0
1718728729.7358034,21.0,1025.0
1718728729.8692253,21.0,1025.0
1718728730.0012634,23.0,1025.0
1718728730.1338053,23.0,1025.0
1718728730.2715485,23.0,1025.0
1718728730.4059463,23.0,1025.0
1718728730.5382025,21.0,1025.0
1718728730.6688895,21.0,1025.0
1718728730.8052514,20.0,1025.0
1718728730.9392183,23.0,1025.0
1718728731.071321,23.0,1025.0
1718728731.2077043,23.0,1025.0
1718728731.3418307,23.0,1025.0
1718728731.4738662,23.0,1025.0
1718728731.6064281,21.0,1025.0
1718728731.7378547,21.0,1025.0
1718728731.8698173,21.0,1025.0
1718728732.0024867,22.0,1025.0
1718728732.1352232,23.0,1025.0
1718728732.2677784,23.0,1025.0
1718728732.399137,22.0,1025.0
1718728732.5310156,19.0,1025.0
1718728732.662324,19.0,1025.0
1718728732.795324,22.0,1025.0
1718728732.9279635,24.0,1025.0
1718728733.0601447,24.0,1025.0
1718728733.1939526,23.0,1025.0
1718728733.3255146,23.0,1025.0
1718728733.4566493,23.0,1025.0
1718728733.5878768,21.0,1025.0
1718728733.7216222,24.0,1025.0
1718728733.8570254,24.0,1025.0
1718728733.9891963,25.0,1025.0
1718728734.1222456,25.0,1025.0
1718728734.2557058,25.0,1025.0
1718728734.389876,24.0,1025.0
1718728734.52497,21.0,1025.0
1718728734.658403,21.0,1025.0
1718728734.7919524,24.0,1025.0
1718728734.9241638,24.0,1025.0
1718728735.0563102,24.0,1025.0
1718728735.190127,24.0,1025.0
1718728735.3234181,23.0,1025.0
1718728735.4559088,23.0,1025.0
1718728735.5877023,22.0,1025.0
1718728735.7192092,25.0,1025.0
1718728735.8517394,25.0,1025.0
1718728735.9827783,24.0,1025.0
1718728736.1151059,25.0,1025.0
1718728736.2487314,25.0,1025.0
1718728736.3824017,21.0,1025.0
1718728736.5133796,20.0,1025.0
1718728736.644235,20.0,1025.0
1718728736.7787752,21.0,1025.0
1718728736.91211,26.0,1025.0
1718728737.0447366,26.0,1025.0
1718728737.1787026,24.0,1025.0
1718728737.3102753,22.0,1025.0
1718728737.4416509,22.0,1025.0
1718728737.5729096,22.0,1025.0
1718728737.7059183,24.0,1025.0
1718728737.836454,24.0,1025.0
1718728737.970349,25.0,1025.0
1718728738.1022825,25.0,1025.0
1718728738.234393,23.0,1025.0
1718728738.367328,21.0,1025.0
1718728738.504773,23.0,1025.0
1718728738.6380289,23.0,1025.0
1718728738.7693493,24.0,1025.0
1718728738.9019432,24.0,1025.0
1718728739.0345666,24.0,1025.0
1718728739.1720848,24.0,1025.0
1718728739.310894,20.0,1025.0
1718728739.443295,20.0,1025.0
1718728739.5778425,24.0,1025.0
1718728739.7093284,25.0,1025.0
1718728739.8434176,25.0,1025.0
1718728739.9756231,25.0,1025.0
1718728740.1071723,25.0,1025.0
1718728740.2397664,25.0,1025.0
1718728740.3712013,21.0,1025.0
1718728740.5028286,21.0,1025.0
1718728740.6341443,26.0,1022.0
1718728740.7641273,27.0,1022.0
1718728740.895492,27.0,1022.0
1718728741.0287943,26.0,1022.0
1718728741.1620853,25.0,1022.0
1718728741.2960165,25.0,1022.0
1718728741.4275408,22.0,1022.0
1718728741.5590007,27.0,1022.0
1718728741.6924422,27.0,1022.0
1718728741.826266,24.0,1022.0
1718728741.958149,25.0,1022.0
1718728742.090578,25.0,1022.0
1718728742.2238965,23.0,1022.0
1718728742.3595886,23.0,1024.0
1718728742.4942224,23.0,1024.0
1718728742.6258845,27.0,1024.0
1718728742.7574878,28.0,1024.0
1718728742.8892088,28.0,1024.0
1718728743.0242517,60.0,1030.0
1718728743.160893,98.0,1028.0
1718728743.2939389,98.0,1024.0
1718728743.425795,15.0,1024.0
1718728743.5574436,9.0,1021.0
1718728743.6917715,9.0,1021.0
1718728743.8257542,2.0,1021.0
1718728743.9593904,2.0,1021.0
1718728744.0889282,2.0,1021.0
1718728744.2210891,2.0,1021.0
1718728744.3506198,1.0,1021.0
1718728744.4811742,1.0,1021.0
1718728744.6107957,2.0,1021.0
1718728744.7403493,2.0,1021.0
1718728744.8734741,2.0,1021.0
1718728745.0071502,2.0,1021.0
1718728745.1414342,7.0,1021.0
1718728745.2771037,7.0,1021.0
1718728745.4099512,6.0,1021.0
1718728745.543767,7.0,1021.0
1718728745.6792123,7.0,1021.0
1718728745.8156278,8.0,1021.0
1718728745.9519942,9.0,1021.0
1718728746.0868654,9.0,1021.0
1718728746.221381,8.0,1021.0
1718728746.3531318,8.0,1021.0
1718728746.4922044,8.0,1021.0
1718728746.6287706,23.0,1021.0
1718728746.7594361,26.0,1021.0
1718728746.891316,26.0,1021.0
1718728747.0317008,24.0,1021.0
1718728747.168336,22.0,1021.0
1718728747.303994,24.0,1021.0
1718728747.4397042,24.0,1021.0
1718728747.5758307,24.0,1021.0
1718728747.708986,25.0,1021.0
1718728747.8452642,25.0,1021.0
1718728747.982625,23.0,1021.0
1718728748.116432,20.0,1021.0
1718728748.2563195,20.0,1021.0
1718728748.38899,24.0,1021.0
1718728748.524416,26.0,1023.0
1718728748.6583314,26.0,1023.0
1718728748.7939975,23.0,1023.0
1718728748.9288986,21.0,1023.0
1718728749.0654933,21.0,1023.0
1718728749.2002366,19.0,1023.0
1718728749.336607,27.0,1023.0
1718728749.476456,27.0,1023.0
1718728749.6110628,26.0,1023.0
1718728749.7455487,24.0,1023.0
1718728749.8826096,24.0,1023.0
1718728750.0217323,22.0,1023.0
1718728750.1543489,22.0,1023.0
1718728750.29137,22.0,1023.0
1718728750.423302,24.0,1023.0
1718728750.5537481,24.0,1023.0
1718728750.683724,24.0,1023.0
1718728750.8138442,24.0,1023.0
1718728750.943706,21.0,1023.0
1718728751.0733917,21.0,1023.0
1718728751.2098558,22.0,1023.0
1718728751.346292,24.0,1023.0
1718728751.4782934,24.0,1023.0
1718728751.6100144,24.0,1023.0
1718728751.74302,24.0,1023.0
1718728751.8750246,24.0,1023.0
1718728752.0068176,20.0,1023.0
1718728752.1391647,24.0,1023.0
1718728752.2748756,24.0,1023.0
1718728752.408375,24.0,1023.0
1718728752.5416286,24.0,1023.0
1718728752.6729991,24.0,1023.0
1718728752.8066204,23.0,1023.0
1718728752.939686,20.0,1023.0
1718728753.0712206,20.0,1023.0
1718728753.204381,23.0,1023.0
1718728753.3369803,24.0,1021.0
1718728753.47379,24.0,1021.0
1718728753.6050913,24.0,1021.0
1718728753.7368803,22.0,1021.0
1718728753.8713722,22.0,1021.0
1718728754.0033123,19.0,1021.0
1718728754.1370761,21.0,1021.0
1718728754.272428,21.0,1021.0
1718728754.4105334,20.0,1021.0
1718728754.5452275,20.0,1021.0
1718728754.6809156,20.0,1021.0
1718728754.8224301,21.0,1021.0
1718728754.9581807,18.0,1021.0
1718728755.0922382,18.0,1021.0
1718728755.2297409,25.0,1021.0
1718728755.3645658,24.0,1021.0
1718728755.5006206,24.0,1021.0
1718728755.6373937,24.0,1021.0
1718728755.7711692,23.0,1021.0
1718728755.9117935,22.0,1021.0
1718728756.0491462,22.0,1021.0
1718728756.183573,24.0,1021.0
1718728756.3236191,24.0,1021.0
1718728756.4567573,24.0,1021.0
1718728756.5940907,23.0,1021.0
1718728756.7299871,22.0,1021.0
1718728756.8633983,22.0,1021.0
1718728756.9982898,22.0,1021.0
1718728757.131849,26.0,1021.0
1718728757.2702992,26.0,1021.0
1718728757.404032,27.0,1021.0
1718728757.5396543,26.0,1021.0
1718728757.6740425,26.0,1021.0
1718728757.8125167,23.0,1021.0
1718728757.9466934,47.0,1028.0
1718728758.0803366,47.0,1028.0
1718728758.2166219,33.0,1028.0
1718728758.3484917,26.0,1028.0
1718728758.4797635,26.0,1028.0
1718728758.6132336,24.0,1028.0
1718728758.753435,21.0,1028.0
1718728758.884803,21.0,1028.0
1718728759.0190947,24.0,1028.0
1718728759.1596897,25.0,1028.0
1718728759.2930298,24.0,1028.0
1718728759.4311864,24.0,1028.0
1718728759.5646544,24.0,1028.0
1718728759.6996539,20.0,1028.0
1718728759.8395808,20.0,1028.0
1718728759.9741364,25.0,1028.0
1718728760.1082318,25.0,1028.0
1718728760.2462258,25.0,1028.0
1718728760.381436,24.0,1028.0
1718728760.5164766,24.0,1028.0
1718728760.6479132,24.0,1028.0
1718728760.7821307,23.0,1028.0
1718728760.9177248,26.0,1028.0
1718728761.0566158,26.0,1028.0
1718728761.1925845,26.0,1028.0
1718728761.326262,26.0,1028.0
1718728761.4631455,26.0,1028.0
1718728761.5994775,21.0,1028.0
1718728761.7370634,22.0,1028.0
1718728761.8700547,22.0,1028.0
1718728762.004999,23.0,1028.0
1718728762.1402209,25.0,1028.0
1718728762.2813637,25.0,1028.0
1718728762.4153569,24.0,1028.0
1718728762.549938,22.0,1028.0
1718728762.6830044,22.0,1028.0
1718728762.817469,23.0,1028.0
1718728762.9513555,25.0,1028.0
1718728763.0836897,25.0,1028.0
1718728763.2172964,24.0,1028.0
1718728763.3532577,23.0,1028.0
1718728763.485399,23.0,1028.0
1718728763.622402,21.0,1028.0
1718728763.760556,24.0,1028.0
1718728763.8977938,24.0,1028.0
1718728764.0344653,24.0,1028.0
1718728764.166095,24.0,1028.0
1718728764.30013,24.0,1028.0
1718728764.4369304,24.0,1028.0
1718728764.5703166,21.0,1028.0
1718728764.703727,24.0,1028.0
1718728764.8392382,24.0,1028.0
1718728764.9783962,24.0,1028.0
1718728765.112533,24.0,1028.0
1718728765.2445133,24.0,1028.0
1718728765.378159,24.0,1028.0
1718728765.5133557,20.0,1028.0
1718728765.6479912,20.0,1028.0
1718728765.7865093,25.0,1028.0
1718728765.919478,23.0,1028.0
1718728766.056454,23.0,1028.0
1718728766.194338,23.0,1028.0
1718728766.327691,22.0,1028.0
1718728766.4628534,22.0,1028.0
1718728766.5976663,19.0,1028.0
1718728766.7319427,23.0,1028.0
1718728766.873211,23.0,1028.0
1718728767.009154,22.0,1028.0
1718728767.149937,23.0,1028.0
1718728767.2854097,23.0,1028.0
1718728767.4207308,23.0,1028.0
1718728767.5551934,20.0,1028.0
1718728767.6952543,24.0,1028.0
1718728767.834132,24.0,1028.0
1718728767.9680398,23.0,1028.0
1718728768.1049342,24.0,1028.0
1718728768.2402582,24.0,1028.0
1718728768.3757014,22.0,1028.0
1718728768.5090923,22.0,1028.0
1718728768.644444,22.0,1028.0
1718728768.782212,25.0,1028.0
1718728768.9159856,25.0,1028.0
1718728769.0539765,25.0,1028.0
1718728769.188499,23.0,1028.0
1718728769.3241162,22.0,1028.0
1718728769.46276,22.0,1028.0
1718728769.5975947,23.0,1028.0
1718728769.7332613,27.0,1028.0
1718728769.8682284,27.0,1028.0
1718728770.002312,27.0,1028.0
1718728770.136543,26.0,1028.0
1718728770.2726858,26.0,1028.0
1718728770.4083238,23.0,1028.0
1718728770.5436678,26.0,1028.0
1718728770.6802812,26.0,1028.0
1718728770.8153815,25.0,1028.0
1718728770.9481895,26.0,1028.0
1718728771.082067,26.0,1028.0
1718728771.2172358,25.0,1028.0
1718728771.3524954,22.0,1028.0
1718728771.4916906,24.0,1028.0
1718728771.6256533,24.0,1028.0
1718728771.759604,25.0,1028.0
1718728771.8940923,25.0,1028.0
1718728772.036496,25.0,1028.0
1718728772.1696928,24.0,1028.0
1718728772.310619,21.0,1028.0
1718728772.4481661,21.0,1028.0
1718728772.582565,25.0,1028.0
1718728772.7163239,25.0,1028.0
1718728772.8532495,25.0,1028.0
1718728772.9870026,30.0,1028.0
1718728773.1239593,38.0,1028.0
1718728773.2592227,38.0,1028.0
1718728773.3948798,22.0,1028.0
1718728773.538207,25.0,1028.0
1718728773.6725638,25.0,1028.0
1718728773.8076599,25.0,1028.0
1718728773.9405096,24.0,1028.0
1718728774.075411,24.0,1028.0
1718728774.217491,24.0,1028.0
1718728774.3509808,21.0,1028.0
1718728774.4821243,21.0,1028.0
1718728774.613207,25.0,1028.0
1718728774.745074,26.0,1028.0
1718728774.875609,26.0,1028.0
1718728775.0066075,25.0,1028.0
1718728775.139308,23.0,1028.0
1718728775.2774458,23.0,1028.0
1718728775.4104235,25.0,1028.0
1718728775.5410702,25.0,1028.0
1718728775.6754563,25.0,1028.0
1718728775.8112779,25.0,1028.0
1718728775.9513717,25.0,1028.0
1718728776.0849388,25.0,1028.0
1718728776.222663,22.0,1028.0
1718728776.3567321,24.0,1028.0
1718728776.4969783,25.0,1028.0
1718728776.6285663,25.0,1028.0
1718728776.7599127,25.0,1028.0
1718728776.8936162,24.0,1028.0
1718728777.0288665,24.0,1028.0
1718728777.1684759,21.0,1028.0
1718728777.3035498,24.0,1028.0
1718728777.43643,24.0,1028.0
1718728777.5754857,25.0,1028.0
1718728777.7104194,25.0,1028.0
1718728777.845159,25.0,1028.0
1718728777.9801614,24.0,1028.0
1718728778.1182456,21.0,1028.0
1718728778.2509737,21.0,1028.0
1718728778.3906865,25.0,1028.0
1718728778.532174,24.0,1028.0
1718728778.668563,24.0,1028.0
1718728778.799686,25.0,1028.0
1718728778.933088,24.0,1028.0
1718728779.070202,24.0,1028.0
1718728779.2090323,20.0,1028.0
1718728779.3453956,24.0,1028.0
1718728779.479836,24.0,1028.0
1718728779.6151004,23.0,1028.0
1718728779.74999,23.0,1028.0
1718728779.884694,23.0,1028.0
1718728780.0184128,22.0,1028.0
1718728780.1532676,20.0,1028.0
1718728780.2902386,23.0,1028.0
1718728780.4249656,23.0,1028.0
1718728780.561868,23.0,1029.0
1718728780.695544,25.0,1029.0
1718728780.8312607,25.0,1029.0
1718728780.9662597,24.0,1029.0
1718728781.1021395,23.0,1029.0
1718728781.2357302,23.0,1029.0
1718728781.3702455,25.0,1029.0
1718728781.5013742,25.0,1029.0
1718728781.6355462,25.0,1029.0
1718728781.7715964,26.0,1029.0
1718728781.9093988,24.0,1029.0
1718728782.0440042,24.0,1029.0
1718728782.1767578,25.0,1029.0
1718728782.3120697,27.0,1029.0
1718728782.4483962,27.0,1029.0
1718728782.583082,26.0,1029.0
1718728782.716654,26.0,1029.0
1718728782.8541458,26.0,1029.0
1718728782.9875739,23.0,1029.0
1718728783.1290166,26.0,1029.0
1718728783.2669845,26.0,1029.0
1718728783.4042199,27.0,1029.0
1718728783.5409591,26.0,1029.0
1718728783.67807,26.0,1029.0
1718728783.8131552,26.0,1029.0
1718728783.9483488,22.0,1029.0
1718728784.0862472,22.0,1029.0
1718728784.2202327,26.0,1029.0
1718728784.3556297,27.0,1029.0
1718728784.4890952,26.0,1029.0
1718728784.6245968,26.0,1029.0
1718728784.7576807,25.0,1029.0
1718728784.893528,23.0,1029.0
1718728785.0277045,23.0,1029.0
1718728785.1638474,26.0,1029.0
1718728785.30227,27.0,1029.0
1718728785.4354544,27.0,1029.0
1718728785.569109,26.0,1029.0
1718728785.704981,24.0,1029.0
1718728785.8404138,24.0,1029.0
1718728785.9750729,22.0,1029.0
1718728786.1154501,25.0,1029.0
