timestamp,gpu_util,gpu_mem
1718734946.789221,0.0,4.0
1718734946.9223993,0.0,4.0
1718734947.058429,0.0,4.0
1718734947.197299,0.0,21.0
1718734947.3427074,0.0,709.0
1718734947.47824,13.0,709.0
1718734947.6116707,0.0,709.0
1718734947.7458847,0.0,709.0
1718734947.8848202,0.0,709.0
1718734948.0130794,0.0,709.0
1718734948.1410944,0.0,709.0
1718734948.270713,0.0,709.0
1718734948.397743,0.0,709.0
1718734948.5241683,0.0,709.0
1718734948.6537118,0.0,709.0
1718734948.7887337,0.0,709.0
1718734948.921279,0.0,709.0
1718734949.0530238,0.0,709.0
1718734949.1828415,0.0,709.0
1718734949.3168633,0.0,709.0
1718734949.4501433,0.0,709.0
1718734949.5815272,0.0,709.0
1718734949.710536,0.0,709.0
1718734949.8431695,0.0,709.0
1718734949.9726226,0.0,709.0
1718734950.1025884,0.0,709.0
1718734950.2363625,0.0,709.0
1718734950.373169,0.0,709.0
1718734950.5071268,0.0,709.0
1718734950.640757,0.0,709.0
1718734950.7753794,0.0,709.0
1718734950.9087586,0.0,709.0
1718734951.0432487,0.0,709.0
1718734951.1774054,0.0,709.0
1718734951.3114636,0.0,709.0
1718734951.4461515,0.0,709.0
1718734951.5816052,0.0,709.0
1718734951.7149951,0.0,709.0
1718734951.849177,0.0,709.0
1718734951.9810684,0.0,709.0
1718734952.113639,0.0,709.0
1718734952.2438233,0.0,709.0
1718734952.374172,0.0,709.0
1718734952.5060008,0.0,709.0
1718734952.6385558,0.0,709.0
1718734952.7731736,0.0,709.0
1718734952.904145,0.0,709.0
1718734953.0376625,0.0,709.0
1718734953.169569,0.0,709.0
1718734953.3043563,0.0,709.0
1718734953.496808,0.0,709.0
1718734953.6345499,0.0,709.0
1718734953.7731462,0.0,709.0
1718734953.9067988,0.0,709.0
1718734954.042215,0.0,709.0
1718734954.1750855,0.0,709.0
1718734954.3070574,0.0,709.0
1718734954.4364586,0.0,709.0
1718734954.5648618,0.0,709.0
1718734954.699587,0.0,709.0
1718734954.8331249,0.0,709.0
1718734954.9683628,0.0,709.0
1718734955.1038218,0.0,709.0
1718734955.2373435,0.0,709.0
1718734955.3704197,0.0,709.0
1718734955.5019245,0.0,709.0
1718734955.6369317,0.0,709.0
1718734955.77104,0.0,709.0
1718734955.9028132,0.0,709.0
1718734956.0327299,0.0,709.0
1718734956.1642878,0.0,709.0
1718734956.2965248,0.0,709.0
1718734956.4267328,0.0,709.0
1718734956.5616553,0.0,709.0
1718734956.695381,0.0,709.0
1718734956.8307836,0.0,709.0
1718734956.9640014,0.0,709.0
1718734957.098753,0.0,709.0
1718734957.2313163,0.0,709.0
1718734957.365108,0.0,709.0
1718734957.4975805,0.0,709.0
1718734957.6329374,0.0,709.0
1718734957.7686734,0.0,709.0
1718734957.9028351,0.0,709.0
1718734958.038453,0.0,709.0
1718734958.1706452,0.0,709.0
1718734958.301835,0.0,709.0
1718734958.4337451,0.0,709.0
1718734958.5655599,0.0,709.0
1718734958.6965392,0.0,709.0
1718734958.8316457,0.0,709.0
1718734958.9656858,0.0,709.0
1718734959.1046507,0.0,709.0
1718734959.244575,0.0,709.0
1718734959.3773203,0.0,709.0
1718734959.510512,0.0,709.0
1718734959.6423428,0.0,709.0
1718734959.7789373,0.0,709.0
1718734959.9126282,0.0,709.0
1718734960.046136,0.0,709.0
1718734960.1784647,0.0,709.0
1718734960.3103411,0.0,709.0
1718734960.439803,0.0,709.0
1718734960.5707326,0.0,709.0
1718734960.7072737,0.0,709.0
1718734960.8381567,0.0,709.0
1718734960.9673665,0.0,709.0
1718734961.0958176,0.0,709.0
1718734961.225353,0.0,709.0
1718734961.353664,0.0,709.0
1718734961.4800675,0.0,709.0
1718734961.608261,0.0,709.0
1718734961.7386363,0.0,709.0
1718734961.8671603,0.0,709.0
1718734961.9952452,0.0,709.0
1718734962.1294167,0.0,709.0
1718734962.2628822,0.0,709.0
1718734962.3935914,0.0,709.0
1718734962.5229156,0.0,709.0
1718734962.6530204,0.0,709.0
1718734962.7844167,0.0,709.0
1718734962.9182422,0.0,709.0
1718734963.0526283,0.0,709.0
1718734963.1865485,0.0,709.0
1718734963.3209176,0.0,709.0
1718734963.4526033,0.0,709.0
1718734963.5863204,0.0,709.0
1718734963.7179773,0.0,709.0
1718734963.8494337,0.0,709.0
1718734963.980189,0.0,709.0
1718734964.1149888,0.0,709.0
1718734964.2489638,0.0,709.0
1718734964.3848586,0.0,709.0
1718734964.5198202,0.0,709.0
1718734964.651717,0.0,709.0
1718734964.7871852,0.0,709.0
1718734964.9217951,0.0,709.0
1718734965.0607486,0.0,709.0
1718734965.197412,0.0,709.0
1718734965.329946,0.0,709.0
1718734965.4621599,0.0,709.0
1718734965.595822,0.0,709.0
1718734965.7315564,0.0,709.0
1718734965.8628008,0.0,709.0
1718734965.994717,0.0,709.0
1718734966.1250386,0.0,709.0
1718734966.2547514,0.0,709.0
1718734966.3870814,0.0,709.0
1718734966.5184624,0.0,709.0
1718734966.6500225,0.0,709.0
1718734966.7808316,0.0,709.0
1718734966.9118178,0.0,709.0
1718734967.044021,0.0,709.0
1718734967.1734123,0.0,709.0
1718734967.3084314,0.0,709.0
1718734967.4421227,0.0,709.0
1718734967.576774,0.0,709.0
1718734967.7128289,0.0,709.0
1718734967.8569772,0.0,709.0
1718734967.989213,0.0,709.0
1718734968.122596,0.0,709.0
1718734968.2564313,0.0,709.0
1718734968.3905835,0.0,709.0
1718734968.523818,0.0,709.0
1718734968.6570613,0.0,709.0
1718734968.7901506,0.0,709.0
1718734968.9210758,0.0,709.0
1718734969.0505815,0.0,709.0
1718734969.1805518,0.0,709.0
1718734969.3168144,0.0,709.0
1718734969.446354,0.0,709.0
1718734969.574923,0.0,709.0
1718734969.7043953,0.0,709.0
1718734969.8336542,0.0,709.0
1718734969.9626062,0.0,709.0
1718734970.0908897,0.0,709.0
1718734970.2189982,0.0,709.0
1718734970.3470197,0.0,709.0
1718734970.4810562,0.0,709.0
1718734970.6104884,0.0,709.0
1718734970.7427242,0.0,709.0
1718734970.8821821,0.0,709.0
1718734971.0464082,0.0,709.0
1718734971.2062285,0.0,709.0
1718734971.378715,0.0,709.0
1718734971.5340595,0.0,709.0
1718734971.6864097,0.0,709.0
1718734971.8269968,0.0,709.0
1718734971.9800217,0.0,709.0
1718734972.1181283,0.0,709.0
1718734972.2736435,0.0,709.0
1718734972.4166987,0.0,709.0
1718734972.5843105,0.0,709.0
1718734972.740826,0.0,709.0
1718734972.881113,0.0,709.0
1718734973.0796266,0.0,709.0
1718734973.287006,0.0,709.0
1718734973.4900792,0.0,709.0
1718734973.6641846,0.0,709.0
1718734973.855422,0.0,709.0
1718734974.033575,0.0,709.0
1718734974.192986,0.0,709.0
1718734974.3508668,0.0,709.0
1718734974.4945948,0.0,709.0
1718734974.6282706,0.0,709.0
1718734974.7630627,0.0,709.0
1718734974.8967907,0.0,709.0
1718734975.0344348,0.0,709.0
1718734975.1684058,0.0,709.0
1718734975.3021822,0.0,709.0
1718734975.437178,0.0,709.0
1718734975.6052606,0.0,709.0
1718734975.7515144,0.0,709.0
1718734975.9020302,0.0,709.0
1718734976.0571735,0.0,709.0
1718734976.2099905,0.0,709.0
1718734976.3632295,0.0,709.0
1718734976.5205467,0.0,709.0
1718734976.6670368,0.0,709.0
1718734976.8143156,0.0,709.0
1718734976.9662116,0.0,709.0
1718734977.1126304,0.0,709.0
1718734977.2756135,0.0,709.0
1718734977.430375,0.0,709.0
1718734977.617714,0.0,709.0
1718734977.8209782,0.0,709.0
1718734977.9770267,0.0,709.0
1718734978.165617,0.0,709.0
1718734978.3124797,0.0,709.0
1718734978.49384,0.0,709.0
1718734978.660669,0.0,709.0
1718734978.8141282,0.0,709.0
1718734978.976513,0.0,709.0
1718734979.1204734,0.0,709.0
1718734979.2596881,0.0,709.0
1718734979.393912,0.0,709.0
1718734979.5232918,0.0,709.0
1718734979.6579728,0.0,709.0
1718734979.7918508,0.0,709.0
1718734979.9281633,0.0,709.0
1718734980.082195,0.0,709.0
1718734980.2319574,0.0,709.0
1718734980.393211,0.0,709.0
1718734980.5657902,0.0,709.0
1718734980.7205415,0.0,709.0
1718734980.9014902,0.0,709.0
1718734981.0512462,0.0,709.0
1718734981.2048228,0.0,709.0
1718734981.3492448,0.0,709.0
1718734981.5061193,0.0,709.0
1718734981.6641364,0.0,709.0
1718734981.8264945,0.0,709.0
1718734981.9794853,0.0,709.0
1718734982.1377256,0.0,709.0
1718734982.346428,0.0,709.0
1718734982.4951212,0.0,709.0
1718734982.6845,0.0,709.0
1718734982.8255222,0.0,709.0
1718734983.0057118,0.0,709.0
1718734983.173952,0.0,709.0
1718734983.343082,0.0,709.0
1718734983.501202,0.0,709.0
1718734983.642943,0.0,709.0
1718734983.7777803,0.0,709.0
1718734983.9115756,0.0,709.0
1718734984.0446904,0.0,709.0
1718734984.177886,0.0,709.0
1718734984.3133056,0.0,709.0
1718734984.4491925,0.0,709.0
1718734984.6142888,0.0,709.0
1718734984.7646835,0.0,709.0
1718734984.9233782,0.0,709.0
1718734985.0854318,0.0,709.0
1718734985.2594876,0.0,709.0
1718734985.4190402,0.0,709.0
1718734985.5732808,0.0,709.0
1718734985.725375,0.0,709.0
1718734985.8761103,0.0,709.0
1718734986.0178998,0.0,709.0
1718734986.1667001,0.0,709.0
1718734986.3163235,0.0,709.0
1718734986.4770977,0.0,709.0
1718734986.6206582,0.0,709.0
1718734986.8070652,0.0,709.0
1718734986.9983404,0.0,709.0
1718734987.1907296,0.0,709.0
1718734987.341717,0.0,709.0
1718734987.5226073,0.0,709.0
1718734987.681483,0.0,709.0
1718734987.8358426,0.0,709.0
1718734987.9912388,0.0,709.0
1718734988.144273,0.0,709.0
1718734988.2786312,0.0,709.0
1718734988.4145374,0.0,709.0
1718734988.5473175,0.0,709.0
1718734988.6765618,0.0,709.0
1718734988.8122776,0.0,709.0
1718734988.9532695,0.0,709.0
1718734989.0864608,0.0,709.0
1718734989.2525542,0.0,709.0
1718734989.4029374,0.0,709.0
1718734989.5506072,0.0,709.0
1718734989.7072916,0.0,709.0
1718734989.8569136,0.0,709.0
1718734990.0196047,0.0,709.0
1718734990.1722581,0.0,709.0
1718734990.3184826,0.0,709.0
1718734990.4689736,0.0,709.0
1718734990.6166544,0.0,709.0
1718734990.7537262,0.0,709.0
1718734990.9271357,0.0,709.0
1718734991.0852938,0.0,709.0
1718734991.2701833,0.0,709.0
1718734991.4762678,0.0,709.0
1718734991.632494,0.0,709.0
1718734991.81644,0.0,709.0
1718734991.9930506,0.0,709.0
1718734992.1733267,0.0,709.0
1718734992.3119726,0.0,709.0
1718734992.4807112,0.0,709.0
1718734992.6229436,0.0,709.0
1718734992.7628975,0.0,709.0
1718734992.9002552,0.0,709.0
1718734993.0365872,0.0,709.0
1718734993.1683402,0.0,709.0
1718734993.3010392,0.0,709.0
1718734993.4353414,0.0,709.0
1718734993.5689726,0.0,709.0
1718734993.7367876,0.0,709.0
1718734993.887208,0.0,709.0
1718734994.065372,0.0,709.0
1718734994.2305353,0.0,709.0
1718734994.3991258,0.0,709.0
1718734994.5738845,0.0,709.0
1718734994.7239532,0.0,709.0
1718734994.8776362,0.0,709.0
1718734995.0246224,0.0,709.0
1718734995.1733608,0.0,709.0
1718734995.3237643,0.0,709.0
1718734995.4983866,0.0,709.0
1718734995.6645167,0.0,709.0
1718734995.8068483,0.0,709.0
1718734996.0057037,0.0,709.0
1718734996.184589,0.0,709.0
1718734996.3686898,0.0,709.0
1718734996.5207348,0.0,709.0
1718734996.7036774,0.0,709.0
1718734996.8785298,0.0,709.0
1718734997.0364397,0.0,709.0
1718734997.193046,0.0,709.0
1718734997.335542,0.0,709.0
1718734997.4683151,0.0,709.0
1718734997.6037564,0.0,709.0
1718734997.736273,0.0,709.0
1718734997.8669949,0.0,709.0
1718734998.000045,0.0,709.0
1718734998.1357398,0.0,709.0
1718734998.2691102,0.0,709.0
1718734998.422681,0.0,709.0
1718734998.5703974,0.0,709.0
1718734998.7413943,0.0,709.0
1718734998.9245274,0.0,709.0
1718734999.087846,0.0,709.0
1718734999.2233908,0.0,709.0
1718734999.3654451,0.0,709.0
1718734999.5142336,0.0,709.0
1718734999.6777816,0.0,709.0
1718734999.838395,0.0,709.0
1718734999.9791455,0.0,709.0
1718735000.135317,0.0,709.0
1718735000.2898974,0.0,709.0
1718735000.4901927,0.0,709.0
1718735000.6921916,0.0,709.0
1718735000.9057612,0.0,709.0
1718735001.1087275,0.0,709.0
1718735001.2919462,0.0,709.0
1718735001.4563925,0.0,709.0
1718735001.6164894,0.0,709.0
1718735001.7727203,0.0,709.0
1718735001.916118,0.0,709.0
1718735002.054314,0.0,709.0
1718735002.1888204,0.0,709.0
1718735002.3254378,0.0,709.0
1718735002.4556575,0.0,709.0
1718735002.5911262,0.0,709.0
1718735002.7271366,0.0,709.0
1718735002.8621635,0.0,709.0
1718735003.0224717,0.0,709.0
1718735003.1838477,0.0,709.0
1718735003.3533146,0.0,709.0
1718735003.5031717,0.0,709.0
1718735003.6510885,0.0,709.0
1718735003.8222036,0.0,709.0
1718735003.970678,0.0,709.0
1718735004.1140566,0.0,709.0
1718735004.2717001,0.0,709.0
1718735004.4212627,0.0,709.0
1718735004.5794446,0.0,709.0
1718735004.7478464,0.0,709.0
1718735004.9053874,0.0,709.0
1718735005.041672,0.0,709.0
1718735005.2524056,0.0,709.0
1718735005.4167519,0.0,709.0
1718735005.609512,0.0,709.0
1718735005.7558362,0.0,709.0
1718735005.9450872,0.0,709.0
1718735006.1186972,0.0,709.0
1718735006.2702086,0.0,709.0
1718735006.4304423,0.0,709.0
1718735006.5693536,0.0,709.0
1718735006.702373,0.0,709.0
1718735006.8376873,0.0,709.0
1718735006.9719276,0.0,709.0
1718735007.103759,0.0,709.0
1718735007.2348325,0.0,709.0
1718735007.376353,0.0,709.0
1718735007.5124607,0.0,709.0
1718735007.6465027,0.0,709.0
1718735007.801844,0.0,709.0
1718735007.9636986,0.0,709.0
1718735008.1053398,0.0,709.0
1718735008.2593503,0.0,709.0
1718735008.4314675,0.0,709.0
1718735008.5900798,0.0,709.0
1718735008.7408776,0.0,709.0
1718735008.905528,0.0,709.0
1718735009.047587,0.0,709.0
1718735009.2157607,0.0,709.0
1718735009.3577304,0.0,709.0
1718735009.5083408,0.0,709.0
1718735009.6633458,0.0,709.0
1718735009.8620389,0.0,709.0
1718735010.061023,0.0,709.0
1718735010.2638333,0.0,709.0
1718735010.462203,0.0,709.0
1718735010.648921,0.0,709.0
1718735010.802895,0.0,709.0
1718735010.9592724,0.0,709.0
1718735011.1087651,0.0,709.0
1718735011.258667,0.0,709.0
1718735011.3942254,0.0,709.0
1718735011.5318239,0.0,709.0
1718735011.6660106,0.0,709.0
1718735011.7951868,0.0,709.0
1718735011.9291065,0.0,709.0
1718735012.0643227,0.0,709.0
1718735012.1995153,0.0,709.0
1718735012.3572214,0.0,709.0
1718735012.5196843,0.0,709.0
1718735012.6818693,0.0,709.0
1718735012.8328052,0.0,709.0
1718735013.0168061,0.0,709.0
1718735013.1728218,0.0,709.0
1718735013.320033,0.0,709.0
1718735013.4756267,0.0,709.0
1718735013.6405704,0.0,709.0
1718735013.8136604,0.0,709.0
1718735013.9793804,0.0,709.0
1718735014.1354864,0.0,709.0
1718735014.280616,0.0,709.0
1718735014.4797544,0.0,709.0
1718735014.6824615,0.0,709.0
1718735014.8859673,0.0,709.0
1718735015.0555916,0.0,709.0
1718735015.2133756,0.0,709.0
1718735015.384123,0.0,709.0
1718735015.5277386,0.0,709.0
1718735015.6760514,0.0,709.0
1718735015.8266199,0.0,709.0
1718735015.9614942,0.0,709.0
1718735016.095821,0.0,709.0
1718735016.2309716,0.0,709.0
1718735016.3620827,0.0,709.0
1718735016.4966736,0.0,709.0
1718735016.6301625,0.0,709.0
1718735016.7653608,0.0,709.0
1718735016.9175143,0.0,709.0
1718735017.0850184,0.0,709.0
1718735017.2470934,0.0,709.0
1718735017.3982594,0.0,709.0
1718735017.554757,0.0,709.0
1718735017.7270243,0.0,709.0
1718735017.890753,0.0,709.0
1718735018.0323772,0.0,709.0
1718735018.1994517,0.0,709.0
1718735018.3507707,0.0,709.0
1718735018.56084,0.0,709.0
1718735018.758483,0.0,709.0
1718735018.9168875,0.0,709.0
1718735019.120469,0.0,709.0
1718735019.3141391,0.0,709.0
1718735019.4672651,0.0,709.0
1718735019.6808856,0.0,709.0
1718735019.8342907,0.0,709.0
1718735019.9948788,0.0,709.0
1718735020.1408136,0.0,709.0
1718735020.2834666,0.0,709.0
1718735020.4173117,0.0,709.0
1718735020.5521364,0.0,709.0
1718735020.6863108,0.0,709.0
1718735020.818652,0.0,709.0
1718735020.9540913,0.0,709.0
1718735021.0901883,0.0,709.0
1718735021.2633328,0.0,709.0
1718735021.4271352,0.0,709.0
1718735021.573928,0.0,709.0
1718735021.7286153,0.0,709.0
1718735021.874762,0.0,709.0
1718735022.068089,0.0,709.0
1718735022.2094576,0.0,709.0
1718735022.3685856,0.0,709.0
1718735022.5123127,0.0,709.0
1718735022.667591,0.0,709.0
1718735022.8343549,0.0,709.0
1718735022.9990702,0.0,709.0
1718735023.149737,0.0,709.0
1718735023.288525,0.0,709.0
1718735023.4906063,0.0,709.0
1718735023.6900973,0.0,709.0
1718735023.8752825,0.0,709.0
1718735024.0398338,0.0,709.0
1718735024.2524736,0.0,709.0
1718735024.4056926,0.0,709.0
1718735024.574211,0.0,709.0
1718735024.7187986,0.0,709.0
1718735024.8619742,0.0,709.0
1718735024.998018,0.0,709.0
1718735025.1320436,0.0,709.0
1718735025.265815,0.0,709.0
1718735025.3954933,0.0,709.0
1718735025.5298686,0.0,709.0
1718735025.6706805,0.0,709.0
1718735025.853476,0.0,709.0
1718735026.009484,0.0,709.0
1718735026.1690834,0.0,709.0
1718735026.316887,0.0,709.0
1718735026.478762,0.0,709.0
1718735026.6534622,0.0,709.0
1718735026.791594,0.0,709.0
1718735026.936636,0.0,709.0
1718735027.0952423,0.0,709.0
1718735027.2412455,0.0,709.0
1718735027.3962526,0.0,709.0
1718735027.5397198,0.0,709.0
1718735027.6944494,0.0,709.0
1718735027.8375134,0.0,709.0
1718735028.0320554,0.0,709.0
1718735028.237825,0.0,709.0
1718735028.4345732,0.0,709.0
1718735028.635566,0.0,709.0
1718735028.820033,0.0,709.0
1718735028.9738634,0.0,709.0
1718735029.1227846,0.0,709.0
1718735029.2841902,0.0,709.0
1718735029.4432528,0.0,709.0
1718735029.5842655,0.0,709.0
1718735029.718977,0.0,709.0
1718735029.8529696,0.0,709.0
1718735029.9868631,0.0,709.0
1718735030.1157663,0.0,709.0
1718735030.2495952,0.0,709.0
1718735030.3842692,0.0,709.0
1718735030.517879,0.0,709.0
1718735030.6738553,0.0,709.0
1718735030.826855,0.0,709.0
1718735030.9768906,0.0,709.0
1718735031.1391337,0.0,709.0
1718735031.3010101,0.0,709.0
1718735031.4652877,0.0,709.0
1718735031.601466,0.0,709.0
1718735031.769682,0.0,709.0
1718735031.9134774,0.0,709.0
1718735032.0613232,0.0,709.0
1718735032.2097514,0.0,709.0
1718735032.3852406,0.0,709.0
1718735032.5376122,0.0,709.0
1718735032.6788669,0.0,709.0
1718735032.869074,0.0,709.0
1718735033.0566287,0.0,709.0
1718735033.2407486,0.0,709.0
1718735033.393065,0.0,709.0
1718735033.576264,0.0,709.0
1718735033.7517598,0.0,709.0
1718735033.9342644,0.0,709.0
1718735034.1102962,0.0,709.0
1718735034.2463486,0.0,709.0
1718735034.3799589,0.0,709.0
1718735034.5137508,0.0,709.0
1718735034.6476061,0.0,709.0
1718735034.7773201,0.0,709.0
1718735034.9118185,0.0,709.0
1718735035.0453641,0.0,709.0
1718735035.18084,0.0,709.0
1718735035.3509383,0.0,709.0
1718735035.5235295,0.0,709.0
1718735035.6701014,0.0,709.0
1718735035.8180122,0.0,709.0
1718735035.9861171,0.0,709.0
1718735036.1240199,0.0,709.0
1718735036.286549,0.0,709.0
1718735036.4329019,0.0,709.0
1718735036.5961893,0.0,709.0
1718735036.7701795,0.0,709.0
1718735036.9241877,0.0,709.0
1718735037.0778942,0.0,709.0
1718735037.222358,0.0,709.0
1718735037.4053004,0.0,709.0
1718735037.5977988,0.0,709.0
1718735037.777764,0.0,709.0
1718735037.9809663,0.0,709.0
1718735038.1844978,0.0,709.0
1718735038.3604453,0.0,709.0
1718735038.5122292,0.0,709.0
1718735038.6601205,0.0,709.0
1718735038.8080862,0.0,709.0
1718735038.943803,0.0,709.0
1718735039.0804095,0.0,709.0
1718735039.2143583,0.0,709.0
1718735039.346153,0.0,709.0
1718735039.4825933,0.0,709.0
1718735039.6193357,0.0,709.0
1718735039.7569306,0.0,709.0
1718735039.918798,0.0,709.0
1718735040.0873857,0.0,709.0
1718735040.2464814,0.0,709.0
1718735040.411244,0.0,709.0
1718735040.568834,0.0,709.0
1718735040.7188246,0.0,709.0
1718735040.8808975,0.0,709.0
1718735041.0331352,0.0,709.0
1718735041.1879992,0.0,709.0
1718735041.3439827,0.0,709.0
1718735041.4958224,0.0,709.0
1718735041.6450183,0.0,709.0
1718735041.786909,0.0,709.0
1718735041.98158,0.0,709.0
1718735042.1912196,0.0,709.0
1718735042.393597,0.0,709.0
1718735042.5805953,0.0,709.0
1718735042.78019,0.0,709.0
1718735042.956497,0.0,709.0
1718735043.1157117,0.0,709.0
1718735043.2755547,0.0,709.0
1718735043.4129298,0.0,709.0
1718735043.5471194,0.0,709.0
1718735043.6828926,0.0,709.0
1718735043.8230114,0.0,709.0
1718735043.961381,0.0,709.0
1718735044.0973682,0.0,709.0
1718735044.2313464,0.0,709.0
1718735044.4048145,0.0,709.0
1718735044.5578983,0.0,709.0
1718735044.6994462,0.0,709.0
1718735044.8501608,0.0,709.0
1718735045.008067,0.0,709.0
1718735045.1847308,0.0,709.0
1718735045.3223608,0.0,709.0
1718735045.4726415,0.0,709.0
1718735045.6125615,0.0,709.0
1718735045.7567713,0.0,709.0
1718735045.9212918,0.0,709.0
1718735046.0800974,0.0,709.0
1718735046.2350066,0.0,709.0
1718735046.3800995,0.0,709.0
1718735046.5799446,0.0,709.0
1718735046.7931638,0.0,709.0
1718735046.997978,0.0,709.0
1718735047.1647735,0.0,709.0
1718735047.3474002,0.0,709.0
1718735047.510704,0.0,709.0
1718735047.658731,0.0,709.0
1718735047.81179,0.0,709.0
1718735047.963129,0.0,709.0
1718735048.108447,0.0,709.0
1718735048.2439725,0.0,709.0
1718735048.3755536,0.0,709.0
1718735048.510261,0.0,709.0
1718735048.6443048,0.0,709.0
1718735048.7822256,0.0,709.0
1718735048.9539015,0.0,709.0
1718735049.1426356,0.0,709.0
1718735049.2828498,0.0,709.0
1718735049.4580138,0.0,709.0
1718735049.6202042,0.0,709.0
1718735049.7589977,0.0,709.0
1718735049.914552,0.0,709.0
1718735050.05455,0.0,709.0
1718735050.2050683,0.0,709.0
1718735050.365819,0.0,709.0
1718735050.5184934,0.0,709.0
1718735050.6806183,0.0,709.0
1718735050.8325973,0.0,709.0
1718735051.0335813,0.0,709.0
1718735051.2345538,0.0,709.0
1718735051.4226727,0.0,709.0
1718735051.612679,0.0,709.0
1718735051.7929058,0.0,709.0
1718735051.9424005,0.0,709.0
1718735052.0979896,0.0,709.0
1718735052.244587,0.0,709.0
1718735052.4041445,0.0,709.0
1718735052.5375886,0.0,709.0
1718735052.6743722,0.0,709.0
1718735052.8109026,0.0,709.0
1718735052.9423647,0.0,709.0
1718735053.072434,0.0,709.0
1718735053.2081232,0.0,709.0
1718735053.3433602,0.0,709.0
1718735053.520669,0.0,709.0
1718735053.674343,0.0,709.0
1718735053.8425927,0.0,709.0
1718735054.0044618,0.0,709.0
1718735054.1560762,0.0,709.0
1718735054.3327718,0.0,709.0
1718735054.4793224,0.0,709.0
1718735054.6420066,0.0,709.0
1718735054.806729,0.0,709.0
1718735054.9512224,0.0,709.0
1718735055.1196766,0.0,709.0
1718735055.3205853,0.0,709.0
1718735055.5303495,0.0,709.0
1718735055.679073,0.0,709.0
1718735055.8829489,0.0,709.0
1718735056.0506773,0.0,709.0
1718735056.2453878,0.0,709.0
1718735056.4005628,0.0,709.0
1718735056.5425503,0.0,709.0
1718735056.7039816,0.0,709.0
1718735056.8593066,0.0,709.0
1718735056.9937255,0.0,709.0
1718735057.1308055,0.0,709.0
1718735057.2644167,0.0,709.0
1718735057.3935468,0.0,709.0
1718735057.5286534,0.0,709.0
1718735057.6608872,0.0,709.0
1718735057.8129175,0.0,709.0
1718735057.9864078,0.0,709.0
1718735058.1346538,0.0,709.0
1718735058.2802882,0.0,709.0
1718735058.441533,0.0,709.0
1718735058.5924234,0.0,709.0
1718735058.7747083,0.0,709.0
1718735058.9105604,0.0,709.0
1718735059.0742195,0.0,709.0
1718735059.2165892,0.0,709.0
1718735059.3573933,0.0,709.0
1718735059.51947,0.0,709.0
1718735059.7074933,0.0,709.0
1718735059.8929548,0.0,709.0
1718735060.0407534,0.0,709.0
1718735060.2408152,0.0,709.0
1718735060.4044683,0.0,709.0
1718735060.5651634,0.0,709.0
1718735060.7659233,0.0,709.0
1718735060.9432755,0.0,709.0
1718735061.100632,0.0,709.0
1718735061.2486439,0.0,709.0
1718735061.3949943,0.0,709.0
1718735061.5283828,0.0,709.0
1718735061.663823,0.0,709.0
1718735061.79712,0.0,709.0
1718735061.927069,0.0,709.0
1718735062.0558262,0.0,709.0
1718735062.1928897,0.0,709.0
1718735062.3274689,0.0,709.0
1718735062.488291,0.0,709.0
1718735062.639551,0.0,709.0
1718735062.8135388,0.0,709.0
1718735062.9823377,0.0,709.0
1718735063.1444204,0.0,709.0
1718735063.3023841,0.0,709.0
1718735063.474278,0.0,709.0
1718735063.6203227,0.0,709.0
1718735063.764575,0.0,709.0
1718735063.914256,0.0,709.0
1718735064.0645607,0.0,709.0
1718735064.2305505,0.0,709.0
1718735064.381483,0.0,709.0
1718735064.585216,0.0,709.0
1718735064.7738574,0.0,709.0
1718735064.9638283,0.0,709.0
1718735065.154282,0.0,709.0
1718735065.3505244,0.0,709.0
1718735065.5170743,0.0,709.0
1718735065.669959,0.0,709.0
1718735065.831802,0.0,709.0
1718735065.985179,0.0,709.0
1718735066.1236856,0.0,709.0
1718735066.257757,0.0,709.0
1718735066.3950438,0.0,709.0
1718735066.5278285,0.0,709.0
1718735066.6639621,0.0,709.0
1718735066.800152,0.0,709.0
1718735066.9594734,0.0,709.0
1718735067.1197846,0.0,709.0
1718735067.278734,0.0,709.0
1718735067.4483821,0.0,709.0
1718735067.620049,0.0,709.0
1718735067.7775989,0.0,709.0
1718735067.9335895,0.0,709.0
1718735068.0779269,0.0,709.0
1718735068.2270033,0.0,709.0
1718735068.3952212,0.0,709.0
1718735068.5434923,0.0,709.0
1718735068.6928222,0.0,709.0
1718735068.8502448,0.0,709.0
1718735069.050544,0.0,709.0
1718735069.2562053,0.0,709.0
1718735069.441618,0.0,709.0
1718735069.6296825,0.0,709.0
1718735069.8171282,0.0,709.0
1718735069.9652758,0.0,709.0
1718735070.1245093,0.0,709.0
1718735070.2949731,0.0,709.0
1718735070.460883,0.0,709.0
1718735070.5958183,0.0,709.0
1718735070.7314458,0.0,709.0
1718735070.8669932,0.0,709.0
1718735070.9988236,0.0,709.0
1718735071.1346211,0.0,709.0
1718735071.2711062,0.0,709.0
1718735071.4299788,0.0,709.0
1718735071.5830789,0.0,709.0
1718735071.7520165,0.0,709.0
1718735071.9145072,0.0,709.0
1718735072.074219,0.0,709.0
1718735072.238267,0.0,709.0
1718735072.3843496,0.0,709.0
1718735072.5356233,0.0,709.0
1718735072.6812894,0.0,709.0
1718735072.8367434,0.0,709.0
1718735072.9938686,0.0,709.0
1718735073.1643763,0.0,709.0
1718735073.3179061,0.0,709.0
1718735073.4585843,0.0,709.0
1718735073.6330512,0.0,709.0
1718735073.8297198,0.0,709.0
1718735074.0148315,0.0,709.0
1718735074.2143292,0.0,709.0
1718735074.4004889,0.0,709.0
1718735074.588734,0.0,709.0
1718735074.7633579,0.0,709.0
1718735074.9218476,0.0,709.0
1718735075.0661511,0.0,709.0
1718735075.2036564,0.0,709.0
1718735075.3386793,0.0,709.0
1718735075.4693654,0.0,709.0
1718735075.6030958,0.0,709.0
1718735075.7373466,0.0,709.0
1718735075.8732479,0.0,709.0
1718735076.0173602,0.0,709.0
1718735076.1655195,0.0,709.0
1718735076.3406432,0.0,709.0
1718735076.4927454,0.0,709.0
1718735076.656119,0.0,709.0
1718735076.8206034,0.0,709.0
1718735076.9638388,0.0,709.0
1718735077.1297393,0.0,709.0
1718735077.2712133,0.0,709.0
1718735077.4152942,0.0,709.0
1718735077.5816216,0.0,709.0
1718735077.748356,0.0,709.0
1718735077.9042084,0.0,709.0
1718735078.0685146,0.0,709.0
1718735078.2758331,0.0,709.0
1718735078.438038,0.0,709.0
1718735078.6208017,0.0,709.0
1718735078.7701137,0.0,709.0
1718735078.9521086,0.0,709.0
1718735079.1270075,0.0,709.0
1718735079.2921672,0.0,709.0
1718735079.4474485,0.0,709.0
1718735079.585862,0.0,709.0
1718735079.721773,0.0,709.0
1718735079.8563924,0.0,709.0
1718735079.9886293,0.0,709.0
1718735080.117089,0.0,709.0
1718735080.2553642,0.0,709.0
1718735080.3967555,0.0,709.0
1718735080.5568159,0.0,709.0
1718735080.7396727,0.0,709.0
1718735080.889216,0.0,709.0
1718735081.062106,0.0,709.0
1718735081.2166948,0.0,709.0
1718735081.3801565,0.0,709.0
1718735081.5207639,0.0,709.0
1718735081.6865475,0.0,709.0
1718735081.8264635,0.0,709.0
1718735081.9759557,0.0,709.0
1718735082.118812,0.0,709.0
1718735082.2637587,0.0,709.0
1718735082.430387,0.0,709.0
1718735082.5705845,0.0,709.0
1718735082.7719615,0.0,709.0
1718735082.980449,0.0,709.0
1718735083.1620734,0.0,709.0
1718735083.366418,0.0,709.0
1718735083.5620096,0.0,709.0
1718735083.7163038,0.0,709.0
1718735083.8577058,0.0,709.0
1718735084.0135093,0.0,709.0
1718735084.1573575,0.0,709.0
1718735084.2995348,0.0,709.0
1718735084.4391675,0.0,709.0
1718735084.5721316,0.0,709.0
1718735084.7193365,0.0,709.0
1718735084.8587246,0.0,709.0
1718735084.9991815,0.0,709.0
1718735085.1607242,0.0,709.0
1718735085.3327208,0.0,709.0
1718735085.4977307,0.0,709.0
1718735085.6495247,0.0,709.0
1718735085.8064334,0.0,709.0
1718735085.9453495,0.0,709.0
1718735086.0919461,0.0,709.0
1718735086.2490752,0.0,709.0
1718735086.400654,0.0,709.0
1718735086.539004,0.0,709.0
1718735086.6883435,0.0,709.0
1718735086.8390727,0.0,709.0
1718735086.9962049,0.0,709.0
1718735087.1468678,0.0,709.0
1718735087.3545458,0.0,709.0
1718735087.5433714,0.0,709.0
1718735087.7242987,0.0,709.0
1718735087.9741378,0.0,709.0
1718735088.1546173,0.0,709.0
1718735088.3048463,0.0,709.0
1718735088.4704895,0.0,709.0
1718735088.6393995,0.0,709.0
1718735088.7734869,0.0,709.0
1718735088.9093049,0.0,709.0
1718735089.0453591,0.0,709.0
1718735089.1770558,0.0,709.0
1718735089.307079,0.0,709.0
1718735089.441428,0.0,709.0
1718735089.5758414,0.0,709.0
1718735089.7560532,0.0,709.0
1718735089.9045894,0.0,709.0
1718735090.0543048,0.0,709.0
1718735090.204432,0.0,709.0
1718735090.3566604,0.0,709.0
1718735090.5347648,0.0,709.0
1718735090.6744635,0.0,709.0
1718735090.817512,0.0,709.0
1718735090.9628086,0.0,709.0
1718735091.109341,0.0,709.0
1718735091.2659533,0.0,709.0
1718735091.432159,0.0,709.0
1718735091.597727,0.0,709.0
1718735091.7419171,0.0,709.0
1718735091.9348452,0.0,709.0
1718735092.1212182,0.0,709.0
1718735092.3056955,0.0,709.0
1718735092.5007632,0.0,709.0
1718735092.7091055,0.0,709.0
1718735092.8808675,0.0,709.0
1718735093.0428064,0.0,709.0
1718735093.2101383,0.0,709.0
1718735093.3457615,0.0,709.0
1718735093.4805617,0.0,709.0
1718735093.6139007,0.0,709.0
1718735093.7430863,0.0,709.0
1718735093.88123,0.0,709.0
1718735094.0147476,0.0,709.0
1718735094.1499462,0.0,709.0
1718735094.2998497,0.0,709.0
1718735094.4782765,0.0,709.0
1718735094.6433146,0.0,709.0
1718735094.791591,0.0,709.0
1718735094.9519715,0.0,709.0
1718735095.0986683,0.0,709.0
1718735095.255129,0.0,709.0
1718735095.4070911,0.0,709.0
1718735095.559763,0.0,709.0
1718735095.723848,0.0,709.0
1718735095.9113004,0.0,709.0
1718735096.0618916,0.0,709.0
1718735096.2158434,0.0,709.0
1718735096.4173632,0.0,709.0
1718735096.6038337,0.0,709.0
1718735096.8022556,0.0,709.0
1718735097.00916,0.0,709.0
1718735097.203841,0.0,709.0
1718735097.392417,0.0,709.0
1718735097.5568423,0.0,709.0
1718735097.709212,0.0,709.0
1718735097.855017,0.0,709.0
1718735097.9883249,0.0,709.0
1718735098.1254532,0.0,709.0
1718735098.2600286,0.0,709.0
1718735098.3889742,0.0,709.0
1718735098.5157237,0.0,709.0
1718735098.6534424,0.0,709.0
1718735098.7871444,0.0,709.0
1718735098.9245553,0.0,709.0
1718735099.072386,0.0,709.0
1718735099.2241912,0.0,709.0
1718735099.3801346,0.0,709.0
1718735099.5507514,0.0,709.0
1718735099.721162,0.0,709.0
1718735099.859715,0.0,709.0
1718735100.0257812,0.0,709.0
1718735100.1658463,0.0,709.0
1718735100.3192017,0.0,709.0
1718735100.49403,0.0,709.0
1718735100.6380792,0.0,709.0
1718735100.7944078,0.0,709.0
1718735100.9393575,0.0,709.0
1718735101.1396072,0.0,709.0
1718735101.3495753,0.0,709.0
1718735101.551613,0.0,709.0
1718735101.7377353,0.0,709.0
1718735101.9217122,0.0,709.0
1718735102.0952504,0.0,709.0
1718735102.2392962,0.0,709.0
1718735102.3989317,0.0,709.0
1718735102.5526054,0.0,709.0
1718735102.6881485,0.0,709.0
1718735102.82547,0.0,709.0
1718735102.9603307,0.0,709.0
1718735103.0904677,0.0,709.0
1718735103.2184997,0.0,709.0
1718735103.3539946,0.0,709.0
1718735103.4881546,0.0,709.0
1718735103.6222367,0.0,709.0
1718735103.7667267,0.0,709.0
1718735103.9314463,0.0,709.0
1718735104.0821853,0.0,709.0
1718735104.2453442,0.0,709.0
1718735104.4110992,0.0,709.0
1718735104.55274,0.0,709.0
1718735104.6971292,0.0,709.0
1718735104.8444886,0.0,709.0
1718735104.986275,0.0,709.0
1718735105.1280074,0.0,709.0
1718735105.299327,0.0,709.0
1718735105.4658055,0.0,709.0
1718735105.6054628,0.0,709.0
1718735105.7856421,0.0,709.0
1718735105.9252973,0.0,709.0
1718735106.1438317,0.0,709.0
1718735106.3408122,0.0,709.0
1718735106.5281868,0.0,709.0
1718735106.6879458,0.0,709.0
1718735106.8716977,0.0,709.0
1718735107.0303612,0.0,709.0
1718735107.2055008,0.0,709.0
1718735107.3581388,0.0,709.0
1718735107.499681,0.0,709.0
1718735107.6334422,0.0,709.0
1718735107.7690768,0.0,709.0
1718735107.9024534,0.0,709.0
1718735108.0327623,0.0,709.0
1718735108.1671782,0.0,709.0
1718735108.3046334,0.0,709.0
1718735108.4674733,0.0,709.0
1718735108.6164808,0.0,709.0
1718735108.7798488,0.0,709.0
1718735108.940519,0.0,709.0
1718735109.0907664,0.0,709.0
1718735109.256959,0.0,709.0
1718735109.3961055,0.0,709.0
1718735109.5416138,0.0,709.0
1718735109.6820362,0.0,709.0
1718735109.8334446,0.0,709.0
1718735109.9837918,0.0,709.0
1718735110.1667247,0.0,709.0
1718735110.3177752,0.0,709.0
1718735110.4589527,0.0,709.0
1718735110.6601145,0.0,709.0
1718735110.8753457,0.0,709.0
1718735111.0849285,0.0,709.0
1718735111.2208245,0.0,709.0
1718735111.4076643,0.0,709.0
1718735111.5726752,0.0,709.0
1718735111.7305577,0.0,709.0
1718735111.8808177,0.0,709.0
1718735112.0211601,0.0,709.0
1718735112.155685,0.0,709.0
1718735112.291821,0.0,709.0
1718735112.4244087,0.0,709.0
1718735112.558807,0.0,709.0
1718735112.694656,0.0,709.0
1718735112.8332765,0.0,709.0
1718735112.9881334,0.0,709.0
1718735113.143238,0.0,709.0
1718735113.3043826,0.0,709.0
1718735113.4583647,0.0,709.0
1718735113.6106746,0.0,709.0
1718735113.8279965,0.0,709.0
1718735113.9846473,0.0,709.0
1718735114.1359878,0.0,709.0
1718735114.2923281,0.0,709.0
1718735114.4782133,0.0,709.0
1718735114.6312492,0.0,709.0
1718735114.7797203,0.0,709.0
1718735114.9307718,0.0,709.0
1718735115.1328166,0.0,709.0
1718735115.33465,0.0,709.0
1718735115.5200138,0.0,709.0
1718735115.726319,0.0,709.0
1718735115.9097602,0.0,709.0
1718735116.05968,0.0,709.0
1718735116.2001393,0.0,709.0
1718735116.3638477,0.0,709.0
1718735116.5124235,0.0,709.0
1718735116.6468499,0.0,709.0
1718735116.7828157,0.0,709.0
1718735116.9196804,0.0,709.0
1718735117.0552912,0.0,709.0
1718735117.192086,0.0,709.0
1718735117.325792,0.0,709.0
1718735117.460196,0.0,709.0
1718735117.615243,0.0,709.0
1718735117.7645428,0.0,709.0
1718735117.9017222,0.0,709.0
1718735118.0612686,0.0,709.0
1718735118.2186224,0.0,709.0
1718735118.3865788,0.0,709.0
1718735118.5308309,0.0,709.0
1718735118.6902683,0.0,709.0
1718735118.8318372,0.0,709.0
1718735118.9852383,0.0,709.0
1718735119.1490285,0.0,709.0
1718735119.3080673,0.0,709.0
1718735119.4576128,0.0,709.0
1718735119.598617,0.0,709.0
1718735119.797592,0.0,709.0
1718735120.0005817,0.0,709.0
1718735120.1842332,0.0,709.0
1718735120.3695815,0.0,709.0
1718735120.5536191,0.0,709.0
1718735120.7308114,0.0,709.0
1718735120.8962939,0.0,709.0
1718735121.0567856,0.0,709.0
1718735121.196573,0.0,709.0
1718735121.3369598,0.0,709.0
1718735121.4706929,0.0,709.0
1718735121.603364,0.0,709.0
1718735121.732071,0.0,709.0
1718735121.8676603,0.0,709.0
1718735122.0007608,0.0,709.0
1718735122.1367054,0.0,709.0
1718735122.306333,0.0,709.0
1718735122.4655647,0.0,709.0
1718735122.6296375,0.0,709.0
1718735122.780387,0.0,709.0
1718735122.9454236,0.0,709.0
1718735123.0890217,0.0,709.0
1718735123.2297213,0.0,709.0
1718735123.3783736,0.0,709.0
1718735123.5355065,0.0,709.0
1718735123.6896257,0.0,709.0
1718735123.8446574,0.0,709.0
1718735124.0022233,0.0,709.0
1718735124.1632154,0.0,709.0
1718735124.3218699,0.0,709.0
1718735124.5163033,0.0,709.0
1718735124.6824505,0.0,709.0
1718735124.8645256,0.0,709.0
1718735125.013498,0.0,709.0
1718735125.2009683,0.0,709.0
1718735125.3603399,0.0,709.0
1718735125.5110402,0.0,709.0
1718735125.6742551,0.0,709.0
1718735125.817894,0.0,709.0
1718735125.9550273,0.0,709.0
1718735126.0952058,0.0,709.0
1718735126.2308052,0.0,709.0
1718735126.3604016,0.0,709.0
1718735126.4916956,0.0,709.0
1718735126.6334412,0.0,709.0
1718735126.7951856,0.0,709.0
1718735126.9599779,0.0,709.0
1718735127.1260808,0.0,709.0
1718735127.279104,0.0,709.0
1718735127.4465585,0.0,709.0
1718735127.615529,0.0,709.0
1718735127.7837043,0.0,709.0
1718735127.946254,0.0,709.0
1718735128.1319623,0.0,1553.0
1718735128.3002906,27.0,5497.0
1718735128.4753346,27.0,16755.0
1718735128.6418242,86.0,16763.0
1718735128.8024452,53.0,22935.0
1718735128.9685154,45.0,22935.0
1718735129.1720273,100.0,22935.0
1718735129.3856163,100.0,22935.0
1718735129.6088574,93.0,22941.0
1718735129.813727,76.0,22943.0
1718735130.0218854,0.0,22943.0
1718735130.2220418,0.0,22943.0
1718735130.406208,81.0,22945.0
1718735130.576401,99.0,22945.0
1718735130.7295125,100.0,22945.0
1718735130.8804886,100.0,22945.0
1718735131.026857,100.0,22945.0
1718735131.1691206,100.0,22945.0
1718735131.317,100.0,22945.0
1718735131.4634259,100.0,22945.0
1718735131.6499496,81.0,22945.0
1718735131.8157,47.0,22945.0
1718735131.998567,100.0,22945.0
1718735132.174289,99.0,22945.0
1718735132.355378,100.0,22945.0
1718735132.5758266,100.0,22945.0
1718735132.7410264,100.0,22945.0
1718735132.901198,100.0,22945.0
1718735133.08093,16.0,22945.0
1718735133.255259,88.0,22945.0
1718735133.4191287,99.0,22945.0
1718735133.6107576,99.0,22945.0
1718735133.7774506,100.0,22945.0
1718735134.018167,100.0,22945.0
1718735134.2324522,100.0,22945.0
1718735134.4508321,72.0,22945.0
1718735134.6175497,22.0,22945.0
1718735134.8302462,22.0,22945.0
1718735135.0060682,100.0,22945.0
1718735135.220316,99.0,22945.0
1718735135.4018316,100.0,22945.0
1718735135.555115,100.0,22945.0
1718735135.7054904,100.0,22945.0
1718735135.8538299,100.0,22945.0
1718735136.0055094,100.0,22945.0
1718735136.16443,43.0,22945.0
1718735136.3117764,92.0,22945.0
1718735136.5102465,98.0,22945.0
1718735136.6901314,98.0,22945.0
1718735136.8641546,100.0,22945.0
1718735137.046671,100.0,22945.0
1718735137.2492719,100.0,22945.0
1718735137.405784,100.0,22945.0
1718735137.5723417,68.0,22945.0
1718735137.7364519,55.0,22945.0
1718735137.9130576,55.0,22945.0
1718735138.073763,99.0,22945.0
1718735138.2681987,100.0,22945.0
1718735138.4404995,100.0,22945.0
1718735138.6029575,100.0,22945.0
1718735138.8369021,100.0,22945.0
1718735139.0440958,7.0,22945.0
1718735139.2735193,65.0,22945.0
1718735139.4906793,99.0,22945.0
1718735139.646616,99.0,22945.0
1718735139.8122354,100.0,22945.0
1718735139.987309,100.0,22945.0
1718735140.155362,100.0,22945.0
1718735140.3143437,100.0,22945.0
1718735140.464423,100.0,22945.0
1718735140.6125908,98.0,22945.0
1718735140.7588754,53.0,22945.0
1718735140.9119718,53.0,22945.0
1718735141.0604289,99.0,22945.0
1718735141.2517607,100.0,22945.0
1718735141.4334323,100.0,22945.0
1718735141.6173036,100.0,22945.0
1718735141.7975268,100.0,22945.0
1718735141.9710858,100.0,22945.0
1718735142.1624765,18.0,22945.0
1718735142.339837,18.0,22945.0
1718735142.5008333,100.0,22945.0
1718735142.6622229,99.0,22945.0
1718735142.8464863,100.0,22945.0
1718735143.02924,100.0,22945.0
1718735143.19674,100.0,22945.0
1718735143.359595,100.0,22945.0
1718735143.6098373,51.0,22945.0
1718735143.796851,34.0,22945.0
1718735144.0218394,100.0,22945.0
1718735144.2437336,99.0,22945.0
1718735144.407833,100.0,22945.0
1718735144.598694,100.0,22945.0
1718735144.7848914,100.0,22945.0
1718735144.9678295,100.0,22945.0
1718735145.1178844,100.0,22945.0
1718735145.2722719,37.0,22945.0
1718735145.4214525,100.0,22945.0
1718735145.5682967,99.0,22945.0
1718735145.7199714,99.0,22945.0
1718735145.8682525,100.0,22945.0
1718735146.0642047,100.0,22945.0
1718735146.2355747,100.0,22945.0
1718735146.423165,100.0,22945.0
1718735146.6042764,51.0,22945.0
1718735146.7918196,59.0,22945.0
1718735146.9772427,99.0,22945.0
1718735147.1417546,100.0,22945.0
1718735147.3144197,100.0,22945.0
1718735147.480413,100.0,22945.0
1718735147.6699092,100.0,22945.0
1718735147.856089,100.0,22945.0
1718735148.0390608,100.0,22945.0
1718735148.194763,16.0,22945.0
1718735148.4318364,100.0,22945.0
1718735148.6548185,99.0,22945.0
1718735148.8703809,100.0,22945.0
1718735149.033108,100.0,22945.0
1718735149.2540953,100.0,22945.0
1718735149.4212604,100.0,22945.0
1718735149.594056,47.0,22945.0
1718735149.7897246,67.0,22945.0
1718735149.937268,67.0,22945.0
1718735150.0906708,99.0,22945.0
1718735150.2393293,100.0,22945.0
1718735150.3796852,100.0,22945.0
1718735150.5262,100.0,22945.0
1718735150.6713507,100.0,22945.0
1718735150.8408477,100.0,22945.0
1718735151.0338755,95.0,22945.0
1718735151.2161217,15.0,22945.0
1718735151.398893,100.0,22945.0
1718735151.5680778,100.0,22945.0
1718735151.756507,98.0,22945.0
1718735151.9485798,100.0,22945.0
1718735152.1012566,100.0,22945.0
1718735152.2789214,100.0,22945.0
1718735152.4549074,100.0,22945.0
1718735152.6177487,45.0,22945.0
1718735152.7962072,47.0,22945.0
1718735152.9573019,100.0,22945.0
1718735153.1908233,98.0,22945.0
1718735153.4363036,100.0,22945.0
1718735153.6817634,100.0,22945.0
1718735153.851579,100.0,22945.0
1718735154.0642517,100.0,22945.0
1718735154.237031,25.0,22945.0
1718735154.4222627,100.0,22945.0
1718735154.604427,98.0,22945.0
1718735154.7511482,98.0,22945.0
1718735154.9047413,100.0,22945.0
1718735155.0537205,100.0,22945.0
1718735155.1976843,100.0,22945.0
1718735155.3450358,100.0,22945.0
1718735155.4904249,100.0,22945.0
1718735155.6601877,52.0,22945.0
1718735155.8662255,52.0,22945.0
1718735156.0596862,99.0,22945.0
1718735156.2396798,100.0,22945.0
1718735156.431873,100.0,22945.0
1718735156.582116,100.0,22945.0
1718735156.7671676,100.0,22945.0
1718735156.9273446,100.0,22945.0
1718735157.0896327,100.0,22945.0
1718735157.2795658,15.0,22945.0
1718735157.4688852,100.0,22945.0
1718735157.6599443,94.0,22945.0
1718735157.8925993,100.0,22945.0
1718735158.1243458,100.0,22945.0
1718735158.3404613,100.0,22945.0
1718735158.545105,61.0,22945.0
1718735158.7820694,40.0,22945.0
1718735158.9436355,40.0,22945.0
1718735159.1244488,100.0,22945.0
1718735159.2942393,99.0,22945.0
1718735159.4458394,100.0,22945.0
1718735159.5988941,100.0,22945.0
1718735159.7459984,100.0,22945.0
1718735159.8878279,100.0,22945.0
1718735160.0364757,100.0,22945.0
1718735160.1821177,100.0,22945.0
1718735160.3554277,37.0,22945.0
1718735160.5317197,100.0,22945.0
1718735160.7329879,99.0,22945.0
1718735160.9131384,100.0,22945.0
1718735161.085449,100.0,22945.0
1718735161.2520373,100.0,22945.0
1718735161.4411662,100.0,22945.0
1718735161.6020272,100.0,22945.0
1718735161.7693844,47.0,22945.0
1718735161.9827778,99.0,22945.0
1718735162.1513848,99.0,22945.0
1718735162.3161485,100.0,22945.0
1718735162.4786115,100.0,22945.0
1718735162.7198336,100.0,22945.0
1718735162.907339,68.0,22945.0
1718735163.179824,34.0,22945.0
1718735163.4014738,100.0,22945.0
1718735163.5780091,100.0,22945.0
1718735163.7434614,99.0,22945.0
1718735163.9235902,100.0,22945.0
1718735164.0873115,100.0,22945.0
1718735164.2412405,100.0,22945.0
1718735164.3884912,100.0,22945.0
1718735164.5375693,100.0,22945.0
1718735164.6921415,33.0,22945.0
1718735164.8505945,100.0,22945.0
1718735165.0194848,100.0,22945.0
1718735165.2049243,99.0,22945.0
1718735165.3718224,100.0,22945.0
1718735165.5408716,100.0,22945.0
1718735165.7216136,100.0,22945.0
1718735165.9034965,100.0,22945.0
1718735166.0664492,52.0,22945.0
1718735166.2624605,52.0,22945.0
1718735166.4200408,74.0,22945.0
1718735166.5901995,100.0,22945.0
1718735166.7727726,100.0,22945.0
1718735166.9653842,100.0,22945.0
1718735167.1398733,100.0,22945.0
1718735167.3436973,88.0,22945.0
1718735167.5861325,2.0,22945.0
1718735167.7856152,97.0,22945.0
1718735168.0015872,99.0,22945.0
1718735168.22768,100.0,22945.0
1718735168.3946192,100.0,22945.0
1718735168.5567489,100.0,22945.0
1718735168.7354815,100.0,22945.0
1718735168.907991,100.0,22945.0
1718735169.0696886,61.0,22945.0
1718735169.2402353,61.0,22945.0
1718735169.3826826,61.0,22945.0
1718735169.5253022,99.0,22945.0
1718735169.683819,100.0,22945.0
1718735169.8427315,100.0,22945.0
1718735170.0238616,100.0,22945.0
1718735170.194689,100.0,22945.0
1718735170.3812714,100.0,22945.0
1718735170.5645308,100.0,22945.0
1718735170.7707179,7.0,22945.0
1718735170.923833,100.0,22945.0
1718735171.1020765,91.0,22945.0
1718735171.2600315,100.0,22945.0
1718735171.4304647,100.0,22945.0
1718735171.6171503,100.0,22945.0
1718735171.7861276,100.0,22945.0
1718735171.9668167,100.0,22945.0
1718735172.1219673,62.0,22945.0
1718735172.368067,26.0,22945.0
1718735172.5801075,99.0,22945.0
1718735172.817268,100.0,22945.0
1718735173.0048037,100.0,22945.0
1718735173.2280807,100.0,22945.0
1718735173.403429,100.0,22945.0
1718735173.5767822,100.0,22945.0
1718735173.7689369,35.0,22945.0
1718735173.9144247,84.0,22945.0
1718735174.0633368,84.0,22945.0
1718735174.2104237,99.0,22945.0
1718735174.35146,100.0,22945.0
1718735174.501237,100.0,22945.0
1718735174.6479542,100.0,22945.0
1718735174.8449566,100.0,22945.0
1718735175.0149288,100.0,22945.0
1718735175.1907945,75.0,22945.0
1718735175.35409,45.0,22945.0
1718735175.5336087,100.0,22945.0
1718735175.7183495,99.0,22945.0
1718735175.874825,100.0,22945.0
1718735176.0430973,100.0,22945.0
1718735176.2235527,100.0,22945.0
1718735176.4209344,100.0,22945.0
1718735176.5832405,100.0,22945.0
1718735176.7664716,19.0,22945.0
1718735176.925663,84.0,22945.0
1718735177.1705678,99.0,22945.0
1718735177.3947842,100.0,22945.0
1718735177.629243,100.0,22945.0
1718735177.8065133,100.0,22945.0
1718735178.024235,100.0,22945.0
1718735178.1851764,75.0,22945.0
1718735178.3824346,37.0,22945.0
1718735178.529964,100.0,22945.0
1718735178.6998334,100.0,22945.0
1718735178.8453753,99.0,22945.0
1718735178.9933243,100.0,22945.0
1718735179.1412966,100.0,22945.0
1718735179.2825744,100.0,22945.0
1718735179.4301152,100.0,22945.0
1718735179.5759482,100.0,22945.0
1718735179.7734675,26.0,22945.0
1718735179.9480202,96.0,22945.0
1718735180.145698,99.0,22945.0
1718735180.3230717,100.0,22945.0
1718735180.5098236,100.0,22945.0
1718735180.6737585,100.0,22945.0
1718735180.848844,100.0,22945.0
1718735181.0099225,100.0,22945.0
1718735181.1790628,64.0,22945.0
1718735181.3746994,66.0,22945.0
1718735181.5601728,99.0,22945.0
1718735181.7585688,100.0,22945.0
1718735181.9504614,100.0,22945.0
1718735182.1951756,100.0,22945.0
1718735182.3775105,100.0,22945.0
1718735182.6205366,94.0,22945.0
1718735182.8808823,0.0,22945.0
1718735183.0725915,99.0,22945.0
1718735183.2946079,100.0,22945.0
1718735183.4855344,100.0,22945.0
1718735183.6320035,100.0,22945.0
1718735183.7790134,100.0,22945.0
1718735183.9242072,100.0,22945.0
1718735184.0672622,100.0,22945.0
1718735184.2148054,71.0,22945.0
1718735184.366114,66.0,22945.0
1718735184.5529792,99.0,22945.0
1718735184.7441752,99.0,22945.0
1718735184.9167771,100.0,22945.0
1718735185.0941575,100.0,22945.0
1718735185.2661192,100.0,22945.0
1718735185.4587185,100.0,22945.0
1718735185.6302326,95.0,22945.0
1718735185.8156588,20.0,22945.0
1718735185.9768412,100.0,22945.0
1718735186.1753435,94.0,22945.0
1718735186.338574,100.0,22945.0
1718735186.513324,100.0,22945.0
1718735186.680082,100.0,22945.0
1718735186.9135923,100.0,22945.0
1718735187.1336117,44.0,22945.0
1718735187.4369452,37.0,22945.0
1718735187.654085,100.0,22945.0
1718735187.8166509,99.0,22945.0
1718735187.981546,100.0,22945.0
1718735188.1587021,100.0,22945.0
1718735188.3076808,100.0,22945.0
1718735188.484184,100.0,22945.0
1718735188.6322129,100.0,22945.0
1718735188.8040328,33.0,22945.0
1718735188.954813,33.0,22945.0
1718735189.0966568,100.0,22945.0
1718735189.2420163,99.0,22945.0
1718735189.3886592,100.0,22945.0
1718735189.5365803,100.0,22945.0
1718735189.7145844,100.0,22945.0
1718735189.884212,100.0,22945.0
1718735190.0649662,100.0,22945.0
1718735190.2410667,50.0,22945.0
1718735190.4372487,62.0,22945.0
1718735190.5975587,99.0,22945.0
1718735190.786482,100.0,22945.0
1718735190.9484541,100.0,22945.0
1718735191.109628,100.0,22945.0
1718735191.272717,100.0,22945.0
1718735191.4451299,100.0,22945.0
1718735191.6267478,100.0,22945.0
1718735191.8337743,13.0,22945.0
1718735192.0491087,100.0,22945.0
1718735192.233787,99.0,22945.0
1718735192.4443235,100.0,22945.0
1718735192.6254876,100.0,22945.0
1718735192.824843,100.0,22945.0
1718735192.9900153,100.0,22945.0
1718735193.1825027,50.0,22945.0
1718735193.3733578,50.0,22945.0
1718735193.5244534,58.0,22945.0
1718735193.6713612,99.0,22945.0
1718735193.8211331,100.0,22945.0
1718735193.965424,100.0,22945.0
1718735194.1063123,100.0,22945.0
1718735194.2567604,100.0,22945.0
1718735194.4110541,100.0,22945.0
1718735194.5842688,100.0,22945.0
1718735194.7535806,15.0,22945.0
1718735194.927638,100.0,22945.0
1718735195.0962787,100.0,22945.0
1718735195.267687,99.0,22945.0
1718735195.4425175,100.0,22945.0
1718735195.613888,100.0,22945.0
1718735195.7755342,100.0,22945.0
1718735195.9518366,100.0,22945.0
1718735196.1244175,100.0,22945.0
1718735196.3234334,46.0,22945.0
1718735196.4914076,59.0,22945.0
1718735196.6526132,99.0,22945.0
1718735196.8855295,100.0,22945.0
1718735197.0938551,100.0,22945.0
1718735197.332959,100.0,22945.0
1718735197.5033667,100.0,22945.0
1718735197.689395,100.0,22945.0
1718735197.8673716,23.0,22945.0
1718735198.06374,100.0,22945.0
1718735198.2423995,99.0,22945.0
1718735198.392457,99.0,22945.0
1718735198.5427723,100.0,22945.0
1718735198.6925488,100.0,22945.0
1718735198.8443632,100.0,22945.0
1718735198.9921284,100.0,22945.0
1718735199.1412709,38.0,22945.0
1718735199.3162804,38.0,22945.0
1718735199.4998567,85.0,22945.0
1718735199.6724489,98.0,22945.0
1718735199.856394,100.0,22945.0
1718735200.0477066,100.0,22945.0
1718735200.213647,100.0,22945.0
1718735200.3797932,100.0,22945.0
1718735200.5359597,100.0,22945.0
1718735200.7126741,78.0,22945.0
1718735200.8984528,55.0,22945.0
1718735201.087245,98.0,22945.0
1718735201.26103,100.0,22945.0
1718735201.4408767,100.0,22945.0
1718735201.6981876,100.0,22945.0
1718735201.8994727,100.0,22945.0
1718735202.1446242,100.0,22945.0
1718735202.375781,23.0,22945.0
1718735202.5689862,100.0,22945.0
1718735202.7687793,99.0,22945.0
1718735202.9497952,100.0,22945.0
1718735203.1051345,100.0,22945.0
1718735203.2601433,100.0,22945.0
1718735203.4141817,100.0,22945.0
1718735203.5715146,100.0,22945.0
1718735203.7294421,46.0,22945.0
1718735203.8831472,98.0,22945.0
1718735204.06335,98.0,22945.0
1718735204.2697425,100.0,22945.0
1718735204.436549,100.0,22945.0
1718735204.6087189,100.0,22945.0
1718735204.7897854,100.0,22945.0
1718735204.950864,100.0,22945.0
1718735205.1409774,62.0,22945.0
1718735205.3036702,54.0,22945.0
1718735205.488384,99.0,22945.0
1718735205.6654932,100.0,22945.0
1718735205.8587246,100.0,22945.0
1718735206.0413592,100.0,22945.0
1718735206.2212262,100.0,22945.0
1718735206.445733,100.0,22945.0
1718735206.6367345,10.0,22945.0
1718735206.8694556,56.0,22945.0
1718735207.1038244,99.0,22945.0
1718735207.3147926,100.0,22945.0
1718735207.4997308,100.0,22945.0
1718735207.6832197,100.0,22945.0
1718735207.8400376,100.0,22945.0
1718735207.9925056,100.0,22945.0
1718735208.142247,100.0,22945.0
1718735208.2882607,50.0,22945.0
1718735208.4371347,50.0,22945.0
1718735208.588751,100.0,22945.0
1718735208.740086,99.0,22945.0
1718735208.9271646,100.0,22945.0
1718735209.0995195,100.0,22945.0
1718735209.2728388,100.0,22945.0
1718735209.4574976,100.0,22945.0
1718735209.6469154,100.0,22945.0
1718735209.8061097,28.0,22945.0
1718735209.9992266,99.0,22945.0
1718735210.1579206,99.0,22945.0
1718735210.3334394,100.0,22945.0
1718735210.5078387,100.0,22945.0
1718735210.6824553,100.0,22945.0
1718735210.8669813,100.0,22945.0
1718735211.0367475,47.0,22945.0
1718735211.2931445,57.0,22945.0
1718735211.5089428,99.0,22945.0
1718735211.724939,100.0,22945.0
1718735211.9417388,100.0,22945.0
1718735212.0969915,100.0,22945.0
1718735212.2562149,100.0,22945.0
1718735212.450165,100.0,22945.0
1718735212.6257677,100.0,22945.0
1718735212.7844512,45.0,22945.0
1718735212.9382792,100.0,22945.0
1718735213.0896103,99.0,22945.0
1718735213.2392247,99.0,22945.0
1718735213.3907452,100.0,22945.0
1718735213.5913863,100.0,22945.0
1718735213.783741,100.0,22945.0
1718735213.9884815,100.0,22945.0
1718735214.1843836,37.0,22945.0
1718735214.3987648,100.0,22945.0
1718735214.5541954,99.0,22945.0
1718735214.7343798,100.0,22945.0
1718735214.8846211,100.0,22945.0
1718735215.0464702,100.0,22945.0
1718735215.221669,100.0,22945.0
1718735215.4013176,100.0,22945.0
1718735215.5888119,80.0,22945.0
1718735215.8197482,99.0,22945.0
1718735216.0523453,100.0,22945.0
1718735216.2779095,100.0,22945.0
1718735216.4617503,100.0,22945.0
1718735216.676512,100.0,22945.0
1718735216.8579857,79.0,22945.0
1718735217.0844848,31.0,22945.0
1718735217.2637918,31.0,22945.0
1718735217.4198391,100.0,22945.0
1718735217.5674942,99.0,22945.0
1718735217.7143495,100.0,22945.0
1718735217.855411,100.0,22945.0
1718735218.0029392,100.0,22945.0
1718735218.1492436,100.0,22945.0
1718735218.305984,100.0,22945.0
1718735218.4860754,30.0,22945.0
1718735218.6765578,65.0,22945.0
1718735218.8717608,65.0,22945.0
1718735219.0499856,99.0,22945.0
1718735219.2426705,100.0,22945.0
1718735219.4113524,100.0,22945.0
1718735219.5921605,100.0,22945.0
1718735219.771183,100.0,22945.0
1718735219.9424272,99.0,22945.0
1718735220.1368637,24.0,22945.0
1718735220.3129492,100.0,22945.0
1718735220.4758446,99.0,22945.0
1718735220.6942089,100.0,22945.0
1718735220.9114404,100.0,22945.0
1718735221.1728613,100.0,22945.0
1718735221.354472,100.0,22945.0
1718735221.5581272,35.0,22945.0
1718735221.7538157,56.0,22945.0
1718735221.9400475,99.0,22945.0
1718735222.10293,100.0,22945.0
1718735222.2502928,100.0,22945.0
1718735222.3985808,100.0,22945.0
1718735222.5465496,100.0,22945.0
1718735222.6876876,100.0,22945.0
1718735222.830364,100.0,22945.0
1718735222.979592,100.0,22945.0
1718735223.135956,23.0,22945.0
1718735223.3076527,23.0,22945.0
1718735223.4760544,100.0,22945.0
1718735223.639769,99.0,22945.0
1718735223.8257968,100.0,22945.0
1718735224.0059474,100.0,22945.0
1718735224.1656039,100.0,22945.0
1718735224.3331978,100.0,22945.0
1718735224.500334,100.0,22945.0
1718735224.6781478,76.0,22945.0
1718735224.8451035,95.0,22945.0
1718735225.0480843,95.0,22945.0
1718735225.2142787,100.0,22945.0
1718735225.3735454,100.0,22945.0
1718735225.623366,100.0,22945.0
1718735225.8244607,100.0,22945.0
1718735226.0367541,0.0,22945.0
1718735226.3278449,68.0,22945.0
1718735226.5218997,99.0,22945.0
1718735226.7160892,100.0,22945.0
1718735226.9165387,100.0,22945.0
1718735227.0636785,100.0,22945.0
1718735227.2118235,100.0,22945.0
1718735227.3591926,100.0,22945.0
1718735227.5046902,93.0,22945.0
1718735227.6491842,93.0,22945.0
1718735227.8005397,45.0,22945.0
1718735227.949111,100.0,22945.0
1718735228.1221192,100.0,22945.0
1718735228.3017287,99.0,22945.0
1718735228.4839468,100.0,22945.0
1718735228.6694338,100.0,22945.0
1718735228.8747916,100.0,22945.0
1718735229.0422418,100.0,22945.0
1718735229.2328668,17.0,22945.0
1718735229.3848693,95.0,22945.0
1718735229.5488513,99.0,22945.0
1718735229.752261,100.0,22945.0
1718735229.9749198,100.0,22945.0
1718735230.2075508,100.0,22945.0
1718735230.4514346,65.0,22945.0
1718735230.718362,50.0,22945.0
1718735230.8898618,100.0,22945.0
1718735231.1302261,99.0,22945.0
1718735231.2909076,99.0,22945.0
1718735231.479846,100.0,22945.0
1718735231.6535187,100.0,22945.0
1718735231.8052082,100.0,22945.0
1718735231.9539785,100.0,22945.0
1718735232.107946,100.0,22945.0
1718735232.2549353,40.0,22945.0
1718735232.4044552,100.0,22945.0
1718735232.5631547,99.0,22945.0
1718735232.76226,100.0,22945.0
1718735232.951965,100.0,22945.0
1718735233.1248088,100.0,22945.0
1718735233.2961497,100.0,22945.0
1718735233.4634411,100.0,22945.0
1718735233.6800401,31.0,22945.0
1718735233.853945,82.0,22945.0
1718735234.0095818,99.0,22945.0
1718735234.1819842,99.0,22945.0
1718735234.347981,100.0,22945.0
1718735234.5365622,100.0,22945.0
1718735234.7036917,100.0,22945.0
1718735234.905337,80.0,22945.0
1718735235.18022,1.0,22945.0
1718735235.3736284,98.0,22945.0
1718735235.5835574,96.0,22945.0
1718735235.7783473,100.0,22945.0
1718735235.9280808,100.0,22945.0
1718735236.0761657,100.0,22945.0
1718735236.2525997,100.0,22945.0
1718735236.425663,100.0,22945.0
1718735236.5876284,64.0,22945.0
1718735236.7520757,66.0,22945.0
1718735236.9064217,66.0,22945.0
1718735237.0495992,99.0,22945.0
1718735237.2022014,99.0,22945.0
1718735237.3509593,100.0,22945.0
1718735237.5360465,100.0,22945.0
1718735237.7128866,100.0,22945.0
1718735237.8807647,100.0,22945.0
1718735238.055705,91.0,22945.0
1718735238.2693894,10.0,22945.0
1718735238.443759,100.0,22945.0
1718735238.6012173,98.0,22945.0
1718735238.7776394,100.0,22945.0
1718735238.9486213,100.0,22945.0
1718735239.1485848,100.0,22945.0
1718735239.3124557,100.0,22945.0
1718735239.4621954,100.0,22945.0
1718735239.6351814,51.0,22945.0
1718735239.813216,68.0,22945.0
1718735240.007139,99.0,22945.0
1718735240.2508469,100.0,22945.0
1718735240.490622,100.0,22945.0
1718735240.6886222,100.0,22945.0
1718735240.897287,100.0,22945.0
1718735241.0790906,94.0,22945.0
1718735241.2509909,28.0,22945.0
1718735241.4271662,100.0,22945.0
1718735241.5880008,100.0,22945.0
1718735241.7386997,94.0,22945.0
1718735241.8877165,100.0,22945.0
1718735242.0338273,100.0,22945.0
1718735242.17923,100.0,22945.0
1718735242.3309143,100.0,22945.0
1718735242.4831538,100.0,22945.0
1718735242.669766,39.0,22945.0
1718735242.841664,73.0,22945.0
1718735243.0150135,99.0,22945.0
1718735243.2116983,100.0,22945.0
1718735243.392111,100.0,22945.0
1718735243.6309605,100.0,22945.0
1718735243.7943046,100.0,22945.0
1718735243.9584668,100.0,22945.0
1718735244.1188037,86.0,22945.0
1718735244.2828224,60.0,22945.0
1718735244.4652796,99.0,22945.0
1718735244.6439657,100.0,22945.0
1718735244.8182397,100.0,22945.0
1718735245.0383437,100.0,22945.0
1718735245.2880638,100.0,22945.0
1718735245.5120351,100.0,22945.0
1718735245.715632,2.0,22945.0
1718735245.9183419,98.0,22945.0
1718735246.1103694,99.0,22945.0
1718735246.2864988,100.0,22945.0
1718735246.4702864,100.0,22945.0
1718735246.6289551,100.0,22945.0
1718735246.7763128,100.0,22945.0
1718735246.928542,100.0,22945.0
1718735247.073491,58.0,22945.0
1718735247.2210195,81.0,22945.0
1718735247.3684392,81.0,22945.0
1718735247.5143783,99.0,22945.0
1718735247.689083,100.0,22945.0
1718735247.8845313,100.0,22945.0
1718735248.0688248,100.0,22945.0
1718735248.2472765,100.0,22945.0
1718735248.4491508,78.0,22945.0
1718735248.6166642,78.0,22945.0
1718735248.7933686,45.0,22945.0
1718735248.9533174,100.0,22945.0
1718735249.1107495,99.0,22945.0
1718735249.2758422,100.0,22945.0
1718735249.5132377,100.0,22945.0
1718735249.7407525,100.0,22945.0
1718735249.9897597,16.0,22945.0
1718735250.2012382,84.0,22945.0
1718735250.3921707,98.0,22945.0
1718735250.6318324,100.0,22945.0
1718735250.8272388,100.0,22945.0
1718735251.009322,100.0,22945.0
1718735251.215717,100.0,22945.0
1718735251.3711913,100.0,22945.0
1718735251.5259678,78.0,22945.0
1718735251.6753247,73.0,22945.0
1718735251.8214223,73.0,22945.0
1718735251.9720757,99.0,22945.0
1718735252.1237817,100.0,22945.0
1718735252.330695,100.0,22945.0
1718735252.510513,100.0,22945.0
1718735252.7042692,100.0,22945.0
1718735252.8924322,87.0,22945.0
1718735253.0880437,32.0,22945.0
1718735253.2680237,100.0,22945.0
1718735253.4605038,100.0,22945.0
1718735253.6200514,92.0,22945.0
1718735253.8009193,100.0,22945.0
1718735253.981121,100.0,22945.0
1718735254.1538866,100.0,22945.0
1718735254.3217194,100.0,22945.0
1718735254.493919,37.0,22945.0
1718735254.748626,31.0,22945.0
1718735254.9552646,99.0,22945.0
1718735255.1794295,100.0,22945.0
1718735255.3984623,100.0,22945.0
1718735255.585,100.0,22945.0
1718735255.775408,100.0,22945.0
1718735255.9382892,100.0,22945.0
1718735256.0897493,34.0,22945.0
1718735256.244408,34.0,22945.0
1718735256.392989,100.0,22945.0
1718735256.5389616,99.0,22945.0
1718735256.690123,100.0,22945.0
1718735256.8400972,100.0,22945.0
1718735257.0281646,100.0,22945.0
1718735257.215271,100.0,22945.0
1718735257.387188,100.0,22945.0
1718735257.5666685,56.0,22945.0
1718735257.743207,70.0,22945.0
1718735257.9030476,99.0,22945.0
1718735258.1078203,100.0,22945.0
1718735258.2634208,100.0,22945.0
1718735258.4277363,100.0,22945.0
1718735258.6141825,100.0,22945.0
1718735258.8493881,92.0,22945.0
1718735259.1335616,1.0,22945.0
1718735259.3207872,96.0,22945.0
1718735259.5257075,99.0,22945.0
1718735259.7219117,100.0,22945.0
1718735259.9402764,100.0,22945.0
1718735260.1295319,100.0,22945.0
1718735260.3108037,100.0,22945.0
1718735260.4809203,63.0,22945.0
1718735260.6496234,63.0,22945.0
1718735260.8026752,64.0,22945.0
1718735260.951204,99.0,22945.0
1718735261.0957863,100.0,22945.0
1718735261.2406135,100.0,22945.0
1718735261.3892264,100.0,22945.0
1718735261.53615,100.0,22945.0
1718735261.7160552,100.0,22945.0
1718735261.91227,98.0,22945.0
1718735262.0749538,98.0,22945.0
1718735262.2492278,15.0,22945.0
1718735262.4526584,100.0,22945.0
1718735262.6218915,99.0,22945.0
1718735262.7932446,100.0,22945.0
1718735262.9546628,100.0,22945.0
1718735263.1101012,100.0,22945.0
1718735263.2820942,100.0,22945.0
1718735263.4573636,100.0,22945.0
1718735263.655467,74.0,22945.0
1718735263.8423054,93.0,22945.0
1718735264.0572505,93.0,22945.0
1718735264.219489,100.0,22945.0
1718735264.425022,100.0,22945.0
1718735264.6366014,100.0,22945.0
1718735264.8153248,100.0,22945.0
1718735264.9998324,93.0,22945.0
1718735265.168431,14.0,22945.0
1718735265.3456247,14.0,22945.0
1718735265.4924598,100.0,22945.0
1718735265.6398218,99.0,22945.0
1718735265.7867787,100.0,22945.0
1718735265.9277437,100.0,22945.0
1718735266.0671513,100.0,22945.0
1718735266.2191713,100.0,22945.0
1718735266.3690915,100.0,22945.0
1718735266.5510726,48.0,22945.0
1718735266.766079,52.0,22945.0
1718735266.9525669,98.0,22945.0
1718735267.1379414,100.0,22945.0
1718735267.323341,100.0,22945.0
1718735267.4871368,100.0,22945.0
1718735267.6677804,100.0,22945.0
1718735267.8348663,100.0,22945.0
1718735268.0063388,100.0,22945.0
1718735268.2001028,23.0,22945.0
1718735268.3800366,100.0,22945.0
1718735268.5579734,97.0,22945.0
1718735268.7191212,100.0,22945.0
1718735268.9480672,100.0,22945.0
1718735269.1222317,100.0,22945.0
1718735269.3523424,100.0,22945.0
1718735269.584561,50.0,22945.0
1718735269.7629998,46.0,22945.0
1718735269.9271,46.0,22945.0
1718735270.095371,100.0,22945.0
1718735270.2639813,92.0,22945.0
1718735270.4140053,100.0,22945.0
1718735270.5661116,100.0,22945.0
1718735270.724502,100.0,22945.0
1718735270.8666456,100.0,22945.0
1718735271.0145705,100.0,22945.0
1718735271.1968277,33.0,22945.0
1718735271.3720713,100.0,22945.0
1718735271.561478,98.0,22945.0
1718735271.7311246,100.0,22945.0
1718735271.9021287,100.0,22945.0
1718735272.10708,100.0,22945.0
1718735272.2691638,100.0,22945.0
1718735272.4471462,100.0,22945.0
1718735272.6171374,49.0,22945.0
1718735272.785693,84.0,22945.0
1718735272.9678433,99.0,22945.0
1718735273.133606,100.0,22945.0
1718735273.3007603,100.0,22945.0
1718735273.4592357,100.0,22945.0
1718735273.6927552,100.0,22945.0
1718735273.9180605,77.0,22945.0
1718735274.1600578,22.0,22945.0
1718735274.3493264,100.0,22945.0
1718735274.5467176,100.0,22945.0
1718735274.6969664,99.0,22945.0
1718735274.8700807,100.0,22945.0
1718735275.0394635,100.0,22945.0
1718735275.20741,100.0,22945.0
1718735275.354922,100.0,22945.0
1718735275.5117521,100.0,22945.0
1718735275.6741605,41.0,22945.0
1718735275.8219597,93.0,22945.0
1718735275.9686863,93.0,22945.0
1718735276.1301208,100.0,22945.0
1718735276.3122072,100.0,22945.0
1718735276.4984686,100.0,22945.0
1718735276.6630185,100.0,22945.0
1718735276.844801,100.0,22945.0
1718735277.0415788,68.0,22945.0
1718735277.2128823,50.0,22945.0
1718735277.3868804,99.0,22945.0
1718735277.5538824,100.0,22945.0
1718735277.7454352,100.0,22945.0
1718735277.9259,100.0,22945.0
1718735278.106334,100.0,22945.0
1718735278.2682524,100.0,22945.0
1718735278.5121963,14.0,22945.0
1718735278.7493963,88.0,22945.0
1718735278.96695,88.0,22945.0
1718735279.1398242,99.0,22945.0
1718735279.3530705,100.0,22945.0
1718735279.5245793,100.0,22945.0
1718735279.7106504,100.0,22945.0
1718735279.8850746,100.0,22945.0
1718735280.034341,74.0,22945.0
1718735280.1881623,74.0,22945.0
1718735280.3386796,58.0,22945.0
1718735280.4854121,99.0,22945.0
1718735280.6241882,100.0,22945.0
1718735280.7706954,100.0,22945.0
1718735280.9166026,100.0,22945.0
1718735281.1089964,100.0,22945.0
1718735281.276931,100.0,22945.0
1718735281.4470484,100.0,22945.0
1718735281.637754,19.0,22945.0
1718735281.8194075,100.0,22945.0
1718735281.9860024,95.0,22945.0
1718735282.1742034,95.0,22945.0
1718735282.3391483,100.0,22945.0
1718735282.5126057,100.0,22945.0
1718735282.6984267,100.0,22945.0
1718735282.8736966,100.0,22945.0
1718735283.0553315,51.0,22945.0
1718735283.2162967,71.0,22945.0
1718735283.4627094,99.0,22945.0
1718735283.6512504,100.0,22945.0
1718735283.86128,100.0,22945.0
1718735284.0182407,100.0,22945.0
1718735284.226567,100.0,22945.0
1718735284.417964,91.0,22945.0
1718735284.6426442,15.0,22945.0
1718735284.8224466,15.0,22945.0
1718735284.9708102,99.0,22945.0
1718735285.1206496,99.0,22945.0
1718735285.2702372,100.0,22945.0
1718735285.4141192,100.0,22945.0
1718735285.5640492,100.0,22945.0
1718735285.7137427,100.0,22945.0
1718735285.8887515,100.0,22945.0
1718735286.0862823,45.0,22945.0
1718735286.2775407,72.0,22945.0
1718735286.4737835,99.0,22945.0
1718735286.649408,100.0,22945.0
1718735286.833882,100.0,22945.0
1718735287.0116093,100.0,22945.0
1718735287.168528,100.0,22945.0
1718735287.328018,100.0,22945.0
1718735287.5091782,90.0,22945.0
1718735287.6899786,27.0,22945.0
1718735287.8600326,100.0,22945.0
1718735288.0242453,99.0,22945.0
1718735288.2374475,100.0,22945.0
1718735288.4586349,100.0,22945.0
1718735288.6859612,100.0,22945.0
1718735288.867334,100.0,22945.0
1718735289.1061738,35.0,22945.0
1718735289.275442,84.0,22945.0
1718735289.448509,96.0,22945.0
1718735289.6272933,100.0,22945.0
1718735289.775795,100.0,22945.0
1718735289.9277127,100.0,22945.0
1718735290.0746403,100.0,22945.0
1718735290.219822,100.0,22945.0
1718735290.3701537,100.0,22945.0
1718735290.5179942,80.0,22945.0
1718735290.665905,59.0,22945.0
1718735290.824298,99.0,22945.0
1718735291.001767,100.0,22945.0
1718735291.1637068,100.0,22945.0
1718735291.340736,100.0,22945.0
1718735291.5342145,100.0,22945.0
1718735291.6920033,100.0,22945.0
1718735291.8741188,100.0,22945.0
1718735292.0610309,26.0,22945.0
1718735292.2393098,100.0,22945.0
1718735292.4359705,99.0,22945.0
1718735292.625702,99.0,22945.0
1718735292.8118412,100.0,22945.0
1718735293.0604005,100.0,22945.0
1718735293.284532,100.0,22945.0
1718735293.5310829,38.0,22945.0
1718735293.737559,41.0,22945.0
1718735293.9494667,100.0,22945.0
1718735294.1026914,99.0,22945.0
1718735294.2878163,100.0,22945.0
1718735294.454613,100.0,22945.0
1718735294.6141036,100.0,22945.0
1718735294.7617025,100.0,22945.0
1718735294.9083045,100.0,22945.0
1718735295.0509589,39.0,22945.0
1718735295.2003508,39.0,22945.0
1718735295.3511193,100.0,22945.0
1718735295.496532,99.0,22945.0
1718735295.6906483,100.0,22945.0
1718735295.8738003,100.0,22945.0
1718735296.0390785,100.0,22945.0
1718735296.2149131,100.0,22945.0
1718735296.439995,100.0,22945.0
1718735296.6048079,44.0,22945.0
1718735296.792741,79.0,22945.0
1718735296.963986,99.0,22945.0
1718735297.1486402,100.0,22945.0
1718735297.3246777,100.0,22945.0
1718735297.492691,100.0,22945.0
1718735297.6475172,100.0,22945.0
1718735297.8949122,82.0,22945.0
1718735298.1152916,23.0,22945.0
1718735298.381115,100.0,22945.0
1718735298.60172,99.0,22945.0
1718735298.7718256,100.0,22945.0
1718735298.9328365,100.0,22945.0
1718735299.1035268,100.0,22945.0
1718735299.2835236,100.0,22945.0
1718735299.4385843,44.0,22945.0
1718735299.5891619,44.0,22945.0
1718735299.744153,100.0,22945.0
1718735299.8935227,94.0,22945.0
1718735300.0425293,94.0,22945.0
1718735300.1981683,100.0,22945.0
1718735300.347601,100.0,22945.0
1718735300.5188262,100.0,22945.0
1718735300.6957426,100.0,22945.0
1718735300.8426726,59.0,22945.0
1718735301.0406752,59.0,22945.0
1718735301.2277777,52.0,22945.0
1718735301.4188347,98.0,22945.0
1718735301.5870788,100.0,22945.0
1718735301.755437,100.0,22945.0
1718735301.9216537,100.0,22945.0
1718735302.1034696,100.0,22945.0
1718735302.2854362,100.0,22945.0
1718735302.4621682,100.0,22945.0
1718735302.6197064,100.0,22945.0
1718735302.8895426,99.0,22945.0
1718735303.0778787,100.0,22945.0
1718735303.3096578,100.0,22945.0
1718735303.4918299,100.0,22945.0
1718735303.6914382,100.0,22945.0
1718735303.8771222,32.0,22945.0
1718735304.0774481,68.0,22945.0
1718735304.245466,68.0,22945.0
1718735304.3924444,94.0,22945.0
1718735304.5390701,100.0,22945.0
1718735304.6866431,100.0,22945.0
1718735304.8263113,100.0,22945.0
1718735304.9725678,100.0,22945.0
1718735305.1197512,100.0,22945.0
1718735305.27677,99.0,22945.0
1718735305.4506965,7.0,22945.0
1718735305.6452436,7.0,22945.0
1718735305.8257694,100.0,22945.0
1718735306.0048096,99.0,22945.0
1718735306.1946712,100.0,22945.0
1718735306.366091,100.0,22945.0
1718735306.5490139,100.0,22945.0
1718735306.710565,100.0,22945.0
1718735306.8843184,100.0,22945.0
1718735307.0619397,55.0,22945.0
1718735307.2440534,52.0,22945.0
1718735307.4169872,99.0,22945.0
1718735307.6322336,100.0,22945.0
1718735307.8498106,100.0,22945.0
1718735308.0652423,100.0,22945.0
1718735308.264177,100.0,22945.0
1718735308.4807043,9.0,22945.0
1718735308.673912,84.0,22945.0
1718735308.8539028,84.0,22945.0
1718735309.0195322,99.0,22945.0
1718735309.1686091,100.0,22945.0
1718735309.316574,100.0,22945.0
1718735309.4633088,100.0,22945.0
1718735309.6050801,100.0,22945.0
1718735309.7530456,100.0,22945.0
1718735309.8994458,78.0,22945.0
1718735310.089694,14.0,22945.0
1718735310.2757475,14.0,22945.0
1718735310.442477,100.0,22945.0
1718735310.6390786,98.0,22945.0
1718735310.8057182,100.0,22945.0
1718735310.980605,100.0,22945.0
1718735311.1557336,100.0,22945.0
1718735311.3150716,100.0,22945.0
1718735311.5034792,47.0,22945.0
1718735311.7152407,64.0,22945.0
1718735311.892014,64.0,22945.0
1718735312.082515,100.0,22945.0
1718735312.317871,100.0,22945.0
1718735312.5338728,100.0,22945.0
1718735312.765343,100.0,22945.0
1718735312.9653165,100.0,22945.0
1718735313.1916804,7.0,22945.0
1718735313.3500867,7.0,22945.0
1718735313.5179148,95.0,22945.0
1718735313.6970224,100.0,22945.0
1718735313.8475559,100.0,22945.0
1718735313.994196,100.0,22945.0
1718735314.1411319,100.0,22945.0
1718735314.2841654,100.0,22945.0
1718735314.4279628,100.0,22945.0
1718735314.574489,64.0,22945.0
1718735314.7398357,72.0,22945.0
1718735314.9210858,99.0,22945.0
1718735315.1112776,100.0,22945.0
1718735315.2811856,100.0,22945.0
1718735315.4565115,100.0,22945.0
1718735315.6305122,100.0,22945.0
1718735315.7972937,100.0,22945.0
1718735315.985816,88.0,22945.0
1718735316.1456187,32.0,22945.0
1718735316.3052714,32.0,22945.0
1718735316.4736853,100.0,22945.0
1718735316.6653962,99.0,22945.0
1718735316.8416278,100.0,22945.0
1718735317.0139096,100.0,22945.0
1718735317.2426364,100.0,22945.0
1718735317.438119,100.0,22945.0
1718735317.6718285,29.0,22945.0
1718735317.85851,52.0,22945.0
1718735318.0572207,99.0,22945.0
1718735318.2100358,100.0,22945.0
1718735318.385171,100.0,22945.0
1718735318.5808854,100.0,22945.0
1718735318.7366776,100.0,22945.0
1718735318.8907492,100.0,22945.0
1718735319.0505912,100.0,22945.0
1718735319.2148843,33.0,22945.0
1718735319.3634076,100.0,22945.0
1718735319.5109694,100.0,22945.0
1718735319.6884954,99.0,22945.0
1718735319.8872118,100.0,22945.0
1718735320.060496,100.0,22945.0
1718735320.2344282,100.0,22945.0
1718735320.430579,100.0,22945.0
1718735320.581782,35.0,22945.0
1718735320.7640789,95.0,22945.0
1718735320.9366274,95.0,22945.0
1718735321.0908043,99.0,22945.0
1718735321.2764482,100.0,22945.0
1718735321.5064507,100.0,22945.0
1718735321.7360945,100.0,22945.0
1718735321.9684522,65.0,22945.0
1718735322.1732929,65.0,22945.0
1718735322.3425975,98.0,22945.0
1718735322.5996149,95.0,22945.0
1718735322.7834466,95.0,22945.0
1718735322.9678493,100.0,22945.0
1718735323.1433125,100.0,22945.0
1718735323.2918227,100.0,22945.0
1718735323.4410226,100.0,22945.0
1718735323.599333,35.0,22945.0
1718735323.747659,35.0,22945.0
1718735323.8878279,100.0,22945.0
1718735324.0368884,99.0,22945.0
1718735324.1849132,100.0,22945.0
1718735324.3305795,100.0,22945.0
1718735324.5074754,100.0,22945.0
1718735324.689162,100.0,22945.0
1718735324.868432,100.0,22945.0
1718735325.0456007,41.0,22945.0
1718735325.229011,70.0,22945.0
1718735325.3863497,99.0,22945.0
1718735325.578752,99.0,22945.0
1718735325.742694,100.0,22945.0
1718735325.9018211,100.0,22945.0
1718735326.076541,100.0,22945.0
1718735326.248618,100.0,22945.0
1718735326.4250808,90.0,22945.0
1718735326.646413,1.0,22945.0
1718735326.8830955,95.0,22945.0
1718735327.1084144,100.0,22945.0
1718735327.3093944,100.0,22945.0
1718735327.512839,100.0,22945.0
1718735327.6897237,100.0,22945.0
1718735327.8537483,100.0,22945.0
1718735328.0340157,65.0,22945.0
1718735328.2026222,57.0,22945.0
1718735328.352212,57.0,22945.0
1718735328.5007224,99.0,22945.0
1718735328.646944,100.0,22945.0
1718735328.795408,100.0,22945.0
1718735328.9478352,100.0,22945.0
1718735329.146404,100.0,22945.0
1718735329.3313088,100.0,22945.0
1718735329.51502,100.0,22945.0
1718735329.7010183,17.0,22945.0
1718735329.891979,100.0,22945.0
1718735330.057343,99.0,22945.0
1718735330.2330983,100.0,22945.0
1718735330.3902488,100.0,22945.0
1718735330.5685036,100.0,22945.0
1718735330.733741,100.0,22945.0
1718735330.9118216,100.0,22945.0
1718735331.0876503,45.0,22945.0
1718735331.2629473,75.0,22945.0
1718735331.48516,99.0,22945.0
1718735331.669816,100.0,22945.0
1718735331.9063303,100.0,22945.0
1718735332.1002696,100.0,22945.0
1718735332.2930439,100.0,22945.0
1718735332.4597735,87.0,22945.0
1718735332.658298,36.0,22945.0
1718735332.8426242,36.0,22945.0
1718735332.9929264,100.0,22945.0
1718735333.1434863,96.0,22945.0
1718735333.2926724,100.0,22945.0
1718735333.442168,100.0,22945.0
1718735333.5919333,100.0,22945.0
1718735333.746097,100.0,22945.0
1718735333.9289818,100.0,22945.0
1718735334.1177301,28.0,22945.0
1718735334.3014328,93.0,22945.0
1718735334.4775448,99.0,22945.0
1718735334.6799548,100.0,22945.0
1718735334.8364346,100.0,22945.0
1718735335.008449,100.0,22945.0
1718735335.1710532,100.0,22945.0
1718735335.3296769,100.0,22945.0
1718735335.5201676,67.0,22945.0
1718735335.6933386,79.0,22945.0
1718735335.8786166,99.0,22945.0
1718735336.1251395,100.0,22945.0
1718735336.3655493,100.0,22945.0
1718735336.6187856,100.0,22945.0
1718735336.801134,100.0,22945.0
1718735337.0218642,84.0,22945.0
1718735337.1925223,58.0,22945.0
1718735337.3678372,98.0,22945.0
1718735337.5415013,100.0,22945.0
1718735337.691238,100.0,22945.0
1718735337.8461802,100.0,22945.0
1718735337.996505,100.0,22945.0
1718735338.1418905,100.0,22945.0
1718735338.2944295,100.0,22945.0
1718735338.44717,46.0,22945.0
1718735338.6093307,100.0,22945.0
1718735338.7824912,99.0,22945.0
1718735338.9725828,99.0,22945.0
1718735339.1587558,100.0,22945.0
1718735339.343846,100.0,22945.0
1718735339.5456376,100.0,22945.0
1718735339.724292,100.0,22945.0
1718735339.9126678,32.0,22945.0
1718735340.0895312,100.0,22945.0
1718735340.274461,98.0,22945.0
1718735340.4524746,100.0,22945.0
1718735340.6266844,100.0,22945.0
1718735340.796864,100.0,22945.0
1718735341.0655823,100.0,22945.0
1718735341.2586327,48.0,22945.0
1718735341.5451612,59.0,22945.0
1718735341.7644503,99.0,22945.0
1718735341.9650714,100.0,22945.0
1718735342.1363313,100.0,22945.0
1718735342.3180425,100.0,22945.0
1718735342.474961,100.0,22945.0
1718735342.6299062,100.0,22945.0
1718735342.7800992,100.0,22945.0
1718735342.9306097,55.0,22945.0
1718735343.0746248,99.0,22945.0
1718735343.2242758,99.0,22945.0
1718735343.3770125,100.0,22945.0
1718735343.5502186,100.0,22945.0
1718735343.734559,100.0,22945.0
1718735343.9107668,100.0,22945.0
1718735344.0906484,100.0,22945.0
1718735344.2723517,9.0,22945.0
1718735344.427647,9.0,22945.0
1718735344.6044111,95.0,22945.0
1718735344.7613645,95.0,22945.0
1718735344.9383187,100.0,22945.0
1718735345.14302,100.0,22945.0
1718735345.3357394,100.0,22945.0
1718735345.5072281,100.0,22945.0
1718735345.66979,66.0,22945.0
1718735345.9262128,39.0,22945.0
1718735346.1179082,100.0,22945.0
1718735346.333466,99.0,22945.0
1718735346.5521123,100.0,22945.0
1718735346.7220209,100.0,22945.0
1718735346.8779743,100.0,22945.0
1718735347.0513222,100.0,22945.0
1718735347.246846,100.0,22945.0
1718735347.4021854,43.0,22945.0
1718735347.5525079,100.0,22945.0
1718735347.7017734,96.0,22945.0
1718735347.852437,96.0,22945.0
1718735348.008083,100.0,22945.0
1718735348.1619885,100.0,22945.0
1718735348.3428133,100.0,22945.0
1718735348.516279,100.0,22945.0
1718735348.6986632,45.0,22945.0
1718735348.9163573,59.0,22945.0
1718735349.1100059,59.0,22945.0
1718735349.2700384,99.0,22945.0
1718735349.4571807,100.0,22945.0
1718735349.6196826,100.0,22945.0
1718735349.789893,100.0,22945.0
1718735349.9518356,100.0,22945.0
1718735350.1317003,100.0,22945.0
1718735350.301842,100.0,22945.0
1718735350.4630623,28.0,22945.0
1718735350.705145,99.0,22945.0
1718735350.9181225,100.0,22945.0
1718735351.1526165,100.0,22945.0
1718735351.3463955,100.0,22945.0
1718735351.5160642,100.0,22945.0
1718735351.6754944,35.0,22945.0
1718735351.8593342,87.0,22945.0
1718735352.0506585,87.0,22945.0
1718735352.2040107,99.0,22945.0
1718735352.3540747,100.0,22945.0
1718735352.502306,100.0,22945.0
1718735352.6460302,100.0,22945.0
1718735352.7976043,100.0,22945.0
1718735352.9476278,100.0,22945.0
1718735353.100416,75.0,22945.0
1718735353.2962792,49.0,22945.0
1718735353.489434,49.0,22945.0
1718735353.6876442,99.0,22945.0
1718735353.8740633,99.0,22945.0
1718735354.0808444,100.0,22945.0
1718735354.264203,100.0,22945.0
1718735354.4219418,100.0,22945.0
1718735354.6099298,100.0,22945.0
1718735354.7912793,16.0,22945.0
1718735354.977486,100.0,22945.0
1718735355.1648154,99.0,22945.0
1718735355.3444426,100.0,22945.0
1718735355.5984151,100.0,22945.0
1718735355.7695632,100.0,22945.0
1718735355.9891076,100.0,22945.0
1718735356.1655147,55.0,22945.0
1718735356.3662493,55.0,22945.0
1718735356.5376952,100.0,22945.0
1718735356.7256856,93.0,22945.0
1718735356.896927,93.0,22945.0
1718735357.0504627,100.0,22945.0
1718735357.2004113,100.0,22945.0
1718735357.3516939,100.0,22945.0
1718735357.4950767,100.0,22945.0
1718735357.6454947,100.0,22945.0
1718735357.7950327,39.0,22945.0
1718735357.9520082,100.0,22945.0
1718735358.1366754,99.0,22945.0
1718735358.3210645,99.0,22945.0
1718735358.4995642,100.0,22945.0
1718735358.6785848,100.0,22945.0
1718735358.8800147,100.0,22945.0
1718735359.0389068,100.0,22945.0
1718735359.235827,43.0,22945.0
1718735359.4229288,97.0,22945.0
1718735359.6043403,98.0,22945.0
1718735359.7661963,98.0,22945.0
1718735359.9493573,100.0,22945.0
1718735360.1108427,100.0,22945.0
1718735360.3387272,100.0,22945.0
1718735360.5873654,62.0,22945.0
1718735360.8219612,62.0,22945.0
1718735361.0122135,98.0,22945.0
1718735361.2219443,100.0,22945.0
1718735361.401579,100.0,22945.0
1718735361.587322,100.0,22945.0
1718735361.768404,100.0,22945.0
1718735361.9249237,100.0,22945.0
1718735362.0801237,100.0,22945.0
1718735362.2290554,49.0,22945.0
1718735362.3737204,100.0,22945.0
1718735362.5231013,100.0,22945.0
1718735362.6725156,99.0,22945.0
1718735362.848286,100.0,22945.0
1718735363.0204313,100.0,22945.0
1718735363.1914372,100.0,22945.0
1718735363.3891175,100.0,22945.0
1718735363.586536,17.0,22945.0
1718735363.7582362,17.0,22945.0
1718735363.9273567,100.0,22945.0
1718735364.0856955,99.0,22945.0
1718735364.261579,100.0,22945.0
1718735364.4322336,100.0,22945.0
1718735364.6052074,100.0,22945.0
1718735364.7758431,100.0,22945.0
1718735364.9475052,54.0,22945.0
1718735365.2015169,40.0,22945.0
1718735365.4228952,100.0,22945.0
1718735365.642083,99.0,22945.0
1718735365.8466935,100.0,22945.0
1718735366.0158303,100.0,22945.0
1718735366.187038,100.0,22945.0
1718735366.39064,100.0,22945.0
1718735366.5657492,100.0,22945.0
1718735366.7168999,51.0,22945.0
1718735366.8677092,100.0,22945.0
1718735367.0172656,99.0,22945.0
1718735367.1674163,99.0,22945.0
1718735367.3189192,100.0,22945.0
1718735367.4774508,100.0,22945.0
1718735367.6700804,100.0,22945.0
1718735367.8559542,100.0,22945.0
1718735368.0501997,28.0,22945.0
1718735368.2431867,88.0,22945.0
1718735368.4216487,99.0,22945.0
1718735368.6044931,99.0,22945.0
1718735368.7698119,100.0,22945.0
1718735368.947763,100.0,22945.0
1718735369.1521478,100.0,22945.0
1718735369.3505652,73.0,22945.0
1718735369.5583274,61.0,22945.0
1718735369.7223659,99.0,22945.0
1718735369.9576216,100.0,22945.0
1718735370.1662908,100.0,22945.0
1718735370.3858528,100.0,22945.0
1718735370.617188,100.0,22945.0
1718735370.7997148,100.0,22945.0
1718735370.9733982,34.0,22945.0
1718735371.1558435,34.0,22945.0
1718735371.3203764,100.0,22945.0
1718735371.4709826,99.0,22945.0
1718735371.6206348,100.0,22945.0
1718735371.7667055,100.0,22945.0
1718735371.909834,100.0,22945.0
1718735372.0632174,100.0,22945.0
1718735372.2133996,100.0,22945.0
1718735372.39432,100.0,22945.0
1718735372.5675972,31.0,22945.0
1718735372.7366111,100.0,22945.0
1718735372.9096363,99.0,22945.0
1718735373.0971584,100.0,22945.0
1718735373.3045285,100.0,22945.0
1718735373.4779036,100.0,22945.0
1718735373.652652,100.0,22945.0
1718735373.842495,58.0,22945.0
1718735374.0387135,58.0,22945.0
1718735374.2181141,59.0,22945.0
1718735374.4056046,100.0,22945.0
1718735374.5805671,100.0,22945.0
1718735374.8153956,100.0,22945.0
1718735375.0173035,100.0,22945.0
1718735375.2342002,100.0,22945.0
1718735375.4314888,31.0,22945.0
1718735375.6228466,100.0,22945.0
1718735375.8045778,99.0,22945.0
1718735375.9998417,100.0,22945.0
1718735376.1822355,100.0,22945.0
1718735376.3366604,100.0,22945.0
1718735376.4866693,100.0,22945.0
1718735376.634947,100.0,22945.0
1718735376.7852917,100.0,22945.0
1718735376.943755,41.0,22945.0
1718735377.0956893,100.0,22945.0
1718735377.2886162,95.0,22945.0
1718735377.4617453,100.0,22945.0
1718735377.6358492,100.0,22945.0
1718735377.827007,100.0,22945.0
1718735378.0267172,100.0,22945.0
1718735378.1854205,100.0,22945.0
1718735378.3662481,55.0,22945.0
1718735378.5516992,76.0,22945.0
1718735378.728801,99.0,22945.0
1718735378.9086905,100.0,22945.0
1718735379.0920236,100.0,22945.0
1718735379.2541692,100.0,22945.0
1718735379.5028157,100.0,22945.0
1718735379.745515,30.0,22945.0
1718735380.0008426,100.0,22945.0
1718735380.1982465,100.0,22945.0
1718735380.378625,99.0,22945.0
1718735380.5565588,100.0,22945.0
1718735380.7215917,100.0,22945.0
1718735380.906657,100.0,22945.0
1718735381.0664134,100.0,22945.0
1718735381.2271245,100.0,22945.0
1718735381.3768718,56.0,22945.0
1718735381.5213165,100.0,22945.0
1718735381.6798346,99.0,22945.0
1718735381.8409855,100.0,22945.0
1718735382.0287752,100.0,22945.0
1718735382.2107627,100.0,22945.0
1718735382.3882458,100.0,22945.0
1718735382.5972512,100.0,22945.0
1718735382.8047447,35.0,22945.0
1718735382.9702475,95.0,22945.0
1718735383.1623387,90.0,22945.0
1718735383.3214772,100.0,22945.0
1718735383.4912407,100.0,22945.0
1718735383.674021,100.0,22945.0
1718735383.8579447,100.0,22945.0
1718735384.0376248,72.0,22945.0
1718735384.247636,26.0,22945.0
1718735384.5133688,100.0,22945.0
1718735384.7383893,93.0,22945.0
1718735384.9407318,100.0,22945.0
1718735385.1734881,100.0,22945.0
1718735385.335397,100.0,22945.0
1718735385.5304935,100.0,22945.0
1718735385.7053287,42.0,22945.0
1718735385.8566382,42.0,22945.0
1718735386.0069785,95.0,22945.0
1718735386.1555858,99.0,22945.0
1718735386.3042817,100.0,22945.0
1718735386.4645863,100.0,22945.0
1718735386.628264,100.0,22945.0
1718735386.8251586,100.0,22945.0
1718735387.0011005,100.0,22945.0
1718735387.1742065,65.0,22945.0
1718735387.3556778,57.0,22945.0
1718735387.549456,99.0,22945.0
1718735387.7105474,100.0,22945.0
1718735387.883259,100.0,22945.0
1718735388.0441897,100.0,22945.0
1718735388.219433,100.0,22945.0
1718735388.390908,100.0,22945.0
1718735388.6511774,6.0,22945.0
1718735388.9170196,64.0,22945.0
1718735389.1529913,99.0,22945.0
1718735389.3431451,100.0,22945.0
1718735389.5196748,100.0,22945.0
1718735389.746429,100.0,22945.0
1718735389.944863,100.0,22945.0
1718735390.1299405,99.0,22945.0
1718735390.326891,20.0,22945.0
1718735390.4778686,20.0,22945.0
1718735390.628932,100.0,22945.0
1718735390.779002,99.0,22945.0
1718735390.922755,100.0,22945.0
1718735391.0728974,100.0,22945.0
1718735391.2223933,100.0,22945.0
1718735391.3708599,100.0,22945.0
1718735391.5489242,100.0,22945.0
1718735391.7321482,43.0,22945.0
1718735391.9243543,92.0,22945.0
1718735392.0981517,99.0,22945.0
1718735392.304016,99.0,22945.0
1718735392.4673405,100.0,22945.0
1718735392.6373472,100.0,22945.0
1718735392.8011255,100.0,22945.0
1718735393.0019488,100.0,22945.0
1718735393.1732495,67.0,22945.0
1718735393.3510334,42.0,22945.0
1718735393.5206316,100.0,22945.0
1718735393.7493,91.0,22945.0
1718735393.9869616,100.0,22945.0
1718735394.224006,100.0,22945.0
1718735394.421581,100.0,22945.0
1718735394.6430278,100.0,22945.0
1718735394.8271103,38.0,22945.0
1718735395.014273,100.0,22945.0
1718735395.186783,99.0,22945.0
1718735395.3367012,100.0,22945.0
1718735395.4866192,100.0,22945.0
1718735395.6379952,100.0,22945.0
1718735395.787816,100.0,22945.0
1718735395.9385622,100.0,22945.0
1718735396.109231,49.0,22945.0
1718735396.30412,49.0,22945.0
1718735396.4745815,73.0,22945.0
1718735396.6568007,92.0,22945.0
1718735396.8264866,100.0,22945.0
1718735397.0283945,100.0,22945.0
1718735397.2114952,100.0,22945.0
1718735397.38752,100.0,22945.0
1718735397.5613358,94.0,22945.0
1718735397.7762215,34.0,22945.0
1718735397.9545538,34.0,22945.0
1718735398.134865,90.0,22945.0
1718735398.3282065,100.0,22945.0
1718735398.5734072,100.0,22945.0
1718735398.7420454,100.0,22945.0
1718735398.9647698,100.0,22945.0
1718735399.1807685,37.0,22945.0
1718735399.3477836,93.0,22945.0
1718735399.521736,99.0,22945.0
1718735399.707204,100.0,22945.0
1718735399.88958,100.0,22945.0
1718735400.0394895,100.0,22945.0
1718735400.1885638,100.0,22945.0
1718735400.3360744,100.0,22945.0
1718735400.4861379,100.0,22945.0
1718735400.6386313,65.0,22945.0
1718735400.7886066,82.0,22945.0
1718735400.992262,99.0,22945.0
1718735401.1687787,100.0,22945.0
1718735401.3579357,100.0,22945.0
1718735401.5569756,100.0,22945.0
1718735401.739235,100.0,22945.0
1718735401.9118264,100.0,22945.0
1718735402.0890803,78.0,22945.0
1718735402.2781808,54.0,22945.0
1718735402.463955,99.0,22945.0
1718735402.6462297,100.0,22945.0
1718735402.8357563,100.0,22945.0
1718735402.9936159,100.0,22945.0
1718735403.218976,100.0,22945.0
1718735403.4841652,7.0,22945.0
1718735403.777175,76.0,22945.0
1718735403.9969175,99.0,22945.0
1718735404.186039,100.0,22945.0
1718735404.372403,100.0,22945.0
1718735404.5460787,100.0,22945.0
1718735404.7050633,100.0,22945.0
1718735404.8553903,100.0,22945.0
1718735405.016609,86.0,22945.0
1718735405.1751263,47.0,22945.0
1718735405.3205967,47.0,22945.0
1718735405.4706833,100.0,22945.0
1718735405.625294,99.0,22945.0
1718735405.8146243,100.0,22945.0
1718735406.013868,100.0,22945.0
1718735406.1946802,100.0,22945.0
1718735406.3746202,100.0,22945.0
1718735406.551991,100.0,22945.0
1718735406.7178886,16.0,22945.0
1718735406.9017968,100.0,22945.0
1718735407.0650377,99.0,22945.0
1718735407.2303307,100.0,22945.0
1718735407.4099982,100.0,22945.0
1718735407.594967,100.0,22945.0
1718735407.7654784,100.0,22945.0
1718735407.9634078,58.0,22945.0
1718735408.2205691,27.0,22945.0
1718735408.4815748,100.0,22945.0
1718735408.668151,99.0,22945.0
1718735408.888945,100.0,22945.0
1718735409.059836,100.0,22945.0
1718735409.2360966,100.0,22945.0
1718735409.4082427,100.0,22945.0
1718735409.5681965,36.0,22945.0
1718735409.7302792,36.0,22945.0
1718735409.876458,98.0,22945.0
1718735410.0191002,99.0,22945.0
1718735410.16658,99.0,22945.0
1718735410.3136084,100.0,22945.0
1718735410.461799,100.0,22945.0
1718735410.6317587,100.0,22945.0
1718735410.8019526,100.0,22945.0
1718735410.979895,100.0,22945.0
1718735411.15959,57.0,22945.0
1718735411.3733897,57.0,22945.0
1718735411.5350797,94.0,22945.0
1718735411.7101912,100.0,22945.0
1718735411.8865423,100.0,22945.0
1718735412.0544922,100.0,22945.0
1718735412.225047,100.0,22945.0
1718735412.4073224,100.0,22945.0
1718735412.571525,44.0,22945.0
1718735412.8184154,100.0,22945.0
1718735413.080521,88.0,22945.0
1718735413.2852545,100.0,22945.0
1718735413.4765866,100.0,22945.0
1718735413.6769788,100.0,22945.0
1718735413.8566518,100.0,22945.0
1718735414.0545433,37.0,22945.0
1718735414.2596726,82.0,22945.0
1718735414.4074614,82.0,22945.0
1718735414.5564995,99.0,22945.0
1718735414.701535,100.0,22945.0
1718735414.844513,100.0,22945.0
1718735414.99454,100.0,22945.0
1718735415.1430748,100.0,22945.0
1718735415.330338,100.0,22945.0
1718735415.5160398,79.0,22945.0
1718735415.7041717,40.0,22945.0
1718735415.8872302,100.0,22945.0
1718735416.058432,99.0,22945.0
1718735416.2419086,100.0,22945.0
1718735416.4289641,100.0,22945.0
1718735416.5943203,100.0,22945.0
1718735416.758575,100.0,22945.0
1718735416.9503832,100.0,22945.0
1718735417.1540265,21.0,22945.0
1718735417.3302398,97.0,22945.0
1718735417.5211139,100.0,22945.0
1718735417.7684567,100.0,22945.0
1718735417.9489484,100.0,22945.0
1718735418.1639795,100.0,22945.0
1718735418.3830838,64.0,22945.0
1718735418.6105316,40.0,22945.0
1718735418.7887208,40.0,22945.0
1718735418.962913,100.0,22945.0
1718735419.119838,99.0,22945.0
1718735419.268118,100.0,22945.0
1718735419.414433,100.0,22945.0
1718735419.5579112,100.0,22945.0
1718735419.705163,100.0,22945.0
1718735419.8554194,100.0,22945.0
1718735420.0305648,21.0,22945.0
1718735420.2346137,21.0,22945.0
1718735420.4089415,77.0,22945.0
1718735420.5974662,99.0,22945.0
1718735420.7665422,100.0,22945.0
1718735420.9608917,100.0,22945.0
1718735421.147203,100.0,22945.0
1718735421.3115492,100.0,22945.0
1718735421.475311,84.0,22945.0
1718735421.6799548,21.0,22945.0
1718735421.8550339,100.0,22945.0
1718735422.036175,99.0,22945.0
1718735422.1902294,100.0,22945.0
1718735422.4364924,100.0,22945.0
1718735422.6469579,100.0,22945.0
1718735422.8739457,100.0,22945.0
1718735423.0636835,38.0,22945.0
1718735423.2673035,60.0,22945.0
1718735423.4361217,99.0,22945.0
1718735423.6089613,99.0,22945.0
1718735423.781485,100.0,22945.0
1718735423.9324768,100.0,22945.0
1718735424.0832124,100.0,22945.0
1718735424.2291546,100.0,22945.0
1718735424.3723602,100.0,22945.0
1718735424.5194778,99.0,22945.0
1718735424.6790156,34.0,22945.0
1718735424.8758502,100.0,22945.0
1718735425.0491042,100.0,22945.0
1718735425.2249653,91.0,22945.0
1718735425.399681,100.0,22945.0
1718735425.6100218,100.0,22945.0
1718735425.7707293,100.0,22945.0
1718735425.9587436,100.0,22945.0
1718735426.1544855,35.0,22945.0
1718735426.322169,88.0,22945.0
1718735426.4890816,88.0,22945.0
1718735426.6648908,100.0,22945.0
1718735426.840632,100.0,22945.0
1718735427.0056028,100.0,22945.0
1718735427.232603,100.0,22945.0
1718735427.4353623,74.0,22945.0
1718735427.736977,0.0,22945.0
1718735427.9144843,94.0,22945.0
1718735428.0920162,94.0,22945.0
1718735428.2563374,99.0,22945.0
1718735428.4246976,100.0,22945.0
1718735428.5946283,100.0,22945.0
1718735428.7425513,100.0,22945.0
1718735428.8898888,100.0,22945.0
1718735429.035364,100.0,22945.0
1718735429.176841,65.0,22945.0
1718735429.3260913,71.0,22945.0
1718735429.475251,99.0,22945.0
1718735429.6647184,100.0,22945.0
1718735429.854435,100.0,22945.0
1718735430.0242817,100.0,22945.0
1718735430.2189257,100.0,22945.0
1718735430.39008,100.0,22945.0
1718735430.580259,90.0,22945.0
1718735430.7733974,43.0,22945.0
1718735430.934728,100.0,22945.0
1718735431.109803,99.0,22945.0
1718735431.3065557,100.0,22945.0
1718735431.4748144,100.0,22945.0
1718735431.6607804,100.0,22945.0
1718735431.8150094,100.0,22945.0
1718735432.0318115,100.0,22945.0
1718735432.2636228,72.0,22945.0
1718735432.5233595,98.0,22945.0
1718735432.742985,100.0,22945.0
1718735432.9128437,100.0,22945.0
1718735433.080639,100.0,22945.0
1718735433.254037,100.0,22945.0
1718735433.4229078,100.0,22945.0
1718735433.57625,89.0,22945.0
1718735433.7288816,63.0,22945.0
1718735433.882747,99.0,22945.0
1718735434.0300124,99.0,22945.0
1718735434.1843607,100.0,22945.0
1718735434.3371613,100.0,22945.0
1718735434.5342247,100.0,22945.0
1718735434.7104387,100.0,22945.0
1718735434.8716497,100.0,22945.0
1718735435.054258,98.0,22945.0
1718735435.2406282,15.0,22945.0
1718735435.403278,100.0,22945.0
1718735435.579705,99.0,22945.0
1718735435.7338705,100.0,22945.0
1718735435.9027205,100.0,22945.0
1718735436.0933378,100.0,22945.0
1718735436.2677455,100.0,22945.0
1718735436.4372277,100.0,22945.0
1718735436.6265383,46.0,22945.0
1718735436.871644,87.0,22945.0
1718735437.0617132,87.0,22945.0
1718735437.269605,100.0,22945.0
1718735437.4527776,100.0,22945.0
1718735437.665964,100.0,22945.0
1718735437.8179896,100.0,22945.0
1718735438.0490258,9.0,22945.0
1718735438.2679517,9.0,22945.0
1718735438.4182737,96.0,22945.0
1718735438.5651648,97.0,22945.0
1718735438.7107859,100.0,22945.0
1718735438.8552148,100.0,22945.0
1718735439.002487,100.0,22945.0
1718735439.1504023,100.0,22945.0
1718735439.3175926,100.0,22945.0
1718735439.4940667,100.0,22945.0
1718735439.692238,65.0,22945.0
1718735439.868567,53.0,22945.0
1718735440.0671256,99.0,22945.0
1718735440.2282937,100.0,22945.0
1718735440.4048934,100.0,22945.0
1718735440.562959,100.0,22945.0
1718735440.7394896,100.0,22945.0
1718735440.927765,100.0,22945.0
1718735441.11763,100.0,22945.0
1718735441.3160493,10.0,22945.0
1718735441.5057843,99.0,22945.0
1718735441.7262404,99.0,22945.0
1718735441.8844156,100.0,22945.0
1718735442.0883715,100.0,22945.0
1718735442.24046,100.0,22945.0
1718735442.449358,100.0,22945.0
1718735442.618051,61.0,22945.0
1718735442.811322,69.0,22945.0
1718735442.9893427,99.0,22945.0
1718735443.1452374,100.0,22945.0
1718735443.293394,100.0,22945.0
1718735443.4430254,100.0,22945.0
1718735443.595339,100.0,22945.0
1718735443.7431247,100.0,22945.0
1718735443.9015806,100.0,22945.0
1718735444.0493662,93.0,22945.0
1718735444.2450707,14.0,22945.0
1718735444.4381526,100.0,22945.0
1718735444.6261437,99.0,22945.0
1718735444.8004162,100.0,22945.0
1718735445.0078273,100.0,22945.0
1718735445.1690729,100.0,22945.0
1718735445.3424215,100.0,22945.0
1718735445.493102,100.0,22945.0
1718735445.658615,46.0,22945.0
1718735445.8230624,88.0,22945.0
1718735446.0029197,99.0,22945.0
1718735446.1787057,99.0,22945.0
1718735446.3450184,100.0,22945.0
1718735446.6006625,100.0,22945.0
1718735446.8025098,100.0,22945.0
1718735447.0264847,73.0,22945.0
1718735447.280429,100.0,22945.0
1718735447.4800413,100.0,22945.0
1718735447.6684005,99.0,22945.0
1718735447.8500152,100.0,22945.0
1718735448.0019867,100.0,22945.0
1718735448.1524088,100.0,22945.0
1718735448.300918,100.0,22945.0
1718735448.4487352,100.0,22945.0
1718735448.600062,35.0,22945.0
1718735448.7525501,97.0,22945.0
1718735448.9377213,97.0,22945.0
1718735449.1063335,99.0,22945.0
1718735449.2944012,100.0,22945.0
1718735449.4669147,100.0,22945.0
1718735449.653914,100.0,22945.0
1718735449.8211262,100.0,22945.0
1718735450.0191803,64.0,22945.0
1718735450.2190812,45.0,22945.0
1718735450.3810399,100.0,22945.0
1718735450.5607684,100.0,22945.0
1718735450.742398,92.0,22945.0
1718735450.916496,100.0,22945.0
1718735451.1056542,100.0,22945.0
1718735451.3385131,100.0,22945.0
1718735451.5038114,24.0,22945.0
1718735451.7250516,24.0,22945.0
1718735451.9422681,98.0,22945.0
1718735452.108941,98.0,22945.0
1718735452.269586,100.0,22945.0
1718735452.4358318,100.0,22945.0
1718735452.6145897,100.0,22945.0
1718735452.7637763,100.0,22945.0
1718735452.9140093,100.0,22945.0
1718735453.0710585,98.0,22945.0
1718735453.2322555,36.0,22945.0
1718735453.3817468,100.0,22945.0
1718735453.5441196,100.0,22945.0
1718735453.7179937,99.0,22945.0
1718735453.8985136,100.0,22945.0
1718735454.0838406,100.0,22945.0
1718735454.2527654,100.0,22945.0
1718735454.4333055,100.0,22945.0
1718735454.6031446,26.0,22945.0
1718735454.8029096,88.0,22945.0
1718735454.9831278,88.0,22945.0
1718735455.152753,99.0,22945.0
1718735455.3313622,100.0,22945.0
1718735455.4969227,100.0,22945.0
1718735455.6862214,100.0,22945.0
1718735455.8395705,100.0,22945.0
1718735456.0542667,71.0,22945.0
1718735456.2943673,100.0,22945.0
1718735456.5503945,100.0,22945.0
1718735456.7659235,100.0,22945.0
1718735456.9587789,100.0,22945.0
1718735457.1196444,100.0,22945.0
1718735457.287841,100.0,22945.0
1718735457.4551136,100.0,22945.0
1718735457.605275,39.0,22945.0
1718735457.7578309,39.0,22945.0
1718735457.9116788,100.0,22945.0
1718735458.0575228,99.0,22945.0
1718735458.2072678,100.0,22945.0
1718735458.357864,100.0,22945.0
1718735458.5093858,100.0,22945.0
1718735458.6841407,100.0,22945.0
1718735458.852773,100.0,22945.0
1718735459.0394034,54.0,22945.0
1718735459.2471337,49.0,22945.0
1718735459.4418437,100.0,22945.0
1718735459.611142,100.0,22945.0
1718735459.7769406,99.0,22945.0
1718735459.950829,100.0,22945.0
1718735460.105886,100.0,22945.0
1718735460.2635086,100.0,22945.0
1718735460.4442945,100.0,22945.0
1718735460.6284752,22.0,22945.0
1718735460.8540041,100.0,22945.0
1718735461.0699701,99.0,22945.0
1718735461.2770696,100.0,22945.0
1718735461.4829004,100.0,22945.0
1718735461.678161,100.0,22945.0
1718735461.8620367,100.0,22945.0
1718735462.0438006,51.0,22945.0
1718735462.2268362,66.0,22945.0
1718735462.3786795,66.0,22945.0
1718735462.528053,99.0,22945.0
1718735462.683659,100.0,22945.0
1718735462.8284266,100.0,22945.0
1718735462.977953,100.0,22945.0
1718735463.1278439,100.0,22945.0
1718735463.28603,100.0,22945.0
1718735463.4645705,95.0,22945.0
1718735463.6639874,10.0,22945.0
1718735463.8546522,100.0,22945.0
1718735464.0192437,100.0,22945.0
1718735464.1861062,93.0,22945.0
1718735464.3448715,100.0,22945.0
1718735464.5125556,100.0,22945.0
1718735464.6855128,100.0,22945.0
1718735464.844807,100.0,22945.0
1718735465.0247028,100.0,22945.0
1718735465.2315736,58.0,22945.0
1718735465.39653,43.0,22945.0
1718735465.6177368,99.0,22945.0
1718735465.8493617,100.0,22945.0
1718735466.0654488,100.0,22945.0
1718735466.2521138,100.0,22945.0
1718735466.4776251,100.0,22945.0
1718735466.6410236,100.0,22945.0
1718735466.8097994,100.0,22945.0
1718735466.9805186,100.0,22945.0
1718735467.138096,99.0,22945.0
1718735467.2865338,100.0,22945.0
1718735467.4329245,100.0,22945.0
1718735467.5800447,100.0,22945.0
1718735467.724445,100.0,22945.0
1718735467.8727114,100.0,22945.0
1718735468.0227914,100.0,22945.0
1718735468.1958268,52.0,22945.0
1718735468.3827932,74.0,22945.0
1718735468.5561702,98.0,22945.0
1718735468.7382584,100.0,22945.0
1718735468.9299479,100.0,22945.0
1718735469.1360657,100.0,22945.0
1718735469.3172784,100.0,22945.0
1718735469.4810975,89.0,22945.0
1718735469.6771922,89.0,22945.0
1718735469.8459778,34.0,22945.0
1718735470.0216298,100.0,22945.0
1718735470.191478,99.0,22945.0
1718735470.3582532,100.0,22945.0
1718735470.5863268,100.0,22945.0
1718735470.7769694,100.0,22945.0
1718735471.005423,100.0,22945.0
1718735471.167378,26.0,22945.0
1718735471.3775587,84.0,22945.0
1718735471.5341256,99.0,22945.0
1718735471.712688,100.0,22945.0
1718735471.9019384,100.0,22945.0
1718735472.049397,100.0,22945.0
1718735472.1984801,100.0,22945.0
1718735472.3450053,100.0,22945.0
1718735472.4865994,76.0,22945.0
1718735472.6431487,76.0,22945.0
1718735472.7914546,57.0,22945.0
1718735472.9865386,99.0,22945.0
1718735473.1604009,100.0,22945.0
1718735473.3317688,100.0,22945.0
1718735473.5197444,100.0,22945.0
1718735473.6855261,100.0,22945.0
1718735473.8604214,100.0,22945.0
1718735474.0209565,100.0,22945.0
1718735474.200694,8.0,22945.0
1718735474.3669612,100.0,22945.0
1718735474.5546608,99.0,22945.0
1718735474.7356973,100.0,22945.0
1718735474.9052315,100.0,22945.0
1718735475.0634234,100.0,22945.0
1718735475.2935424,100.0,22945.0
1718735475.556093,60.0,22945.0
1718735475.7847495,17.0,22945.0
1718735476.0021768,100.0,22945.0
