timestamp,gpu_util,gpu_mem
1718636013.4704876,0.0,3.0
1718636013.6150832,0.0,3.0
1718636013.7666266,0.0,3.0
1718636013.9179077,0.0,15.0
1718636014.096041,11.0,545.0
1718636014.2541325,11.0,613.0
1718636014.4140465,8.0,703.0
1718636014.5779808,6.0,793.0
1718636014.7456145,6.0,891.0
1718636014.9155483,5.0,979.0
1718636015.087827,9.0,1215.0
1718636015.2623582,9.0,1215.0
1718636015.4377296,0.0,1215.0
1718636015.6100574,0.0,1215.0
1718636015.7850676,0.0,1215.0
1718636016.0700238,0.0,1215.0
1718636016.2412946,0.0,1215.0
1718636016.4150977,0.0,1215.0
1718636016.5916517,0.0,1215.0
1718636016.7690325,0.0,1215.0
1718636016.9443135,0.0,1215.0
1718636017.117889,0.0,1215.0
1718636017.2934315,0.0,1215.0
1718636017.4631119,0.0,1215.0
1718636017.6380014,0.0,1215.0
1718636017.8130822,0.0,1215.0
1718636017.9905503,0.0,1215.0
1718636018.1617022,0.0,1215.0
1718636018.335435,0.0,1215.0
1718636018.5081367,0.0,1215.0
1718636018.6836576,0.0,1215.0
1718636018.858044,0.0,1215.0
1718636019.029977,0.0,1215.0
1718636019.2116952,0.0,1215.0
1718636019.3837326,0.0,1215.0
1718636019.5535793,0.0,1215.0
1718636019.725162,0.0,1214.0
1718636019.8984106,0.0,1214.0
1718636020.0697,0.0,1214.0
1718636020.2417817,0.0,1214.0
1718636020.4136977,0.0,1214.0
1718636020.5889058,0.0,1214.0
1718636020.7585614,0.0,1214.0
1718636020.9342713,0.0,1214.0
1718636021.1103306,0.0,1214.0
1718636021.2856793,0.0,1214.0
1718636021.4595394,0.0,1214.0
1718636021.6340706,0.0,1214.0
1718636021.8072827,0.0,1214.0
1718636021.9909878,0.0,1214.0
1718636022.1671495,0.0,1214.0
1718636022.3407202,0.0,1214.0
1718636022.518067,0.0,1214.0
1718636022.6909122,0.0,1214.0
1718636022.8718157,0.0,1214.0
1718636023.0450673,0.0,1214.0
1718636023.2230058,0.0,1214.0
1718636023.3945866,0.0,1214.0
1718636023.568513,0.0,1214.0
1718636023.747533,0.0,1214.0
1718636023.9214966,0.0,1214.0
1718636024.0936277,0.0,1214.0
1718636024.2650971,0.0,1214.0
1718636024.4360151,0.0,1214.0
1718636024.6057162,0.0,1214.0
1718636024.7757168,0.0,1214.0
1718636024.9488132,0.0,1214.0
1718636025.120629,0.0,1214.0
1718636025.2927759,0.0,1214.0
1718636025.4652388,0.0,1214.0
1718636025.6379812,0.0,1214.0
1718636025.8102188,0.0,1214.0
1718636025.981636,0.0,1214.0
1718636026.1537788,0.0,1214.0
1718636026.329767,0.0,1214.0
1718636026.5013862,0.0,1214.0
1718636026.6840918,0.0,1214.0
1718636026.8569965,0.0,1214.0
1718636027.0325012,0.0,1214.0
1718636027.2081916,0.0,1214.0
1718636027.3802001,0.0,1214.0
1718636027.5519068,0.0,1214.0
1718636027.7253306,0.0,1214.0
1718636027.8964305,0.0,1214.0
1718636028.0695767,0.0,1214.0
1718636028.245879,0.0,1214.0
1718636028.4191062,0.0,1214.0
1718636028.5950007,0.0,1214.0
1718636028.7694101,0.0,1214.0
1718636028.9423852,0.0,1214.0
1718636029.1149173,0.0,1214.0
1718636029.2911534,0.0,1214.0
1718636029.4652402,0.0,1214.0
1718636029.6380377,0.0,1214.0
1718636029.8125963,0.0,1214.0
1718636029.984754,0.0,1214.0
1718636030.161112,0.0,1214.0
1718636030.3343937,0.0,1214.0
1718636030.5056484,0.0,1214.0
1718636030.6777842,0.0,1214.0
1718636030.8512406,0.0,1214.0
1718636031.028718,0.0,1214.0
1718636031.201244,0.0,1214.0
1718636031.3752773,0.0,1214.0
1718636031.5501528,0.0,1214.0
1718636031.7227046,0.0,1214.0
1718636031.9014103,0.0,1214.0
1718636032.076105,0.0,1214.0
1718636032.2441962,0.0,1214.0
1718636032.414609,0.0,1214.0
1718636032.5817053,0.0,1214.0
1718636032.7546852,0.0,1214.0
1718636032.940017,0.0,1214.0
1718636033.1248543,0.0,1214.0
1718636033.304799,0.0,1214.0
1718636033.4907794,0.0,1214.0
1718636033.6795113,0.0,1214.0
1718636033.8682907,0.0,1214.0
1718636034.0454128,0.0,1214.0
1718636034.224599,0.0,1214.0
1718636034.402964,0.0,1214.0
1718636034.5859249,0.0,1214.0
1718636034.7640867,0.0,1214.0
1718636034.9427085,0.0,1214.0
1718636035.1244874,0.0,1214.0
1718636035.305402,0.0,1214.0
1718636035.4831934,0.0,1214.0
1718636035.6593118,0.0,1214.0
1718636035.837724,0.0,1214.0
1718636036.0171072,0.0,1214.0
1718636036.194751,0.0,1214.0
1718636036.3721776,0.0,1214.0
1718636036.5512152,0.0,1214.0
1718636036.7298522,0.0,1214.0
1718636036.9005234,0.0,1214.0
1718636037.0738401,0.0,1214.0
1718636037.2498043,0.0,1214.0
1718636037.422305,0.0,1214.0
1718636037.6078398,0.0,1214.0
1718636037.783925,0.0,1214.0
1718636037.961083,0.0,1214.0
1718636038.1376576,0.0,1214.0
1718636038.3329787,0.0,1214.0
1718636038.5113873,0.0,1214.0
1718636038.685932,0.0,1214.0
1718636038.8870118,0.0,1214.0
1718636039.0634887,0.0,1214.0
1718636039.2359595,0.0,1214.0
1718636039.4110842,0.0,1214.0
1718636039.5872931,0.0,1214.0
1718636039.7662518,0.0,1214.0
1718636039.93897,0.0,1214.0
1718636040.110305,0.0,1214.0
1718636040.3051114,0.0,1214.0
1718636040.47547,0.0,1214.0
1718636040.6512985,0.0,1214.0
1718636040.8276072,0.0,1214.0
1718636041.0054424,0.0,1214.0
1718636041.183021,0.0,1214.0
1718636041.3620048,0.0,1214.0
1718636041.546786,0.0,1214.0
1718636041.7204094,0.0,1214.0
1718636041.894738,0.0,1214.0
1718636042.0697508,0.0,1214.0
1718636042.243048,0.0,1214.0
1718636042.416066,0.0,1214.0
1718636042.5913184,0.0,1214.0
1718636042.7653108,0.0,1214.0
1718636042.9391718,0.0,1214.0
1718636043.1160674,0.0,1214.0
1718636043.2901978,0.0,1214.0
1718636043.46559,0.0,1214.0
1718636043.6404862,0.0,1214.0
1718636043.8149683,0.0,1214.0
1718636043.99204,0.0,1214.0
1718636044.1680865,0.0,1214.0
1718636044.343041,0.0,1214.0
1718636044.5137389,0.0,1214.0
1718636044.6899264,0.0,1214.0
1718636044.8628647,0.0,1214.0
1718636045.042064,0.0,1214.0
1718636045.2169802,0.0,1214.0
1718636045.393259,0.0,1214.0
1718636045.5666769,0.0,1214.0
1718636045.7468908,0.0,1214.0
1718636045.9258616,0.0,1214.0
1718636046.0988417,0.0,1214.0
1718636046.2726374,0.0,1214.0
1718636046.4487672,0.0,1214.0
1718636046.6213377,0.0,1214.0
1718636046.7954736,0.0,1214.0
1718636046.9708557,0.0,1214.0
1718636047.1488922,0.0,1214.0
1718636047.3276079,0.0,1214.0
1718636047.5059154,0.0,1214.0
1718636047.689759,0.0,1214.0
1718636047.8632636,0.0,1214.0
1718636048.037687,0.0,1214.0
1718636048.2105994,0.0,1214.0
1718636048.3838964,0.0,1214.0
1718636048.557206,0.0,1214.0
1718636048.733736,0.0,1214.0
1718636048.9079597,0.0,1214.0
1718636049.212866,0.0,1214.0
1718636049.6165304,0.0,1214.0
1718636049.963219,0.0,1214.0
1718636050.3443336,0.0,1214.0
1718636050.6625335,0.0,1214.0
1718636051.0030777,0.0,1214.0
1718636051.2721171,0.0,1214.0
1718636051.4923575,0.0,1214.0
1718636051.7191124,0.0,1214.0
1718636051.9988275,0.0,1214.0
1718636052.4302597,0.0,1214.0
1718636052.6957545,0.0,1214.0
1718636052.8985755,0.0,1214.0
1718636053.1481376,0.0,1214.0
1718636053.4077263,0.0,1214.0
1718636053.6296546,0.0,1214.0
1718636053.884362,0.0,1214.0
1718636054.1605766,0.0,1214.0
1718636054.5994246,0.0,1214.0
1718636054.8733356,0.0,1214.0
1718636055.0492482,0.0,1214.0
1718636055.7116299,0.0,1214.0
1718636055.884437,0.0,1214.0
1718636056.0571933,0.0,1214.0
1718636056.2296963,0.0,1214.0
1718636056.4028528,0.0,1214.0
1718636056.5743706,0.0,1214.0
1718636056.7472672,0.0,1214.0
1718636056.9206467,0.0,1214.0
1718636057.0946076,0.0,1214.0
1718636057.2656734,0.0,1214.0
1718636057.4382362,0.0,1214.0
1718636057.6124055,0.0,1214.0
1718636057.7850623,0.0,1214.0
1718636057.9597852,0.0,1214.0
1718636058.1361032,0.0,1214.0
1718636058.3096468,0.0,1214.0
1718636058.4812937,0.0,1214.0
1718636058.656444,0.0,1214.0
1718636058.8296802,0.0,1214.0
1718636059.0084803,0.0,1214.0
1718636059.3150022,0.0,1214.0
1718636059.780176,0.0,1214.0
1718636060.089111,0.0,1214.0
1718636060.4704776,0.0,1214.0
1718636060.7701938,0.0,1214.0
1718636060.945223,0.0,1214.0
1718636061.1205604,0.0,1214.0
1718636061.2956934,0.0,1214.0
1718636061.472639,0.0,1214.0
1718636061.6494386,0.0,1214.0
1718636061.8282912,0.0,1214.0
1718636062.007684,0.0,1214.0
1718636062.182564,0.0,1214.0
1718636062.3553329,0.0,1214.0
1718636062.5320268,0.0,1214.0
1718636062.7066858,0.0,1214.0
1718636062.878679,0.0,1214.0
1718636063.053267,0.0,1214.0
1718636063.228837,0.0,1214.0
1718636063.4005861,0.0,1214.0
1718636063.575163,0.0,1214.0
1718636063.7500446,0.0,1214.0
1718636063.9260206,0.0,1214.0
1718636064.1008134,0.0,1214.0
1718636064.274442,0.0,1214.0
1718636064.449295,0.0,1214.0
1718636064.6276731,0.0,1214.0
1718636064.8029716,0.0,1214.0
1718636064.9775147,0.0,1214.0
1718636065.1540213,0.0,1214.0
1718636065.3293476,0.0,1214.0
1718636065.5066319,0.0,1214.0
1718636065.6796088,0.0,1214.0
1718636065.8579645,0.0,1214.0
1718636066.032938,0.0,1214.0
1718636066.2110894,0.0,1214.0
1718636066.38782,0.0,1214.0
1718636066.565071,0.0,1214.0
1718636066.74032,0.0,1214.0
1718636066.9087455,0.0,1214.0
1718636067.0840864,0.0,1214.0
1718636067.2614715,0.0,1214.0
1718636067.4386356,0.0,1214.0
1718636067.616397,0.0,1214.0
1718636067.7905805,0.0,1214.0
1718636067.9665315,0.0,1214.0
1718636068.1415312,0.0,1214.0
1718636068.3172688,0.0,1214.0
1718636068.490278,0.0,1214.0
1718636068.6650357,0.0,1214.0
1718636068.832799,0.0,1214.0
1718636069.0013738,0.0,1214.0
1718636069.1800315,0.0,1214.0
1718636069.3559601,0.0,1214.0
1718636069.532434,0.0,1214.0
1718636069.7102702,0.0,1214.0
1718636069.8829064,0.0,1214.0
1718636070.0601707,0.0,1214.0
1718636070.2363505,0.0,1214.0
1718636070.4136393,0.0,1214.0
1718636070.5882206,0.0,1214.0
1718636070.7592425,0.0,1214.0
1718636070.9337997,0.0,1214.0
1718636071.1075659,0.0,1214.0
1718636071.2844462,0.0,1214.0
1718636071.460939,0.0,1214.0
1718636071.6364548,0.0,1214.0
1718636071.809939,0.0,1214.0
1718636071.9848158,0.0,1214.0
1718636072.1582093,0.0,1214.0
1718636072.3357923,0.0,1214.0
1718636072.5077367,0.0,1214.0
1718636072.6846478,0.0,1214.0
1718636072.8566887,0.0,1214.0
1718636073.0274024,0.0,1214.0
1718636073.2037997,0.0,1214.0
1718636073.3801315,0.0,1214.0
1718636073.555448,0.0,1214.0
1718636073.7275321,0.0,1214.0
1718636073.9056218,0.0,1214.0
1718636074.0813808,0.0,1214.0
1718636074.2537618,0.0,1214.0
1718636074.4270344,0.0,1214.0
1718636074.601835,0.0,1214.0
1718636074.8034458,0.0,1214.0
1718636074.981911,0.0,1214.0
1718636075.1602519,0.0,1214.0
1718636075.336605,0.0,1214.0
1718636075.5153992,0.0,1214.0
1718636075.6921973,0.0,1214.0
1718636075.8815584,0.0,1214.0
1718636076.0573797,0.0,1214.0
1718636076.227057,0.0,1214.0
1718636076.3983514,0.0,1214.0
1718636076.574457,0.0,1214.0
1718636076.7516375,0.0,1214.0
1718636076.9227266,0.0,1214.0
1718636077.098731,0.0,1214.0
1718636077.2748792,0.0,1214.0
1718636077.445655,0.0,1214.0
1718636077.6211052,0.0,1214.0
1718636077.7960649,0.0,1214.0
1718636077.9693823,0.0,1214.0
1718636078.1466284,0.0,1214.0
1718636078.3232193,0.0,1214.0
1718636078.496074,0.0,1214.0
1718636078.6719472,0.0,1214.0
1718636078.839871,0.0,1214.0
1718636079.014966,0.0,1214.0
1718636079.1863303,0.0,1214.0
1718636079.3632665,0.0,1214.0
1718636079.5402975,0.0,1214.0
1718636079.7152514,0.0,1214.0
1718636079.8863103,0.0,1214.0
1718636080.0541465,0.0,1214.0
1718636080.225683,0.0,1214.0
1718636080.4024591,0.0,1214.0
1718636080.5750663,0.0,1214.0
1718636080.7533925,0.0,1214.0
1718636080.927516,0.0,1214.0
1718636081.0995393,0.0,1214.0
1718636081.2756596,0.0,1214.0
1718636081.449565,0.0,1214.0
1718636081.6234457,0.0,1214.0
1718636081.801409,0.0,1214.0
1718636081.9784853,0.0,1214.0
1718636082.149929,0.0,1214.0
1718636082.3252587,0.0,1214.0
1718636082.5006428,0.0,1214.0
1718636082.6788824,0.0,1214.0
1718636082.8538318,0.0,1214.0
1718636083.0285048,0.0,1214.0
1718636083.196995,0.0,1214.0
1718636083.3725696,0.0,1214.0
1718636083.5470452,0.0,1214.0
1718636083.719885,0.0,1214.0
1718636083.8945715,0.0,1214.0
1718636084.0731072,0.0,1214.0
1718636084.2496176,0.0,1214.0
1718636084.4229023,0.0,1214.0
1718636084.593981,0.0,1214.0
1718636084.7698894,0.0,1214.0
1718636084.9423268,0.0,1214.0
1718636085.1195247,0.0,1214.0
1718636085.2910216,0.0,1214.0
1718636085.4682012,0.0,1214.0
1718636085.6438937,0.0,1214.0
1718636085.82081,0.0,1214.0
1718636085.9990337,0.0,1214.0
1718636086.1799643,0.0,1214.0
1718636086.3510895,0.0,1214.0
1718636086.5210507,0.0,1214.0
1718636086.6954033,0.0,1214.0
1718636086.8711011,0.0,1214.0
1718636087.0458603,0.0,1214.0
1718636087.2174873,0.0,1214.0
1718636087.3945844,0.0,1214.0
1718636087.5708606,0.0,1214.0
1718636087.7503083,0.0,1214.0
1718636087.9275095,0.0,1214.0
1718636088.104402,0.0,1214.0
1718636088.284629,0.0,1214.0
1718636088.457115,0.0,1214.0
1718636088.6324842,0.0,1214.0
1718636088.8065002,0.0,1214.0
1718636088.9744985,0.0,1214.0
1718636089.1495206,0.0,1214.0
1718636089.3279254,0.0,1214.0
1718636089.5046818,0.0,1214.0
1718636089.6797037,0.0,1214.0
1718636089.856763,0.0,1214.0
1718636090.035371,0.0,1214.0
1718636090.212032,0.0,1214.0
1718636090.3923693,0.0,1214.0
1718636090.5710292,0.0,1214.0
1718636090.7453513,0.0,1214.0
1718636090.9239624,0.0,1214.0
1718636091.0952244,0.0,1214.0
1718636091.2731655,0.0,1214.0
1718636091.451289,0.0,1214.0
1718636091.6272051,0.0,1214.0
1718636091.8029943,0.0,1214.0
1718636091.9739914,0.0,1214.0
1718636092.1511536,0.0,1214.0
1718636092.3215234,0.0,1214.0
1718636092.4952717,0.0,1214.0
1718636092.6685097,0.0,1214.0
1718636092.8446574,0.0,1214.0
1718636093.0171983,0.0,1214.0
1718636093.1949105,0.0,1214.0
1718636093.3728142,0.0,1214.0
1718636093.544486,0.0,1214.0
1718636093.7212787,0.0,1214.0
1718636093.893167,0.0,1214.0
1718636094.0711057,0.0,1214.0
1718636094.2493014,0.0,1214.0
1718636094.4229023,0.0,1214.0
1718636094.6022844,0.0,1214.0
1718636094.7789295,0.0,1214.0
1718636094.9545636,0.0,1214.0
1718636095.130805,0.0,1214.0
1718636095.3038635,0.0,1214.0
1718636095.4799833,0.0,1214.0
1718636095.6512349,0.0,1214.0
1718636095.830098,0.0,1214.0
1718636096.005654,0.0,1214.0
1718636096.17966,0.0,1214.0
1718636096.354248,0.0,1214.0
1718636096.5309486,0.0,1214.0
1718636096.707672,0.0,1214.0
1718636096.8759303,0.0,1214.0
1718636097.0450988,0.0,1214.0
1718636097.2163532,0.0,1214.0
1718636097.3893232,0.0,1214.0
1718636097.5667326,0.0,1214.0
1718636097.7370276,0.0,1214.0
1718636097.915766,0.0,1214.0
1718636098.0905411,0.0,1214.0
1718636098.2663262,0.0,1214.0
1718636098.4447646,0.0,1214.0
1718636098.616426,0.0,1214.0
1718636098.7914884,0.0,1214.0
1718636098.9606845,0.0,1214.0
1718636099.1315362,0.0,1214.0
1718636099.303946,0.0,1214.0
1718636099.4797163,0.0,1214.0
1718636099.6552572,0.0,1214.0
1718636099.831459,0.0,1214.0
1718636100.0075955,0.0,1214.0
1718636100.1805649,0.0,1214.0
1718636100.3530064,0.0,1214.0
1718636100.5247521,0.0,1214.0
1718636100.7011886,0.0,1214.0
1718636100.8772714,0.0,1214.0
1718636101.0536134,0.0,1214.0
1718636101.2244408,0.0,1214.0
1718636101.4003854,0.0,1214.0
1718636101.579865,0.0,1214.0
1718636101.7568119,0.0,1214.0
1718636101.9334116,0.0,1214.0
1718636102.1114874,0.0,1214.0
1718636102.2820897,0.0,1214.0
1718636102.4540324,0.0,1214.0
1718636102.6310608,0.0,1214.0
1718636102.8011818,0.0,1214.0
1718636102.97415,0.0,1214.0
1718636103.1507585,0.0,1214.0
1718636103.3226867,0.0,1214.0
1718636103.494454,0.0,1214.0
1718636103.6711702,0.0,1214.0
1718636103.8479006,0.0,1214.0
1718636104.0223618,0.0,1214.0
1718636104.191964,0.0,1214.0
1718636104.363455,0.0,1214.0
1718636104.5429387,0.0,1214.0
1718636104.7167556,0.0,1214.0
1718636104.892132,0.0,1214.0
1718636105.0673654,0.0,1214.0
1718636105.2445626,0.0,1214.0
1718636105.4150918,0.0,1214.0
1718636105.5893106,0.0,1214.0
1718636105.7695186,0.0,1214.0
1718636105.947495,0.0,1214.0
1718636106.1226788,0.0,1214.0
1718636106.294095,0.0,1214.0
1718636106.4700952,0.0,1214.0
1718636106.6456957,0.0,1214.0
1718636106.821061,0.0,1214.0
1718636106.99249,0.0,1214.0
1718636107.1705437,0.0,1214.0
1718636107.3463428,0.0,1214.0
1718636107.519536,0.0,1214.0
1718636107.7201664,0.0,1214.0
1718636107.920707,0.0,1214.0
1718636108.0968354,0.0,1214.0
1718636108.2735054,0.0,1214.0
1718636108.4449332,0.0,1214.0
1718636108.6203353,0.0,1214.0
1718636108.7941363,0.0,1214.0
1718636108.97174,0.0,1214.0
1718636109.1472814,0.0,1214.0
1718636109.319606,0.0,1214.0
1718636109.4943027,0.0,1214.0
1718636109.6654758,0.0,1214.0
1718636109.8345385,0.0,1214.0
1718636110.0034795,0.0,1214.0
1718636110.1756513,0.0,1214.0
1718636110.3530943,0.0,1214.0
1718636110.5295033,0.0,1214.0
1718636110.7033625,0.0,1214.0
1718636110.8803222,0.0,1214.0
1718636111.048624,0.0,1214.0
1718636111.2179282,0.0,1214.0
1718636111.389612,0.0,1214.0
1718636111.5605593,0.0,1214.0
1718636111.731469,0.0,1214.0
1718636111.9068203,0.0,1214.0
1718636112.0795114,0.0,1214.0
1718636112.251055,0.0,1214.0
1718636112.42557,0.0,1214.0
1718636112.601306,0.0,1214.0
1718636112.7794812,0.0,1214.0
1718636112.956637,0.0,1214.0
1718636113.1307352,0.0,1214.0
1718636113.3071141,0.0,1214.0
1718636113.4833598,0.0,1214.0
1718636113.6549122,0.0,1214.0
1718636113.8310804,0.0,1214.0
1718636114.0090811,0.0,1214.0
1718636114.1831877,0.0,1214.0
1718636114.3550355,0.0,1214.0
1718636114.530513,0.0,1214.0
1718636114.7066543,0.0,1214.0
1718636114.874516,0.0,1214.0
1718636115.0502923,0.0,1214.0
1718636115.2193637,0.0,1214.0
1718636115.3963087,0.0,1214.0
1718636115.5725358,0.0,1214.0
1718636115.7425525,0.0,1214.0
1718636115.9166553,0.0,1214.0
1718636116.089665,0.0,1214.0
1718636116.2632623,0.0,1214.0
1718636116.4364936,0.0,1214.0
1718636116.613198,0.0,1214.0
1718636116.7900755,0.0,1214.0
1718636116.965455,0.0,1214.0
1718636117.1402135,0.0,1214.0
1718636117.3194125,0.0,1214.0
1718636117.4925292,0.0,1214.0
1718636117.6657343,0.0,1214.0
1718636117.8431022,0.0,1214.0
1718636118.0188625,0.0,1214.0
1718636118.1923509,0.0,1214.0
1718636118.3665218,0.0,1214.0
1718636118.542753,0.0,1214.0
1718636118.7192838,0.0,1214.0
1718636118.890676,0.0,1214.0
1718636119.0626683,0.0,1214.0
1718636119.2353857,0.0,1214.0
1718636119.414295,0.0,1214.0
1718636119.5897546,0.0,1214.0
1718636119.7652907,0.0,1214.0
1718636119.9387665,0.0,1214.0
1718636120.1107175,0.0,1214.0
1718636120.2875557,0.0,1214.0
1718636120.4641218,0.0,1214.0
1718636120.6410682,0.0,1214.0
1718636120.8166678,0.0,1214.0
1718636120.984998,0.0,1214.0
1718636121.161736,0.0,1214.0
1718636121.3328857,0.0,1214.0
1718636121.5082366,0.0,1214.0
1718636121.6776474,0.0,1214.0
1718636121.853029,0.0,1214.0
1718636122.0246732,0.0,1214.0
1718636122.2009265,0.0,1214.0
1718636122.372997,0.0,1214.0
1718636122.5439363,0.0,1214.0
1718636122.7184393,0.0,1214.0
1718636122.8911293,0.0,1214.0
1718636123.066471,0.0,1214.0
1718636123.2432575,0.0,1214.0
1718636123.4205077,0.0,1214.0
1718636123.5944915,0.0,1214.0
1718636123.7651975,0.0,1214.0
1718636123.9402454,0.0,1214.0
1718636124.1128328,0.0,1214.0
1718636124.2860408,0.0,1214.0
1718636124.462874,0.0,1214.0
1718636124.6390448,0.0,1214.0
1718636124.8149035,0.0,1214.0
1718636124.9884884,0.0,1214.0
1718636125.164777,0.0,1214.0
1718636125.3361785,0.0,1214.0
1718636125.512532,0.0,1214.0
1718636125.6878245,0.0,1214.0
1718636125.8599546,0.0,1214.0
1718636126.0315464,0.0,1214.0
1718636126.2069433,0.0,1214.0
1718636126.3789353,0.0,1214.0
1718636126.5528054,0.0,1214.0
1718636126.728203,0.0,1214.0
1718636126.9016469,0.0,1214.0
1718636127.0775373,0.0,1214.0
1718636127.2581604,0.0,1214.0
1718636127.4345007,0.0,1214.0
1718636127.6047237,0.0,1214.0
1718636127.784219,0.0,1214.0
1718636127.960462,0.0,1214.0
1718636128.135563,0.0,1214.0
1718636128.3127608,0.0,1214.0
1718636128.4899797,0.0,1214.0
1718636128.6658137,0.0,1214.0
1718636128.8391566,0.0,1214.0
1718636129.017012,0.0,1214.0
1718636129.192633,0.0,1214.0
1718636129.3609405,0.0,1214.0
1718636129.5339472,0.0,1214.0
1718636129.7107174,0.0,1214.0
1718636129.8873382,0.0,1214.0
1718636130.0634422,0.0,1214.0
1718636130.2424192,0.0,1214.0
1718636130.4188297,0.0,1214.0
1718636130.5951023,0.0,1214.0
1718636130.7681322,0.0,1214.0
1718636130.9420207,0.0,1214.0
1718636131.1182587,0.0,1214.0
1718636131.2898939,0.0,1214.0
1718636131.46559,0.0,1214.0
1718636131.6423373,0.0,1214.0
1718636131.8186219,0.0,1214.0
1718636131.9945345,0.0,1214.0
1718636132.1626906,0.0,1214.0
1718636132.338925,0.0,1214.0
1718636132.5153813,0.0,1214.0
1718636132.687743,0.0,1214.0
1718636132.858618,0.0,1214.0
1718636133.0325134,0.0,1214.0
1718636133.2079895,0.0,1214.0
1718636133.3841176,0.0,1214.0
1718636133.561112,0.0,1214.0
1718636133.7334733,0.0,1214.0
1718636133.909088,0.0,1214.0
1718636134.0865195,0.0,1214.0
1718636134.2632515,0.0,1214.0
1718636134.4338534,0.0,1214.0
1718636134.6097493,0.0,1214.0
1718636134.7847476,0.0,1214.0
1718636134.9560614,0.0,1214.0
1718636135.1296477,0.0,1214.0
1718636135.303517,0.0,1214.0
1718636135.475235,0.0,1214.0
1718636135.6520262,0.0,1214.0
1718636135.8261237,0.0,1214.0
1718636135.99911,0.0,1214.0
1718636136.1759706,0.0,1214.0
1718636136.3459148,0.0,1214.0
1718636136.520209,0.0,1214.0
1718636136.694821,0.0,1214.0
1718636136.8628972,0.0,1214.0
1718636137.0379868,0.0,1214.0
1718636137.211434,0.0,1214.0
1718636137.3873425,0.0,1214.0
1718636137.5620809,0.0,1214.0
1718636137.7392492,0.0,1214.0
1718636137.9164937,0.0,1214.0
1718636138.0912645,0.0,1214.0
1718636138.2630124,0.0,1214.0
1718636138.440403,0.0,1214.0
1718636138.6168494,0.0,1214.0
1718636138.7938793,0.0,1214.0
1718636138.9744604,0.0,1214.0
1718636139.1499705,0.0,1214.0
1718636139.324605,0.0,1214.0
1718636139.4925125,0.0,1214.0
1718636139.6684375,0.0,1214.0
1718636139.845777,0.0,1214.0
1718636140.0213056,0.0,1214.0
1718636140.1954145,0.0,1214.0
1718636140.3728094,0.0,1214.0
1718636140.5415823,0.0,1214.0
1718636140.7445145,0.0,1214.0
1718636140.9481144,0.0,1214.0
1718636141.1197646,0.0,1214.0
1718636141.2956495,0.0,1214.0
1718636141.4692283,0.0,1214.0
1718636141.6513343,0.0,1214.0
1718636141.825698,0.0,1214.0
1718636141.997526,0.0,1214.0
1718636142.1930666,0.0,1214.0
1718636142.3625429,0.0,1214.0
1718636142.5374024,0.0,1214.0
1718636142.7125318,0.0,1214.0
1718636142.8863795,0.0,1214.0
1718636143.0621033,0.0,1214.0
1718636143.237877,0.0,1214.0
1718636143.411256,0.0,1214.0
1718636143.58717,0.0,1214.0
1718636143.7612066,0.0,1214.0
1718636143.939147,0.0,1214.0
1718636144.1128197,0.0,1214.0
1718636144.2892168,0.0,1214.0
1718636144.4611745,0.0,1214.0
1718636144.6346567,0.0,1214.0
1718636144.8128202,0.0,1214.0
1718636144.9914818,0.0,1214.0
1718636145.166991,0.0,1214.0
1718636145.3439405,0.0,1214.0
1718636145.5169368,0.0,1214.0
1718636145.6930506,0.0,1214.0
1718636145.8714588,0.0,1214.0
1718636146.047124,0.0,1214.0
1718636146.2227578,0.0,1214.0
1718636146.4004269,0.0,1214.0
1718636146.5752666,0.0,1214.0
1718636146.7512112,0.0,1214.0
1718636146.927441,0.0,1214.0
1718636147.1001625,0.0,1214.0
1718636147.272963,0.0,1214.0
1718636147.44678,0.0,1214.0
1718636147.6215944,0.0,1214.0
1718636147.8054798,0.0,1214.0
1718636147.9819338,0.0,1214.0
1718636148.1502314,0.0,1214.0
1718636148.3224182,0.0,1214.0
1718636148.4983163,0.0,1214.0
1718636148.6744528,0.0,1214.0
1718636148.8491297,0.0,1214.0
1718636149.025121,0.0,1214.0
1718636149.2014177,0.0,1214.0
1718636149.379577,0.0,1214.0
1718636149.5534148,0.0,1214.0
1718636149.731479,0.0,1214.0
1718636149.9084413,0.0,1214.0
1718636150.07966,0.0,1214.0
1718636150.2551367,0.0,1214.0
1718636150.42761,0.0,1214.0
1718636150.5988777,0.0,1214.0
1718636150.772626,0.0,1214.0
1718636150.9444141,0.0,1214.0
1718636151.1208313,0.0,1214.0
1718636151.2965713,0.0,1214.0
1718636151.4732273,0.0,1214.0
1718636151.651221,0.0,1214.0
1718636151.8269622,0.0,1214.0
1718636151.9981494,0.0,1214.0
1718636152.1731503,0.0,1214.0
1718636152.347721,0.0,1214.0
1718636152.5274394,0.0,1214.0
1718636152.7101455,0.0,1214.0
1718636152.8869965,0.0,1214.0
1718636153.0587678,0.0,1214.0
1718636153.2352057,0.0,1214.0
1718636153.4124935,0.0,1214.0
1718636153.5867758,0.0,1214.0
1718636153.760399,0.0,1214.0
1718636153.9353943,0.0,1214.0
1718636154.1113777,0.0,1214.0
1718636154.2872443,0.0,1214.0
1718636154.4602692,0.0,1214.0
1718636154.6358063,0.0,1214.0
1718636154.8100882,0.0,1214.0
1718636154.9856598,0.0,1214.0
1718636155.1600845,0.0,1214.0
1718636155.331017,0.0,1214.0
1718636155.5059505,0.0,1214.0
1718636155.6825886,0.0,1214.0
1718636155.859777,0.0,1214.0
1718636156.0356677,0.0,1214.0
1718636156.2109594,0.0,1214.0
1718636156.3878376,0.0,1214.0
1718636156.5584824,0.0,1214.0
1718636156.7327306,0.0,1214.0
1718636156.9089582,0.0,1214.0
1718636157.084371,0.0,1214.0
1718636157.258959,0.0,1214.0
1718636157.4328113,0.0,1214.0
1718636157.6095357,0.0,1214.0
1718636157.7844808,0.0,1214.0
1718636157.959015,0.0,1214.0
1718636158.1349356,0.0,1214.0
1718636158.312414,0.0,1214.0
1718636158.483396,0.0,1214.0
1718636158.6588676,0.0,1214.0
1718636158.8380241,0.0,1214.0
1718636159.0110967,0.0,1214.0
1718636159.1866312,0.0,1214.0
1718636159.3626106,0.0,1214.0
1718636159.5386941,0.0,1214.0
1718636159.7074263,0.0,1214.0
1718636159.882447,0.0,1214.0
1718636160.0599272,0.0,1214.0
1718636160.23571,0.0,1214.0
1718636160.4111588,0.0,1214.0
1718636160.5874622,0.0,1214.0
1718636160.7561243,0.0,1214.0
1718636160.9260151,0.0,1214.0
1718636161.098582,0.0,1214.0
1718636161.2692068,0.0,1214.0
1718636161.444618,0.0,1214.0
1718636161.6149707,0.0,1214.0
1718636161.7838573,0.0,1214.0
1718636161.9624856,0.0,1214.0
1718636162.1373837,0.0,1214.0
1718636162.309488,0.0,1214.0
1718636162.4848783,0.0,1214.0
1718636162.662899,0.0,1214.0
1718636162.8436382,0.0,1214.0
1718636163.0208387,0.0,1214.0
1718636163.1912296,0.0,1214.0
1718636163.3639503,0.0,1214.0
1718636163.540469,0.0,1214.0
1718636163.7156415,0.0,1214.0
1718636163.8877258,0.0,1214.0
1718636164.064009,0.0,1214.0
1718636164.240752,0.0,1214.0
1718636164.416371,0.0,1214.0
1718636164.5892546,0.0,1214.0
1718636164.7654223,0.0,1214.0
1718636164.9423406,0.0,1214.0
1718636165.1160862,0.0,1214.0
1718636165.2926192,0.0,1214.0
1718636165.4685614,0.0,1214.0
1718636165.6448216,0.0,1214.0
1718636165.8247097,0.0,1214.0
1718636166.0014505,0.0,1214.0
1718636166.174999,0.0,1214.0
1718636166.3517115,0.0,1214.0
1718636166.5278168,0.0,1214.0
1718636166.7001417,0.0,1214.0
1718636166.8766744,0.0,1214.0
1718636167.050032,0.0,1214.0
1718636167.2210026,0.0,1214.0
1718636167.392552,0.0,1214.0
1718636167.5603907,0.0,1214.0
1718636167.7353947,0.0,1214.0
1718636167.9054697,0.0,1214.0
1718636168.0797076,0.0,1214.0
1718636168.2503846,0.0,1214.0
1718636168.427172,0.0,1214.0
1718636168.6034691,0.0,1214.0
1718636168.7743926,0.0,1214.0
1718636168.9484885,0.0,1214.0
1718636169.1208355,0.0,1214.0
1718636169.296874,0.0,1214.0
1718636169.475028,0.0,1214.0
1718636169.6483896,0.0,1214.0
1718636169.828464,0.0,1214.0
1718636170.0005658,0.0,1214.0
1718636170.1759052,0.0,1214.0
1718636170.3511531,0.0,1214.0
1718636170.5247412,0.0,1214.0
1718636170.698108,0.0,1214.0
1718636170.8700314,0.0,1214.0
1718636171.0430753,0.0,1214.0
1718636171.2167034,0.0,1214.0
1718636171.3908198,0.0,1214.0
1718636171.5644913,0.0,1214.0
1718636171.7411597,0.0,1214.0
1718636171.9172597,0.0,1214.0
1718636172.0955667,0.0,1214.0
1718636172.268181,0.0,1214.0
1718636172.4443915,0.0,1214.0
1718636172.6203613,0.0,1214.0
1718636172.7926466,0.0,1214.0
1718636172.9681926,0.0,1214.0
1718636173.139135,0.0,1214.0
1718636173.3158317,0.0,1214.0
1718636173.4911678,0.0,1214.0
1718636173.6683578,0.0,1214.0
1718636173.8434854,0.0,1214.0
1718636174.0190456,0.0,1214.0
1718636174.194499,0.0,1214.0
1718636174.3717601,0.0,1214.0
1718636174.543273,0.0,1214.0
1718636174.7192278,0.0,1214.0
1718636174.892809,0.0,1214.0
1718636175.0770364,0.0,1214.0
1718636175.2751436,0.0,1214.0
1718636175.452845,0.0,1214.0
1718636175.6548307,0.0,1214.0
1718636175.8305323,0.0,1214.0
1718636176.0246513,0.0,1214.0
1718636176.1950536,0.0,1214.0
1718636176.3650105,0.0,1214.0
1718636176.5351694,0.0,1214.0
1718636176.7124822,0.0,1214.0
1718636176.8891046,0.0,1214.0
1718636177.0648534,0.0,1214.0
1718636177.2354546,0.0,1214.0
1718636177.4127717,0.0,1214.0
1718636177.587403,0.0,1214.0
1718636177.7634466,0.0,1214.0
1718636177.9372516,0.0,1214.0
1718636178.1120071,0.0,1214.0
1718636178.2837129,0.0,1214.0
1718636178.461323,0.0,1214.0
1718636178.6362967,0.0,1214.0
1718636178.808549,0.0,1214.0
1718636178.9837713,0.0,1214.0
1718636179.1546884,0.0,1214.0
1718636179.3305776,0.0,1214.0
1718636179.5075326,0.0,1214.0
1718636179.6829548,0.0,1214.0
1718636179.8582914,0.0,1214.0
1718636180.0346117,0.0,1214.0
1718636180.2023802,0.0,1214.0
1718636180.378784,0.0,1214.0
1718636180.5553863,0.0,1214.0
1718636180.727411,0.0,1214.0
1718636180.9043403,0.0,1214.0
1718636181.079568,0.0,1214.0
1718636181.2516167,0.0,1214.0
1718636181.4333017,0.0,1214.0
1718636181.6024983,0.0,1214.0
1718636181.7736974,0.0,1214.0
1718636181.9509878,0.0,1214.0
1718636182.1226878,0.0,1214.0
1718636182.299024,0.0,1214.0
1718636182.4761057,0.0,1214.0
1718636182.647875,0.0,1214.0
1718636182.8245137,0.0,1214.0
1718636183.0000381,0.0,1214.0
1718636183.1718225,0.0,1214.0
1718636183.3421304,0.0,1214.0
1718636183.5177174,0.0,1214.0
1718636183.690298,0.0,1214.0
1718636183.8603377,0.0,1214.0
1718636184.0298378,0.0,1214.0
1718636184.2027004,0.0,1214.0
1718636184.3784895,0.0,1214.0
1718636184.5485415,0.0,1214.0
1718636184.7287612,0.0,1214.0
1718636184.8981082,0.0,1214.0
1718636185.0742087,0.0,1214.0
1718636185.2487574,0.0,1214.0
1718636185.4208112,0.0,1214.0
1718636185.5919228,0.0,1214.0
1718636185.764472,0.0,1214.0
1718636185.9430122,0.0,1214.0
1718636186.118724,0.0,1214.0
1718636186.2959967,0.0,1214.0
1718636186.473324,0.0,1214.0
1718636186.6485927,0.0,1214.0
1718636186.8250504,0.0,1214.0
1718636186.9961412,0.0,1214.0
1718636187.1705515,0.0,1214.0
1718636187.3433154,0.0,1214.0
1718636187.5200703,0.0,1214.0
1718636187.6965616,0.0,1214.0
1718636187.8701398,0.0,1214.0
1718636188.0426147,0.0,1214.0
1718636188.2108314,0.0,1214.0
1718636188.3837523,0.0,1214.0
1718636188.5603676,0.0,1214.0
1718636188.735684,0.0,1214.0
1718636188.9109514,0.0,1214.0
1718636189.0786488,0.0,1214.0
1718636189.255201,0.0,1214.0
1718636189.4318645,0.0,1214.0
1718636189.6060798,0.0,1214.0
1718636189.7818632,0.0,1214.0
1718636189.9584684,0.0,1214.0
1718636190.1353452,0.0,1214.0
1718636190.3099527,0.0,1214.0
1718636190.478605,0.0,1214.0
1718636190.647907,0.0,1214.0
1718636190.8169444,0.0,1214.0
1718636190.9860442,0.0,1214.0
1718636191.1578882,0.0,1214.0
1718636191.3343062,0.0,1214.0
1718636191.5097303,0.0,1214.0
1718636191.6872864,0.0,1214.0
1718636191.8632703,0.0,1214.0
1718636192.0362298,0.0,1214.0
1718636192.215275,0.0,1214.0
1718636192.3901782,0.0,1214.0
1718636192.5666542,0.0,1214.0
1718636192.737796,0.0,1214.0
1718636192.9102771,0.0,1214.0
1718636193.080891,0.0,1214.0
1718636193.2576475,0.0,1214.0
1718636193.4348009,0.0,1214.0
1718636193.6073146,0.0,1214.0
1718636193.7794185,0.0,1214.0
1718636193.9561353,0.0,1214.0
1718636194.1300986,0.0,1214.0
1718636194.303373,0.0,1214.0
