timestamp,gpu_util,gpu_mem
1719348637.029521,0.0,4.0
1719348637.1613474,0.0,4.0
1719348637.29263,0.0,4.0
1719348637.4291182,0.0,21.0
1719348637.57694,0.0,633.0
1719348637.708886,7.0,633.0
1719348637.88634,0.0,633.0
1719348638.0182147,0.0,633.0
1719348638.1511486,0.0,633.0
1719348638.2807071,0.0,633.0
1719348638.410252,0.0,633.0
1719348638.5401506,0.0,633.0
1719348638.6692874,0.0,633.0
1719348638.7982783,0.0,633.0
1719348638.9272976,0.0,633.0
1719348639.055445,0.0,633.0
1719348639.1842709,0.0,633.0
1719348639.31163,0.0,633.0
1719348639.4397292,0.0,633.0
1719348639.5682197,0.0,633.0
1719348639.69604,0.0,633.0
1719348639.8234513,0.0,633.0
1719348639.9514632,0.0,633.0
1719348640.0818076,0.0,633.0
1719348640.2095828,0.0,633.0
1719348640.336636,0.0,633.0
1719348640.4665956,0.0,633.0
1719348640.5941885,0.0,633.0
1719348640.7214785,0.0,633.0
1719348640.8492215,0.0,633.0
1719348640.978506,0.0,633.0
1719348641.1068196,0.0,633.0
1719348641.2340977,0.0,633.0
1719348641.3615017,0.0,633.0
1719348641.4896204,0.0,633.0
1719348641.6186023,0.0,633.0
1719348641.7458088,0.0,633.0
1719348641.873547,0.0,633.0
1719348642.0005553,0.0,633.0
1719348642.129398,0.0,633.0
1719348642.2568274,0.0,633.0
1719348642.3846352,0.0,633.0
1719348642.5123422,0.0,633.0
1719348642.6411066,0.0,633.0
1719348642.7681892,0.0,633.0
1719348642.8960464,0.0,633.0
1719348643.0239668,0.0,633.0
1719348643.1539366,0.0,633.0
1719348643.2823074,0.0,633.0
1719348643.4098642,0.0,633.0
1719348643.537181,0.0,633.0
1719348643.6660132,0.0,633.0
1719348643.793959,0.0,633.0
1719348643.921102,0.0,633.0
1719348644.048219,0.0,633.0
1719348644.1770995,0.0,633.0
1719348644.3064535,0.0,633.0
1719348644.4336588,0.0,633.0
1719348644.560765,0.0,633.0
1719348644.6888177,0.0,633.0
1719348644.8185484,0.0,633.0
1719348644.946678,0.0,633.0
1719348645.0756829,0.0,633.0
1719348645.2064033,0.0,633.0
1719348645.3343892,0.0,633.0
1719348645.4618125,0.0,633.0
1719348645.5889688,0.0,633.0
1719348645.718049,0.0,633.0
1719348645.8452108,0.0,633.0
1719348645.9751961,0.0,633.0
1719348646.1056778,0.0,633.0
1719348646.2334242,0.0,633.0
1719348646.360769,0.0,633.0
1719348646.488793,0.0,633.0
1719348646.617782,0.0,633.0
1719348646.7458074,0.0,633.0
1719348646.8742445,0.0,633.0
1719348647.001893,0.0,633.0
1719348647.1309125,0.0,633.0
1719348647.2583034,0.0,633.0
1719348647.386304,0.0,633.0
1719348647.5140064,0.0,633.0
1719348647.6425352,0.0,633.0
1719348647.7703815,0.0,633.0
1719348647.8979082,0.0,633.0
1719348648.0253763,0.0,633.0
1719348648.1563988,0.0,633.0
1719348648.2839396,0.0,633.0
1719348648.4113858,0.0,633.0
1719348648.538883,0.0,633.0
1719348648.6667154,0.0,633.0
1719348648.795579,0.0,633.0
1719348648.922939,0.0,633.0
1719348649.050296,0.0,633.0
1719348649.1804218,0.0,633.0
1719348649.3079367,0.0,633.0
1719348649.435532,0.0,633.0
1719348649.5631301,0.0,633.0
1719348649.692072,0.0,633.0
1719348649.81983,0.0,633.0
1719348649.9480505,0.0,633.0
1719348650.0759187,0.0,633.0
1719348650.205251,0.0,633.0
1719348650.3340724,0.0,633.0
1719348650.4608924,0.0,633.0
1719348650.587636,0.0,633.0
1719348650.715061,0.0,633.0
1719348650.8433409,0.0,633.0
1719348650.9706542,0.0,633.0
1719348651.100252,0.0,633.0
1719348651.2278733,0.0,633.0
1719348651.3576007,0.0,633.0
1719348651.4851153,0.0,633.0
1719348651.6126533,0.0,633.0
1719348651.7402208,0.0,633.0
1719348651.8695793,0.0,633.0
1719348651.9969862,0.0,633.0
1719348652.1265485,0.0,633.0
1719348652.2559009,0.0,633.0
1719348652.3834593,0.0,633.0
1719348652.5116005,0.0,633.0
1719348652.6392312,0.0,633.0
1719348652.7675538,0.0,633.0
1719348652.8958201,0.0,633.0
1719348653.023103,0.0,633.0
1719348653.1520278,0.0,633.0
1719348653.2808473,0.0,633.0
1719348653.4099414,0.0,633.0
1719348653.5376773,0.0,633.0
1719348653.6648097,0.0,633.0
1719348653.793327,0.0,633.0
1719348653.9224384,0.0,633.0
1719348654.049955,0.0,633.0
1719348654.177461,0.0,633.0
1719348654.306945,0.0,633.0
1719348654.4339302,0.0,633.0
1719348654.5609508,0.0,633.0
1719348654.6880803,0.0,633.0
1719348654.8162982,0.0,633.0
1719348654.9449227,0.0,633.0
1719348655.0736015,0.0,633.0
1719348655.2010539,0.0,633.0
1719348655.330388,0.0,633.0
1719348655.457965,0.0,633.0
1719348655.5851943,0.0,633.0
1719348655.7126706,0.0,633.0
1719348655.8412876,0.0,633.0
1719348655.9707463,0.0,633.0
1719348656.099619,0.0,633.0
1719348656.227908,0.0,633.0
1719348656.3564415,0.0,633.0
1719348656.4852405,0.0,633.0
1719348656.6128364,0.0,633.0
1719348656.7404704,0.0,633.0
1719348656.869274,0.0,633.0
1719348656.9982038,0.0,633.0
1719348657.1270115,0.0,633.0
1719348657.25457,0.0,633.0
1719348657.382763,0.0,633.0
1719348657.509989,0.0,633.0
1719348657.6370668,0.0,633.0
1719348657.764651,0.0,633.0
1719348657.8928506,0.0,633.0
1719348658.0221038,0.0,633.0
1719348658.151215,0.0,633.0
1719348658.278701,0.0,633.0
1719348658.4069042,0.0,633.0
1719348658.5354822,0.0,633.0
1719348658.6637053,0.0,633.0
1719348658.7908518,0.0,633.0
1719348658.918997,0.0,633.0
1719348659.0478733,0.0,633.0
1719348659.1761196,0.0,633.0
1719348659.303592,0.0,633.0
1719348659.4313889,0.0,633.0
1719348659.5625904,0.0,633.0
1719348659.6899319,0.0,633.0
1719348659.8175607,0.0,633.0
1719348659.9457352,0.0,633.0
1719348660.0735912,0.0,633.0
1719348660.2014358,0.0,633.0
1719348660.3295877,0.0,633.0
1719348660.4579434,0.0,633.0
1719348660.5854504,0.0,633.0
1719348660.7131803,0.0,633.0
1719348660.841142,0.0,633.0
1719348660.969015,0.0,633.0
1719348661.0977452,0.0,633.0
1719348661.225137,0.0,633.0
1719348661.3528826,0.0,633.0
1719348661.4811249,0.0,633.0
1719348661.6092203,0.0,633.0
1719348661.7363772,0.0,633.0
1719348661.8636286,0.0,633.0
1719348661.9919634,0.0,633.0
1719348662.1209502,0.0,633.0
1719348662.2481682,0.0,633.0
1719348662.3756633,0.0,633.0
1719348662.503632,0.0,633.0
1719348662.632409,0.0,633.0
1719348662.7610688,0.0,633.0
1719348662.888729,0.0,633.0
1719348663.0167258,0.0,633.0
1719348663.1465063,0.0,633.0
1719348663.2751236,0.0,633.0
1719348663.4027112,0.0,633.0
1719348663.5300462,0.0,633.0
1719348663.6580286,0.0,633.0
1719348663.7859507,0.0,633.0
1719348663.9132628,0.0,633.0
1719348664.040901,0.0,633.0
1719348664.1692405,0.0,633.0
1719348664.2989182,0.0,633.0
1719348664.4264262,0.0,633.0
1719348664.553996,0.0,633.0
1719348664.6830513,0.0,633.0
1719348664.811681,0.0,633.0
1719348664.9387102,0.0,633.0
1719348665.068266,0.0,633.0
1719348665.1969924,0.0,633.0
1719348665.3245306,0.0,633.0
1719348665.4517648,0.0,633.0
1719348665.5802429,0.0,633.0
1719348665.7086072,0.0,633.0
1719348665.8360019,0.0,633.0
1719348665.963138,0.0,633.0
1719348666.0915594,0.0,633.0
1719348666.219888,0.0,633.0
1719348666.3468196,0.0,633.0
1719348666.4743311,0.0,633.0
1719348666.6013718,0.0,633.0
1719348666.731658,0.0,633.0
1719348666.8601813,0.0,633.0
1719348666.9886053,0.0,633.0
1719348667.1184318,0.0,633.0
1719348667.2480884,0.0,633.0
1719348667.378515,0.0,633.0
1719348667.506424,0.0,633.0
1719348667.6352627,0.0,633.0
1719348667.762395,0.0,633.0
1719348667.8897052,0.0,633.0
1719348668.0205884,0.0,633.0
1719348668.1487267,0.0,633.0
1719348668.279821,0.0,633.0
1719348668.4074821,0.0,633.0
1719348668.535508,0.0,633.0
1719348668.6631122,0.0,633.0
1719348668.7906516,0.0,633.0
1719348668.9182677,0.0,633.0
1719348669.0479486,0.0,633.0
1719348669.1760292,0.0,633.0
1719348669.3037672,0.0,633.0
1719348669.4311435,0.0,633.0
1719348669.5609617,0.0,633.0
1719348669.6883545,0.0,633.0
1719348669.8157792,0.0,633.0
1719348669.946211,0.0,633.0
1719348670.074383,0.0,633.0
1719348670.2018027,0.0,633.0
1719348670.3298864,0.0,633.0
1719348670.4582894,0.0,633.0
1719348670.5854707,0.0,633.0
1719348670.7124546,0.0,633.0
1719348670.839819,0.0,633.0
1719348670.969055,0.0,633.0
1719348671.0973186,0.0,633.0
1719348671.2249618,0.0,633.0
1719348671.353225,0.0,633.0
1719348671.4823408,0.0,633.0
1719348671.6105912,0.0,633.0
1719348671.7446213,0.0,633.0
1719348671.8731213,0.0,633.0
1719348672.0002737,0.0,633.0
1719348672.128324,0.0,633.0
1719348672.255883,0.0,633.0
1719348672.3843942,0.0,633.0
1719348672.5121884,0.0,633.0
1719348672.6388276,0.0,633.0
1719348672.7666037,0.0,633.0
1719348672.8952303,0.0,633.0
1719348673.0252833,0.0,633.0
1719348673.1534421,0.0,633.0
1719348673.2844203,0.0,633.0
1719348673.4135766,0.0,633.0
1719348673.5414882,0.0,633.0
1719348673.6688325,0.0,633.0
1719348673.7969913,0.0,633.0
1719348673.9299314,0.0,633.0
1719348674.0578547,0.0,633.0
1719348674.1869743,0.0,633.0
1719348674.3168736,0.0,633.0
1719348674.444145,0.0,633.0
1719348674.571694,0.0,633.0
1719348674.6998894,0.0,633.0
1719348674.8273118,0.0,633.0
1719348674.9544759,0.0,633.0
1719348675.0830133,0.0,633.0
1719348675.2118778,0.0,633.0
1719348675.3392313,0.0,633.0
1719348675.4661062,0.0,633.0
1719348675.5928407,0.0,633.0
1719348675.7196743,0.0,633.0
1719348675.8479269,0.0,633.0
1719348675.9750354,0.0,633.0
1719348676.105619,0.0,633.0
1719348676.234171,0.0,633.0
1719348676.3628964,0.0,633.0
1719348676.490317,0.0,633.0
1719348676.6172225,0.0,633.0
1719348676.7458594,0.0,633.0
1719348676.8746426,0.0,633.0
1719348677.0025163,0.0,633.0
1719348677.13014,0.0,633.0
1719348677.2585773,0.0,633.0
1719348677.387294,0.0,633.0
1719348677.5147903,0.0,633.0
1719348677.642235,0.0,633.0
1719348677.773252,0.0,633.0
1719348677.9008636,0.0,633.0
1719348678.0281477,0.0,633.0
1719348678.1571972,0.0,633.0
1719348678.285669,0.0,633.0
1719348678.4140294,0.0,633.0
1719348678.5410378,0.0,633.0
1719348678.6686943,0.0,633.0
1719348678.7957714,0.0,633.0
1719348678.9243963,0.0,633.0
1719348679.0516732,0.0,633.0
1719348679.181644,0.0,633.0
1719348679.3094275,0.0,633.0
1719348679.4378178,0.0,633.0
1719348679.5648658,0.0,633.0
1719348679.6918762,0.0,633.0
1719348679.8188262,0.0,633.0
1719348679.9465172,0.0,633.0
1719348680.0740426,0.0,633.0
1719348680.2030287,0.0,633.0
1719348680.330323,0.0,633.0
1719348680.459682,0.0,633.0
1719348680.5870247,0.0,633.0
1719348680.7139945,0.0,633.0
1719348680.8406744,0.0,633.0
1719348680.967822,0.0,633.0
1719348681.096054,0.0,633.0
1719348681.226864,0.0,633.0
1719348681.3541949,0.0,633.0
1719348681.482459,0.0,633.0
1719348681.6102567,0.0,633.0
1719348681.737761,0.0,633.0
1719348681.8651803,0.0,633.0
1719348681.9938684,0.0,633.0
1719348682.1230783,0.0,633.0
1719348682.25118,0.0,633.0
1719348682.3790371,0.0,633.0
1719348682.507802,0.0,633.0
1719348682.6355793,0.0,633.0
1719348682.7635212,0.0,633.0
1719348682.8909588,0.0,633.0
1719348683.019643,0.0,633.0
1719348683.148205,0.0,633.0
1719348683.276138,0.0,633.0
1719348683.4036684,0.0,633.0
1719348683.5323322,0.0,633.0
1719348683.6611745,0.0,633.0
1719348683.788578,0.0,633.0
1719348683.9158943,0.0,633.0
1719348684.0438933,0.0,633.0
1719348684.1739306,0.0,633.0
1719348684.3013659,0.0,633.0
1719348684.4283745,0.0,633.0
1719348684.557048,0.0,633.0
1719348684.6843452,0.0,633.0
1719348684.8119974,0.0,633.0
1719348684.9398901,0.0,633.0
1719348685.068109,0.0,633.0
1719348685.1972747,0.0,633.0
1719348685.3267267,0.0,633.0
1719348685.453937,0.0,633.0
1719348685.5818226,0.0,633.0
1719348685.7103257,0.0,633.0
1719348685.837529,0.0,633.0
1719348685.9646316,0.0,633.0
1719348686.0941913,0.0,633.0
1719348686.2249117,0.0,633.0
1719348686.3525343,0.0,633.0
1719348686.4799874,0.0,633.0
1719348686.6084964,0.0,633.0
1719348686.7359822,0.0,633.0
1719348686.8635964,0.0,633.0
1719348686.9913907,0.0,633.0
1719348687.121817,0.0,633.0
1719348687.249553,0.0,633.0
1719348687.3769903,0.0,633.0
1719348687.504982,0.0,633.0
1719348687.6334531,0.0,633.0
1719348687.7617033,0.0,633.0
1719348687.890598,0.0,633.0
1719348688.0193336,0.0,633.0
1719348688.1464975,0.0,633.0
1719348688.2736905,0.0,633.0
1719348688.4009073,0.0,633.0
1719348688.528338,0.0,633.0
1719348688.656418,0.0,633.0
1719348688.7844493,0.0,633.0
1719348688.9120193,0.0,633.0
1719348689.0395932,0.0,633.0
1719348689.168908,0.0,633.0
1719348689.2977176,0.0,633.0
1719348689.4250598,0.0,633.0
1719348689.5523794,0.0,633.0
1719348689.6807368,0.0,633.0
1719348689.8092957,0.0,633.0
1719348689.9373598,0.0,633.0
1719348690.0668437,0.0,633.0
1719348690.1963317,0.0,633.0
1719348690.323654,0.0,633.0
1719348690.4506974,0.0,633.0
1719348690.578166,0.0,633.0
1719348690.70638,0.0,633.0
1719348690.8338068,0.0,633.0
1719348690.9612834,0.0,633.0
1719348691.0899656,0.0,633.0
1719348691.2201595,0.0,633.0
1719348691.3477545,0.0,633.0
1719348691.4749973,0.0,633.0
1719348691.6022592,0.0,633.0
1719348691.7303212,0.0,633.0
1719348691.8585534,0.0,633.0
1719348691.9863849,0.0,633.0
1719348692.1147513,0.0,633.0
1719348692.2430685,0.0,633.0
1719348692.369935,0.0,633.0
1719348692.496986,0.0,633.0
1719348692.6256127,0.0,633.0
1719348692.7541585,0.0,633.0
1719348692.88136,0.0,633.0
1719348693.0135803,0.0,633.0
1719348693.1425683,0.0,633.0
1719348693.271236,0.0,633.0
1719348693.3985686,0.0,633.0
1719348693.5292585,0.0,633.0
1719348693.6577506,0.0,633.0
1719348693.7854471,0.0,633.0
1719348693.9134595,0.0,633.0
1719348694.093209,0.0,633.0
1719348694.2205262,0.0,633.0
1719348694.3476417,0.0,633.0
1719348694.4745817,0.0,633.0
1719348694.6032107,0.0,633.0
1719348694.7304873,0.0,633.0
1719348694.8600833,0.0,633.0
1719348694.9880722,0.0,633.0
1719348695.11721,0.0,633.0
1719348695.2451916,0.0,633.0
1719348695.3752313,0.0,633.0
1719348695.5036006,0.0,633.0
1719348695.6323395,0.0,633.0
1719348695.762597,0.0,633.0
1719348695.8900726,0.0,633.0
1719348696.0192757,0.0,633.0
1719348696.1480787,0.0,633.0
1719348696.2760453,0.0,633.0
1719348696.4041464,0.0,633.0
1719348696.5333726,0.0,633.0
1719348696.66164,0.0,633.0
1719348696.7889223,0.0,633.0
1719348696.9175305,0.0,633.0
1719348697.0469782,0.0,633.0
1719348697.1757984,0.0,633.0
1719348697.3064697,0.0,633.0
1719348697.4348547,0.0,633.0
1719348697.563676,0.0,633.0
1719348697.6916618,0.0,633.0
1719348697.8212643,0.0,633.0
1719348697.9488254,0.0,633.0
1719348698.0772812,0.0,633.0
1719348698.207525,0.0,633.0
1719348698.3372457,0.0,633.0
1719348698.4655964,0.0,633.0
1719348698.5929332,0.0,633.0
1719348698.7212965,0.0,633.0
1719348698.8527145,0.0,633.0
1719348698.9800453,0.0,633.0
1719348699.1075041,0.0,633.0
1719348699.2364168,0.0,633.0
1719348699.3638985,0.0,633.0
1719348699.4915044,0.0,633.0
1719348699.6187956,0.0,633.0
1719348699.7475672,0.0,633.0
1719348699.8762763,0.0,633.0
1719348700.0035908,0.0,633.0
1719348700.1320333,0.0,633.0
1719348700.2610345,0.0,633.0
1719348700.3905802,0.0,633.0
1719348700.518069,0.0,633.0
1719348700.6453753,0.0,633.0
1719348700.7738698,0.0,633.0
1719348700.9041743,0.0,633.0
1719348701.0319126,0.0,633.0
1719348701.1605494,0.0,633.0
1719348701.2894137,0.0,633.0
1719348701.417374,0.0,633.0
1719348701.5446851,0.0,633.0
1719348701.6717823,0.0,633.0
1719348701.799814,0.0,633.0
1719348701.9280012,0.0,633.0
1719348702.0556314,0.0,633.0
1719348702.1827772,0.0,633.0
1719348702.3103328,0.0,633.0
1719348702.4402852,0.0,633.0
1719348702.5679846,0.0,633.0
1719348702.6955364,0.0,633.0
1719348702.8233712,0.0,633.0
1719348702.9519613,0.0,633.0
1719348703.0792344,0.0,633.0
1719348703.2073014,0.0,633.0
1719348703.334126,0.0,633.0
1719348703.463538,0.0,633.0
1719348703.5912502,0.0,633.0
1719348703.71908,0.0,633.0
1719348703.8464246,0.0,633.0
1719348703.9753916,0.0,633.0
1719348704.1043727,0.0,633.0
1719348704.2321293,0.0,633.0
1719348704.3594167,0.0,633.0
1719348704.5157502,0.0,633.0
1719348704.642949,0.0,633.0
1719348704.770471,0.0,633.0
1719348704.898897,0.0,633.0
1719348705.0267425,0.0,633.0
1719348705.1552498,0.0,633.0
1719348705.2851367,0.0,633.0
1719348705.4154274,0.0,633.0
1719348705.5424318,0.0,633.0
1719348705.6695125,0.0,633.0
1719348705.7975523,0.0,633.0
1719348705.9272912,0.0,633.0
1719348706.0546637,0.0,633.0
1719348706.182532,0.0,633.0
1719348706.310554,0.0,633.0
1719348706.4407756,0.0,633.0
1719348706.5686562,0.0,633.0
1719348706.6965137,0.0,633.0
1719348706.8254821,0.0,633.0
1719348706.9542933,0.0,633.0
1719348707.0817442,0.0,633.0
1719348707.2116377,0.0,633.0
1719348707.3404384,0.0,633.0
1719348707.4685433,0.0,633.0
1719348707.5960073,0.0,633.0
1719348707.7231865,0.0,633.0
1719348707.8519409,0.0,633.0
1719348707.9802458,0.0,633.0
1719348708.109523,0.0,633.0
1719348708.238415,0.0,633.0
1719348708.367945,0.0,633.0
1719348708.4957182,0.0,633.0
1719348708.6247985,0.0,633.0
1719348708.7531376,0.0,633.0
1719348708.8823378,0.0,633.0
1719348709.0097945,0.0,633.0
1719348709.1393285,0.0,633.0
1719348709.2689037,0.0,633.0
1719348709.3969684,0.0,633.0
1719348709.5244148,0.0,633.0
1719348709.6519864,0.0,633.0
1719348709.7814615,0.0,633.0
1719348709.9085739,0.0,633.0
1719348710.0356944,0.0,633.0
1719348710.164761,0.0,633.0
1719348710.2937698,0.0,633.0
1719348710.420869,0.0,633.0
1719348710.5477786,0.0,633.0
1719348710.6747558,0.0,633.0
1719348710.8031561,0.0,633.0
1719348710.9329238,0.0,633.0
1719348711.060681,0.0,633.0
1719348711.189207,0.0,633.0
1719348711.3183682,0.0,633.0
1719348711.4453857,0.0,633.0
1719348711.5740316,0.0,633.0
1719348711.7012506,0.0,633.0
1719348711.8298724,0.0,633.0
1719348711.9572897,0.0,633.0
1719348712.0845387,0.0,633.0
1719348712.2149453,0.0,633.0
1719348712.3442538,0.0,633.0
1719348712.4723206,0.0,633.0
1719348712.6004505,0.0,633.0
1719348712.7288926,0.0,633.0
1719348712.8579223,0.0,633.0
1719348712.9857724,0.0,633.0
1719348713.1147976,0.0,633.0
1719348713.2428248,0.0,633.0
1719348713.3706014,0.0,633.0
1719348713.4982085,0.0,633.0
1719348713.6261826,0.0,633.0
1719348713.7548254,0.0,633.0
1719348713.8824103,0.0,633.0
1719348714.0099368,0.0,633.0
1719348714.1401522,0.0,633.0
1719348714.2695286,0.0,633.0
1719348714.3972092,0.0,633.0
1719348714.5243616,0.0,633.0
1719348714.6519613,0.0,633.0
1719348714.7798944,0.0,633.0
1719348714.9083745,0.0,633.0
1719348715.0366988,0.0,633.0
1719348715.1660428,0.0,633.0
1719348715.2955945,0.0,633.0
1719348715.4230454,0.0,633.0
1719348715.5507376,0.0,633.0
1719348715.6783283,0.0,633.0
1719348715.8065915,0.0,633.0
1719348715.9341576,0.0,633.0
1719348716.0613155,0.0,633.0
1719348716.191005,0.0,633.0
1719348716.3203075,0.0,633.0
1719348716.4476733,0.0,633.0
1719348716.5756934,0.0,633.0
1719348716.7030652,0.0,633.0
1719348716.8314266,0.0,633.0
1719348716.9593945,0.0,633.0
1719348717.0872083,0.0,633.0
1719348717.2168932,0.0,633.0
1719348717.3462374,0.0,633.0
1719348717.4739547,0.0,633.0
1719348717.602034,0.0,633.0
1719348717.7305963,0.0,633.0
1719348717.8604252,0.0,633.0
1719348717.9882946,0.0,633.0
1719348718.1189723,0.0,633.0
1719348718.2479436,0.0,633.0
1719348718.3756762,0.0,633.0
1719348718.5043972,0.0,633.0
1719348718.6334798,0.0,633.0
1719348718.7636683,0.0,633.0
1719348718.8913307,0.0,633.0
1719348719.0189548,0.0,633.0
1719348719.1477401,0.0,633.0
1719348719.2750611,0.0,633.0
1719348719.4024851,0.0,633.0
1719348719.5325933,0.0,633.0
1719348719.6626375,0.0,633.0
1719348719.790415,0.0,633.0
1719348719.9182627,0.0,633.0
1719348720.0482914,0.0,633.0
1719348720.1776,0.0,633.0
1719348720.3049214,0.0,633.0
1719348720.435836,0.0,633.0
1719348720.5647576,0.0,633.0
1719348720.6924121,0.0,633.0
1719348720.8198552,0.0,633.0
1719348720.9486465,0.0,633.0
1719348721.077202,0.0,633.0
1719348721.2063262,0.0,633.0
1719348721.3354025,0.0,633.0
1719348721.465426,0.0,633.0
1719348721.594931,0.0,633.0
1719348721.7232115,0.0,633.0
1719348721.8524232,0.0,633.0
1719348721.9802587,0.0,633.0
1719348722.109152,0.0,633.0
1719348722.2383378,0.0,633.0
1719348722.3661668,0.0,633.0
1719348722.4941578,0.0,633.0
1719348722.6216373,0.0,633.0
1719348722.7503524,0.0,633.0
1719348722.878116,0.0,633.0
1719348723.007715,0.0,633.0
1719348723.1362805,0.0,633.0
1719348723.2647133,0.0,633.0
1719348723.3938694,0.0,633.0
1719348723.5211895,0.0,633.0
1719348723.6486716,0.0,633.0
1719348723.7784414,0.0,633.0
1719348723.9058099,0.0,633.0
1719348724.0352743,0.0,633.0
1719348724.1650176,0.0,633.0
1719348724.2927284,0.0,633.0
1719348724.420305,0.0,633.0
1719348724.5508037,0.0,633.0
1719348724.6801593,0.0,633.0
1719348724.807354,0.0,633.0
1719348724.9373367,0.0,633.0
1719348725.0659618,0.0,633.0
1719348725.1948261,0.0,633.0
1719348725.323554,0.0,633.0
1719348725.45184,0.0,633.0
1719348725.579797,0.0,633.0
1719348725.707009,0.0,633.0
1719348725.8353434,0.0,633.0
1719348725.9639542,0.0,633.0
1719348726.0920525,0.0,633.0
1719348726.2208912,0.0,633.0
1719348726.3490512,0.0,633.0
1719348726.4777613,0.0,633.0
1719348726.6069684,0.0,633.0
1719348726.734761,0.0,633.0
1719348726.8623016,0.0,633.0
1719348726.9913874,0.0,633.0
1719348727.1211972,0.0,633.0
1719348727.249408,0.0,633.0
1719348727.378812,0.0,633.0
1719348727.507279,0.0,633.0
1719348727.6349633,0.0,633.0
1719348727.7622986,0.0,633.0
1719348727.8906724,0.0,633.0
1719348728.019837,0.0,633.0
1719348728.1486268,0.0,633.0
1719348728.2761426,0.0,633.0
1719348728.4044762,0.0,633.0
1719348728.5338855,0.0,633.0
1719348728.662039,0.0,633.0
1719348728.7896678,0.0,633.0
1719348728.9179306,0.0,633.0
1719348729.0467181,0.0,633.0
1719348729.1748338,0.0,633.0
1719348729.3020015,0.0,633.0
1719348729.4304633,0.0,633.0
1719348729.559295,0.0,633.0
1719348729.6866698,0.0,633.0
1719348729.8139997,0.0,633.0
1719348729.940991,0.0,633.0
1719348730.0699415,0.0,633.0
1719348730.1993365,0.0,633.0
1719348730.3270729,0.0,633.0
1719348730.4571793,0.0,633.0
1719348730.5847373,0.0,633.0
1719348730.7122521,0.0,633.0
1719348730.839658,0.0,633.0
1719348730.969647,0.0,633.0
1719348731.0978248,0.0,633.0
1719348731.227005,0.0,633.0
1719348731.3553038,0.0,633.0
1719348731.4842415,0.0,633.0
1719348731.6120865,0.0,633.0
1719348731.739144,0.0,633.0
1719348731.8665326,0.0,633.0
1719348731.9950807,0.0,633.0
1719348732.1240394,0.0,633.0
1719348732.2516787,0.0,633.0
1719348732.3789718,0.0,633.0
1719348732.5064158,0.0,633.0
1719348732.6357734,0.0,633.0
1719348732.763393,0.0,633.0
1719348732.8912985,0.0,633.0
1719348733.020685,0.0,633.0
1719348733.1485417,0.0,633.0
1719348733.2759476,0.0,633.0
1719348733.4031515,0.0,633.0
1719348733.5313087,0.0,633.0
1719348733.6603708,0.0,633.0
1719348733.7875123,0.0,633.0
1719348733.9318004,0.0,633.0
1719348734.0596306,0.0,633.0
1719348734.1891356,0.0,633.0
1719348734.316456,0.0,633.0
1719348734.4437382,0.0,633.0
1719348734.5715227,0.0,633.0
1719348734.700448,0.0,633.0
1719348734.8301456,0.0,633.0
1719348734.9573953,0.0,633.0
1719348735.1401696,0.0,633.0
1719348735.2679546,0.0,633.0
1719348735.3964877,0.0,633.0
1719348735.5256038,0.0,633.0
1719348735.652827,0.0,633.0
1719348735.7803977,0.0,633.0
1719348735.9087956,0.0,633.0
1719348736.0372624,0.0,633.0
1719348736.1692438,0.0,633.0
1719348736.2974403,0.0,633.0
1719348736.4264548,0.0,633.0
1719348736.5537322,0.0,633.0
1719348736.6805935,0.0,633.0
1719348736.8089519,0.0,633.0
1719348736.9379969,0.0,633.0
1719348737.0660095,0.0,633.0
1719348737.1951945,0.0,633.0
1719348737.324321,0.0,633.0
1719348737.4524202,0.0,633.0
1719348737.5798974,0.0,633.0
1719348737.708427,0.0,633.0
1719348737.8369086,0.0,633.0
1719348737.9656,0.0,633.0
1719348738.0926325,0.0,633.0
1719348738.2219176,0.0,633.0
1719348738.3508518,0.0,633.0
1719348738.4783072,0.0,633.0
1719348738.6068027,0.0,633.0
1719348738.734105,0.0,633.0
1719348738.8628387,0.0,633.0
1719348738.9906542,0.0,633.0
1719348739.1183515,0.0,633.0
1719348739.2458787,0.0,633.0
1719348739.3741398,0.0,633.0
1719348739.5020714,0.0,633.0
1719348739.629577,0.0,633.0
1719348739.7573864,0.0,633.0
1719348739.8857946,0.0,633.0
1719348740.0151846,0.0,633.0
1719348740.1436155,0.0,633.0
1719348740.2716446,0.0,633.0
1719348740.4001408,0.0,633.0
1719348740.5280132,0.0,633.0
1719348740.6551366,0.0,633.0
1719348740.7821426,0.0,633.0
1719348740.9096317,0.0,633.0
1719348741.0378895,0.0,633.0
1719348741.1669202,0.0,633.0
1719348741.2944677,0.0,633.0
1719348741.4228756,0.0,633.0
1719348741.552347,0.0,633.0
1719348741.6799731,0.0,633.0
1719348741.807864,0.0,633.0
1719348741.9366887,0.0,633.0
1719348742.0660129,0.0,633.0
1719348742.1956167,0.0,633.0
1719348742.3235044,0.0,633.0
1719348742.4524295,0.0,633.0
1719348742.5800717,0.0,633.0
1719348742.7075553,0.0,633.0
1719348742.8347383,0.0,633.0
1719348742.965467,0.0,633.0
1719348743.092816,0.0,633.0
1719348743.221535,0.0,633.0
1719348743.3490403,0.0,633.0
1719348743.578984,0.0,633.0
1719348743.7068174,0.0,633.0
1719348743.8342679,0.0,633.0
1719348743.9620092,0.0,633.0
1719348744.089455,0.0,633.0
1719348744.2182643,0.0,633.0
1719348744.3471029,0.0,633.0
1719348744.474986,0.0,633.0
1719348744.602537,0.0,633.0
1719348744.731965,0.0,633.0
1719348744.8595126,0.0,633.0
1719348744.987072,0.0,633.0
1719348745.1165361,0.0,633.0
1719348745.2456565,0.0,633.0
1719348745.3734581,0.0,633.0
1719348745.5006416,0.0,633.0
1719348745.6287029,0.0,633.0
1719348745.7573242,0.0,633.0
1719348745.8846815,0.0,633.0
1719348746.0121574,0.0,633.0
1719348746.1415236,0.0,633.0
1719348746.2695348,0.0,633.0
1719348746.397397,0.0,633.0
1719348746.524602,0.0,633.0
1719348746.652236,0.0,633.0
1719348746.7810571,0.0,633.0
1719348746.908482,0.0,633.0
1719348747.0358138,0.0,633.0
1719348747.1638825,0.0,633.0
1719348747.2948356,0.0,633.0
1719348747.4227586,0.0,633.0
1719348747.5505505,0.0,633.0
1719348747.6787882,0.0,633.0
1719348747.808228,0.0,633.0
1719348747.9359376,0.0,633.0
1719348748.063757,0.0,633.0
1719348748.1930437,0.0,633.0
1719348748.3208334,0.0,633.0
1719348748.4483194,0.0,633.0
1719348748.5761461,0.0,633.0
1719348748.704305,0.0,633.0
1719348748.8327508,0.0,633.0
1719348748.9605863,0.0,633.0
1719348749.0889668,0.0,633.0
1719348749.2182696,0.0,633.0
1719348749.3461504,0.0,633.0
1719348749.4732268,0.0,633.0
1719348749.6000507,0.0,633.0
1719348749.7269602,0.0,633.0
1719348749.8556907,0.0,633.0
1719348749.982735,0.0,633.0
1719348750.1096463,0.0,633.0
1719348750.2377334,0.0,633.0
1719348750.3663316,0.0,633.0
1719348750.4940014,0.0,633.0
1719348750.62428,0.0,633.0
1719348750.7517383,0.0,633.0
1719348750.8801777,0.0,633.0
1719348751.0071726,0.0,633.0
1719348751.1360478,0.0,633.0
1719348751.2632287,0.0,633.0
1719348751.3916554,0.0,633.0
1719348751.5191681,0.0,633.0
1719348751.646571,0.0,633.0
1719348751.7741103,0.0,633.0
1719348751.9025066,0.0,633.0
1719348752.0306406,0.0,633.0
1719348752.1602693,0.0,633.0
1719348752.2882402,0.0,633.0
1719348752.4298973,0.0,633.0
1719348752.5585055,0.0,633.0
1719348752.6859121,0.0,633.0
1719348752.8133879,0.0,633.0
1719348752.9408207,0.0,633.0
1719348753.0708563,0.0,633.0
1719348753.1997287,0.0,633.0
1719348753.327587,0.0,633.0
1719348753.4554536,0.0,633.0
1719348753.5863926,0.0,633.0
1719348753.7138777,0.0,633.0
1719348753.8410923,0.0,633.0
1719348753.9681304,0.0,633.0
1719348754.0983012,0.0,633.0
1719348754.2265513,0.0,633.0
1719348754.3534527,0.0,633.0
1719348754.4820535,0.0,633.0
1719348754.6113102,0.0,633.0
1719348754.7389295,0.0,633.0
1719348754.8665884,0.0,633.0
1719348754.995337,0.0,633.0
1719348755.1334236,0.0,633.0
1719348755.2621512,0.0,633.0
1719348755.3906417,0.0,633.0
1719348755.5188227,0.0,633.0
1719348755.645881,0.0,633.0
1719348755.7736077,0.0,633.0
1719348755.9014602,0.0,633.0
1719348756.0304055,0.0,633.0
1719348756.1594877,0.0,633.0
1719348756.287359,0.0,633.0
1719348756.414848,0.0,633.0
1719348756.5426784,0.0,633.0
1719348756.6699488,0.0,633.0
1719348756.800333,0.0,633.0
1719348756.9284208,0.0,633.0
1719348757.0574417,0.0,633.0
1719348757.1879678,0.0,633.0
1719348757.316607,0.0,633.0
1719348757.445076,0.0,633.0
1719348757.5733535,0.0,633.0
1719348757.7028236,0.0,633.0
1719348757.83093,0.0,633.0
1719348757.960147,0.0,633.0
1719348758.089802,0.0,633.0
1719348758.2182913,0.0,633.0
1719348758.3456583,0.0,633.0
1719348758.4732192,0.0,633.0
1719348758.6019459,0.0,633.0
1719348758.7292557,0.0,633.0
1719348758.8567803,0.0,633.0
1719348758.9837577,0.0,633.0
1719348759.1134958,0.0,633.0
1719348759.24227,0.0,633.0
1719348759.369678,0.0,633.0
1719348759.4966497,0.0,633.0
1719348759.625784,0.0,633.0
1719348759.752725,0.0,633.0
1719348759.8798642,0.0,633.0
1719348760.0070572,0.0,633.0
1719348760.1378675,0.0,633.0
1719348760.2659473,0.0,633.0
1719348760.392805,0.0,633.0
1719348760.5223022,0.0,633.0
1719348760.651045,0.0,633.0
1719348760.7783031,0.0,633.0
1719348760.9053848,0.0,633.0
1719348761.0331504,0.0,633.0
1719348761.1636198,0.0,633.0
1719348761.291093,0.0,633.0
1719348761.4186516,0.0,633.0
1719348761.5462818,0.0,633.0
1719348761.6756022,0.0,633.0
1719348761.8034036,0.0,633.0
1719348761.9308784,0.0,633.0
1719348762.0580335,0.0,633.0
1719348762.1886518,0.0,633.0
1719348762.3162823,0.0,633.0
1719348762.4431856,0.0,633.0
1719348762.5699735,0.0,633.0
1719348762.6984303,0.0,633.0
1719348762.8283467,0.0,633.0
1719348762.9553535,0.0,633.0
1719348763.0822961,0.0,633.0
1719348763.212091,0.0,633.0
1719348763.3401992,0.0,633.0
1719348763.4678924,0.0,633.0
1719348763.5954232,0.0,633.0
1719348763.7265708,0.0,633.0
1719348763.8541474,0.0,633.0
1719348763.9812815,0.0,633.0
1719348764.1099432,0.0,633.0
1719348764.2396274,0.0,633.0
1719348764.3666723,0.0,633.0
1719348764.493566,0.0,633.0
1719348764.6224525,0.0,633.0
1719348764.7516453,0.0,633.0
1719348764.878829,0.0,633.0
1719348765.0061948,0.0,633.0
1719348765.1378965,0.0,633.0
1719348765.2655675,0.0,633.0
1719348765.3934927,0.0,633.0
1719348765.5209165,0.0,633.0
1719348765.6501422,0.0,633.0
1719348765.7785199,0.0,633.0
1719348765.90575,0.0,633.0
1719348766.0328345,0.0,633.0
1719348766.1618888,0.0,633.0
1719348766.291561,0.0,633.0
1719348766.4189885,0.0,633.0
1719348766.546407,0.0,633.0
1719348766.674689,0.0,633.0
1719348766.8044937,0.0,633.0
1719348766.9315593,0.0,633.0
1719348767.0586762,0.0,633.0
1719348767.1879437,0.0,633.0
1719348767.3154657,0.0,633.0
1719348767.4424615,0.0,633.0
1719348767.5692708,0.0,633.0
1719348767.6976354,0.0,633.0
1719348767.82906,0.0,633.0
1719348767.9564714,0.0,633.0
1719348768.0837247,0.0,633.0
1719348768.2129107,0.0,633.0
1719348768.3406506,0.0,633.0
1719348768.4676404,0.0,633.0
1719348768.5951517,0.0,633.0
1719348768.7236447,0.0,633.0
1719348768.853473,0.0,633.0
1719348768.980601,0.0,633.0
1719348769.1077473,0.0,633.0
1719348769.2369409,0.0,633.0
1719348769.3647795,0.0,633.0
1719348769.4918785,0.0,633.0
1719348769.6189728,0.0,633.0
1719348769.74797,0.0,633.0
1719348769.8779109,0.0,633.0
1719348770.0048873,0.0,633.0
1719348770.1334822,0.0,633.0
1719348770.2624981,0.0,633.0
1719348770.390831,0.0,633.0
1719348770.5181022,0.0,633.0
1719348770.6450214,0.0,633.0
1719348770.7735705,0.0,633.0
1719348770.9036238,0.0,633.0
1719348771.0304427,0.0,633.0
1719348771.158259,0.0,633.0
1719348771.2866898,0.0,633.0
1719348771.4160943,0.0,633.0
1719348771.5433066,0.0,633.0
1719348771.670603,0.0,633.0
1719348771.798948,0.0,633.0
1719348771.9292665,0.0,633.0
1719348772.0564637,0.0,633.0
1719348772.185235,0.0,633.0
1719348772.313779,0.0,633.0
1719348772.4420528,0.0,633.0
1719348772.5698333,0.0,633.0
1719348772.696732,0.0,633.0
1719348772.82471,0.0,633.0
1719348772.9536798,0.0,633.0
1719348773.0809803,0.0,633.0
1719348773.2084422,0.0,633.0
1719348773.3650646,0.0,633.0
1719348773.4928236,0.0,633.0
1719348773.6200655,0.0,633.0
1719348773.7481925,0.0,633.0
1719348773.8785412,0.0,633.0
1719348774.0063958,0.0,633.0
1719348774.1356664,0.0,633.0
1719348774.2640948,0.0,633.0
1719348774.3912113,0.0,633.0
1719348774.5184865,0.0,633.0
1719348774.6458516,0.0,633.0
1719348774.7733414,0.0,633.0
1719348774.9026272,0.0,633.0
1719348775.030212,0.0,633.0
1719348775.1587136,0.0,633.0
1719348775.286419,0.0,633.0
1719348775.416656,0.0,633.0
1719348775.5436635,0.0,633.0
1719348775.6713438,0.0,633.0
1719348775.798028,0.0,633.0
1719348775.9267194,0.0,633.0
1719348776.0535975,0.0,633.0
1719348776.1810153,0.0,633.0
1719348776.3077996,0.0,633.0
1719348776.4365232,0.0,633.0
1719348776.5636904,0.0,633.0
1719348776.6924744,0.0,633.0
1719348776.8207047,0.0,633.0
1719348776.9500694,0.0,633.0
1719348777.0774784,0.0,633.0
1719348777.2070498,0.0,633.0
1719348777.334187,0.0,633.0
1719348777.4627175,0.0,633.0
1719348777.5924933,0.0,633.0
1719348777.7195125,0.0,633.0
1719348777.8470159,0.0,633.0
1719348777.9758198,0.0,633.0
1719348778.103084,0.0,633.0
1719348778.2311656,0.0,633.0
1719348778.362147,0.0,633.0
1719348778.4927485,0.0,633.0
1719348778.6204073,0.0,633.0
1719348778.7479062,0.0,633.0
1719348778.8765004,0.0,633.0
1719348779.0067306,0.0,633.0
1719348779.1354866,0.0,633.0
1719348779.2651734,0.0,633.0
1719348779.3946004,0.0,633.0
1719348779.5217814,0.0,633.0
1719348779.6489327,0.0,633.0
1719348779.7772708,0.0,633.0
1719348779.9064975,0.0,633.0
1719348780.0333445,0.0,633.0
1719348780.1618788,0.0,633.0
1719348780.289907,0.0,633.0
1719348780.4189088,0.0,633.0
1719348780.5460331,0.0,633.0
1719348780.6730607,0.0,633.0
1719348780.800058,0.0,633.0
1719348780.9291556,0.0,633.0
1719348781.0564241,0.0,633.0
1719348781.1856537,0.0,633.0
1719348781.3145099,0.0,633.0
1719348781.4434352,0.0,633.0
1719348781.5703363,0.0,633.0
1719348781.6973433,0.0,633.0
1719348781.8253171,0.0,633.0
1719348781.955344,0.0,633.0
1719348782.0822163,0.0,633.0
1719348782.2107832,0.0,633.0
1719348782.3395762,0.0,633.0
1719348782.4678075,0.0,633.0
1719348782.5950918,0.0,633.0
1719348782.722746,0.0,633.0
1719348782.853387,0.0,633.0
1719348782.981267,0.0,633.0
1719348783.1083264,0.0,633.0
1719348783.2365403,0.0,633.0
1719348783.3650942,0.0,633.0
1719348783.492586,0.0,633.0
1719348783.619789,0.0,633.0
1719348783.8139272,0.0,633.0
1719348783.9429004,0.0,633.0
1719348784.0705333,0.0,633.0
1719348784.1996534,0.0,633.0
1719348784.3294532,0.0,633.0
1719348784.4566302,0.0,633.0
1719348784.583499,0.0,633.0
1719348784.7104678,0.0,633.0
1719348784.8389473,0.0,633.0
1719348784.966362,0.0,633.0
1719348785.0939085,0.0,633.0
1719348785.2218416,0.0,633.0
1719348785.3507965,0.0,633.0
1719348785.4791553,0.0,633.0
1719348785.6069949,0.0,633.0
1719348785.7343583,0.0,633.0
1719348785.8628902,0.0,633.0
1719348785.9908977,0.0,633.0
1719348786.118155,0.0,633.0
1719348786.2465048,0.0,633.0
1719348786.3756027,0.0,633.0
1719348786.5035195,0.0,633.0
1719348786.6308236,0.0,633.0
1719348786.7577753,0.0,633.0
1719348786.8864884,0.0,633.0
1719348787.015304,0.0,633.0
1719348787.1446056,0.0,633.0
1719348787.272341,0.0,633.0
1719348787.4029799,0.0,633.0
1719348787.5308173,0.0,633.0
1719348787.6588213,0.0,633.0
1719348787.787579,0.0,633.0
1719348787.9172642,0.0,633.0
1719348788.0448542,0.0,633.0
1719348788.173456,0.0,633.0
1719348788.301928,0.0,633.0
1719348788.4305844,0.0,633.0
1719348788.5581377,0.0,633.0
1719348788.6851473,0.0,633.0
1719348788.8821595,0.0,633.0
1719348789.009767,0.0,633.0
1719348789.1387374,0.0,633.0
1719348789.2686338,0.0,633.0
1719348789.3963463,0.0,633.0
1719348789.5235846,0.0,633.0
1719348789.6506543,0.0,633.0
1719348789.7809339,0.0,633.0
1719348789.9085627,0.0,633.0
1719348790.0370445,0.0,633.0
1719348790.1663353,0.0,633.0
1719348790.2933285,0.0,633.0
1719348790.4220846,0.0,633.0
1719348790.5503323,0.0,633.0
1719348790.6805499,0.0,633.0
1719348790.8074417,0.0,633.0
1719348790.9345584,0.0,633.0
1719348791.0626698,0.0,633.0
1719348791.1903546,0.0,633.0
1719348791.3179915,0.0,633.0
1719348791.4449573,0.0,633.0
1719348791.5725918,0.0,633.0
1719348791.7020433,0.0,633.0
1719348791.829609,0.0,633.0
1719348791.9567144,0.0,633.0
1719348792.0837028,0.0,633.0
1719348792.2138374,0.0,633.0
1719348792.3442621,0.0,633.0
1719348792.4718597,0.0,633.0
1719348792.6003528,0.0,633.0
1719348792.7303448,0.0,633.0
1719348792.8581548,0.0,633.0
1719348792.9857247,0.0,633.0
1719348793.1137853,0.0,633.0
1719348793.243106,0.0,633.0
1719348793.370321,0.0,633.0
1719348793.4973683,0.0,633.0
1719348793.6259127,0.0,633.0
1719348793.7553606,0.0,633.0
1719348793.8830316,0.0,633.0
1719348794.010245,0.0,633.0
1719348794.140536,0.0,633.0
1719348794.2678804,0.0,633.0
1719348794.3960214,0.0,633.0
1719348794.5234842,0.0,633.0
1719348794.6517,0.0,633.0
1719348794.7809174,0.0,633.0
1719348794.9078512,0.0,633.0
1719348795.0350857,0.0,633.0
1719348795.1645856,0.0,633.0
1719348795.291981,0.0,633.0
1719348795.4194632,0.0,633.0
1719348795.5469644,0.0,633.0
1719348795.675326,0.0,633.0
1719348795.8058314,0.0,633.0
1719348795.933291,0.0,633.0
1719348796.0614314,0.0,633.0
1719348796.1908224,0.0,633.0
1719348796.318139,0.0,633.0
1719348796.4457831,0.0,633.0
1719348796.5732608,0.0,633.0
1719348796.7019389,0.0,633.0
1719348796.831663,0.0,633.0
1719348796.9593563,0.0,633.0
1719348797.087731,0.0,633.0
1719348797.2164798,0.0,633.0
1719348797.3454523,0.0,633.0
1719348797.4730613,0.0,633.0
1719348797.6000843,0.0,633.0
1719348797.728662,0.0,633.0
1719348797.8586278,0.0,633.0
1719348797.9858902,0.0,633.0
1719348798.1129508,0.0,633.0
1719348798.2419238,0.0,633.0
1719348798.3698568,0.0,633.0
1719348798.4972324,0.0,633.0
1719348798.624735,0.0,633.0
1719348798.7537663,0.0,633.0
1719348798.8828094,0.0,633.0
1719348799.0097952,0.0,633.0
1719348799.136595,0.0,633.0
1719348799.2649271,0.0,633.0
1719348799.395447,0.0,633.0
1719348799.5225902,0.0,633.0
1719348799.6495092,0.0,633.0
1719348799.7778325,0.0,633.0
1719348799.9081824,0.0,633.0
1719348800.0360005,0.0,633.0
1719348800.164272,0.0,633.0
1719348800.292297,0.0,633.0
1719348800.4202485,0.0,633.0
1719348800.5481088,0.0,633.0
1719348800.6750362,0.0,633.0
1719348800.8035512,0.0,633.0
1719348800.9340184,0.0,633.0
1719348801.0624049,0.0,633.0
1719348801.1914773,0.0,633.0
1719348801.3204043,0.0,633.0
1719348801.4476874,0.0,633.0
1719348801.5753303,0.0,633.0
1719348801.7047536,0.0,633.0
1719348801.832551,0.0,633.0
1719348801.9603593,0.0,633.0
1719348802.0873044,0.0,633.0
1719348802.2166686,0.0,633.0
1719348802.3461025,0.0,633.0
1719348802.4730718,0.0,633.0
1719348802.6016188,0.0,633.0
1719348802.7297049,0.0,633.0
1719348802.8584063,0.0,633.0
1719348802.986434,0.0,633.0
1719348803.1140683,0.0,633.0
1719348803.2441058,0.0,633.0
1719348803.3711503,0.0,633.0
1719348803.4981983,0.0,633.0
1719348803.6258025,0.0,633.0
1719348803.7539272,0.0,633.0
1719348803.8818905,0.0,633.0
1719348804.0089037,0.0,633.0
1719348804.1378427,0.0,633.0
1719348804.2649684,0.0,633.0
1719348804.3932295,0.0,633.0
1719348804.5206246,0.0,633.0
1719348804.6484046,0.0,633.0
1719348804.7755232,0.0,633.0
1719348804.903775,0.0,633.0
1719348805.0315754,0.0,633.0
1719348805.1596704,0.0,633.0
1719348805.2874134,0.0,633.0
1719348805.4163916,0.0,633.0
1719348805.543699,0.0,633.0
1719348805.6709409,0.0,633.0
1719348805.7981377,0.0,633.0
1719348805.9264336,0.0,633.0
1719348806.0562084,0.0,633.0
1719348806.1843667,0.0,633.0
1719348806.3114817,0.0,633.0
1719348806.439686,0.0,633.0
1719348806.569929,0.0,633.0
1719348806.697346,0.0,633.0
1719348806.8255043,0.0,633.0
1719348806.9536138,0.0,633.0
1719348807.0823839,0.0,633.0
1719348807.2109663,0.0,633.0
1719348807.338514,0.0,633.0
1719348807.467896,0.0,633.0
1719348807.5960038,0.0,633.0
1719348807.7229414,0.0,633.0
1719348807.8497245,0.0,633.0
1719348807.9782853,0.0,633.0
1719348808.1077657,0.0,633.0
1719348808.2360163,0.0,633.0
1719348808.3629527,0.0,633.0
1719348808.4913692,0.0,633.0
1719348808.6198206,0.0,633.0
1719348808.747831,0.0,633.0
1719348808.8755128,0.0,633.0
1719348809.004036,0.0,633.0
1719348809.1328743,0.0,633.0
1719348809.2614899,0.0,633.0
1719348809.389663,0.0,633.0
1719348809.5176835,0.0,633.0
1719348809.6475027,0.0,633.0
1719348809.7742367,0.0,633.0
1719348809.9016163,0.0,633.0
1719348810.0300415,0.0,633.0
1719348810.1589875,0.0,633.0
1719348810.2865632,0.0,633.0
1719348810.4141622,0.0,633.0
1719348810.542259,0.0,633.0
1719348810.6713362,0.0,633.0
1719348810.797917,0.0,633.0
1719348810.9245133,0.0,633.0
1719348811.0512905,0.0,633.0
1719348811.1811235,0.0,633.0
1719348811.3078518,0.0,633.0
1719348811.43482,0.0,633.0
1719348811.5626092,0.0,633.0
1719348811.6918077,0.0,633.0
1719348811.8193767,0.0,633.0
1719348811.946257,0.0,633.0
1719348812.0741434,0.0,633.0
1719348812.2026117,0.0,633.0
1719348812.330378,0.0,633.0
1719348812.4579897,0.0,633.0
1719348812.584898,0.0,633.0
1719348812.7133987,0.0,633.0
1719348812.842086,0.0,633.0
1719348812.969009,0.0,633.0
1719348813.0963569,0.0,633.0
1719348813.2265782,0.0,633.0
1719348813.3540628,0.0,633.0
1719348813.481462,0.0,633.0
1719348813.6083581,0.0,633.0
1719348813.7360578,0.0,633.0
1719348813.8640685,0.0,633.0
1719348813.991487,0.0,633.0
1719348814.118758,0.0,633.0
1719348814.2474375,0.0,633.0
1719348814.375658,0.0,633.0
1719348814.502674,0.0,633.0
1719348814.6297698,0.0,633.0
1719348814.7597249,0.0,633.0
1719348814.88708,0.0,633.0
1719348815.013989,0.0,633.0
1719348815.142637,0.0,633.0
1719348815.2694983,0.0,633.0
1719348815.3972995,0.0,633.0
1719348815.5255682,0.0,633.0
1719348815.652711,0.0,633.0
1719348815.7840397,0.0,633.0
1719348815.9152393,0.0,633.0
1719348816.0451338,0.0,633.0
1719348816.176297,0.0,633.0
1719348816.3054736,0.0,633.0
1719348816.4334412,0.0,633.0
1719348816.560563,0.0,633.0
1719348816.6887999,0.0,633.0
1719348816.820032,0.0,633.0
1719348816.950659,0.0,633.0
1719348817.0838177,0.0,633.0
1719348817.2163687,0.0,633.0
1719348817.348368,0.0,633.0
1719348817.4813313,0.0,633.0
1719348817.613216,0.0,633.0
1719348817.7432718,0.0,633.0
1719348817.873332,0.0,633.0
1719348818.0030727,0.0,633.0
1719348818.1316545,0.0,633.0
1719348818.2656457,0.0,633.0
1719348818.3975818,0.0,633.0
1719348818.5288174,0.0,633.0
1719348818.6606224,0.0,633.0
1719348818.7928703,0.0,965.0
1719348818.9285135,9.0,965.0
1719348819.070568,3.0,1093.0
1719348819.2065964,3.0,1221.0
1719348819.3401735,3.0,1349.0
1719348819.4757776,3.0,1349.0
1719348819.6163406,3.0,1477.0
1719348819.751497,5.0,1605.0
1719348819.8862045,3.0,1733.0
1719348820.0193734,3.0,1733.0
1719348820.1577759,3.0,1861.0
1719348820.2924962,0.0,1989.0
1719348820.4297826,0.0,1989.0
1719348820.5659196,4.0,2117.0
1719348820.6979635,4.0,3721.0
1719348820.8344316,4.0,8979.0
1719348820.972905,48.0,31673.0
1719348821.11108,91.0,31673.0
1719348821.249291,91.0,33977.0
1719348821.3918197,78.0,40139.0
1719348821.539395,97.0,50893.0
1719348821.6815207,97.0,50893.0
1719348821.8227718,100.0,50897.0
1719348821.9636765,95.0,50897.0
1719348822.1100597,95.0,50911.0
1719348822.2545476,66.0,50911.0
1719348822.3968036,53.0,50911.0
1719348822.5374029,53.0,50911.0
1719348822.6743245,100.0,50911.0
1719348822.8201435,99.0,50911.0
1719348822.962985,100.0,50911.0
1719348823.2512038,100.0,50911.0
1719348823.3905947,99.0,50911.0
1719348823.563251,39.0,50911.0
1719348823.7100334,100.0,50911.0
1719348823.854784,100.0,50911.0
1719348824.001679,98.0,50911.0
1719348824.1458046,100.0,50911.0
1719348824.2870722,100.0,50911.0
1719348824.424687,100.0,50911.0
1719348824.5631757,100.0,50911.0
1719348824.7120016,49.0,50911.0
1719348824.8555255,49.0,50911.0
1719348825.0006452,87.0,50911.0
1719348825.1480658,87.0,50911.0
1719348825.2988973,100.0,50911.0
1719348825.4412978,99.0,50911.0
1719348825.5821102,99.0,50911.0
1719348825.7176578,100.0,50911.0
1719348825.8533552,100.0,50911.0
1719348825.993519,82.0,50911.0
1719348826.1430519,62.0,50911.0
1719348826.2867885,62.0,50911.0
1719348826.4325435,100.0,50911.0
1719348826.5773704,99.0,50911.0
1719348826.7185729,99.0,50911.0
1719348826.9108307,100.0,50911.0
1719348827.0503418,100.0,50911.0
1719348827.1903794,100.0,50911.0
1719348827.3401785,49.0,50911.0
1719348827.483673,49.0,50911.0
1719348827.624617,100.0,50911.0
1719348827.768491,99.0,50911.0
1719348827.9128652,99.0,50911.0
1719348828.0561132,100.0,50911.0
1719348828.1989014,100.0,50911.0
1719348828.3388665,100.0,50911.0
1719348828.4849956,100.0,50911.0
1719348828.641561,38.0,50911.0
1719348828.7869248,38.0,50911.0
1719348828.9282231,99.0,50911.0
1719348829.0735493,99.0,50911.0
1719348829.2189302,100.0,50911.0
1719348829.3667886,100.0,50911.0
1719348829.5107803,100.0,50911.0
1719348829.654363,100.0,50911.0
1719348829.7956884,56.0,50911.0
1719348829.9386196,96.0,50911.0
1719348830.0944905,96.0,50911.0
1719348830.2403135,99.0,50911.0
1719348830.3828247,100.0,50911.0
1719348830.523826,100.0,50911.0
1719348830.6635146,100.0,50911.0
1719348830.811033,100.0,50911.0
1719348830.9572024,100.0,50911.0
1719348831.102297,73.0,50911.0
1719348831.2482033,67.0,50911.0
1719348831.3938866,100.0,50911.0
1719348831.537441,100.0,50911.0
1719348831.6814718,99.0,50911.0
1719348831.82618,100.0,50911.0
1719348831.9694614,100.0,50911.0
1719348832.113264,100.0,50911.0
1719348832.2549355,100.0,50911.0
1719348832.4031897,30.0,50911.0
1719348832.5487561,30.0,50911.0
1719348832.6950495,100.0,50911.0
1719348832.8461113,99.0,50911.0
1719348832.9900222,99.0,50911.0
1719348833.133047,100.0,50911.0
1719348833.2762363,100.0,50911.0
1719348833.4184384,100.0,50911.0
1719348833.5656247,100.0,50911.0
1719348833.7581472,86.0,50911.0
1719348833.9200866,86.0,50911.0
1719348834.0674193,100.0,50911.0
1719348834.2122722,99.0,50911.0
1719348834.355284,99.0,50911.0
1719348834.4987395,100.0,50911.0
1719348834.641109,100.0,50911.0
1719348834.787549,82.0,50911.0
1719348834.9875355,82.0,50911.0
1719348835.1349692,51.0,50911.0
1719348835.2805862,100.0,50911.0
1719348835.4277697,94.0,50911.0
1719348835.5698316,94.0,50911.0
1719348835.7108393,100.0,50911.0
1719348835.8533976,100.0,50911.0
1719348835.9939852,100.0,50911.0
1719348836.1432633,100.0,50911.0
1719348836.2911289,35.0,50911.0
1719348836.4334233,100.0,50911.0
1719348836.576214,100.0,50911.0
1719348836.7163076,99.0,50911.0
1719348836.8534672,100.0,50911.0
1719348836.990443,100.0,50911.0
1719348837.1308877,100.0,50911.0
1719348837.277631,100.0,50911.0
1719348837.4320152,100.0,50911.0
1719348837.585487,57.0,50911.0
1719348837.728296,69.0,50911.0
1719348837.8685591,69.0,50911.0
1719348838.0128207,99.0,50911.0
1719348838.1540523,99.0,50911.0
1719348838.2923186,100.0,50911.0
1719348838.430945,100.0,50911.0
1719348838.5716748,100.0,50911.0
1719348838.708536,98.0,50911.0
1719348838.8555548,98.0,50911.0
1719348838.9981396,34.0,50911.0
1719348839.1367922,100.0,50911.0
1719348839.2786605,100.0,50911.0
1719348839.4126117,98.0,50911.0
1719348839.5470703,100.0,50911.0
1719348839.6796963,100.0,50911.0
1719348839.8163586,100.0,50911.0
1719348839.9494238,100.0,50911.0
1719348840.0865946,36.0,50911.0
1719348840.2323904,90.0,50911.0
1719348840.374425,90.0,50911.0
1719348840.5124733,100.0,50911.0
1719348840.6504064,99.0,50911.0
1719348840.7838452,99.0,50911.0
1719348840.9179475,100.0,50911.0
1719348841.0556285,100.0,50911.0
1719348841.1957035,100.0,50911.0
1719348841.3372664,79.0,50911.0
1719348841.4828117,56.0,50911.0
1719348841.6256666,56.0,50911.0
1719348841.8053825,100.0,50911.0
1719348841.939994,99.0,50911.0
1719348842.075131,100.0,50911.0
1719348842.2103548,100.0,50911.0
1719348842.344573,100.0,50911.0
1719348842.4782603,100.0,50911.0
1719348842.6129057,100.0,50911.0
1719348842.7767262,47.0,50911.0
1719348842.9131787,100.0,50911.0
1719348843.0498948,100.0,50911.0
1719348843.1864305,99.0,50911.0
1719348843.3211415,100.0,50911.0
1719348843.4543257,100.0,50911.0
1719348843.5896037,100.0,50911.0
1719348843.72383,100.0,50911.0
1719348843.8589745,100.0,50911.0
1719348844.0210867,55.0,50911.0
1719348844.1623802,100.0,50911.0
1719348844.29963,99.0,50911.0
1719348844.435068,99.0,50911.0
1719348844.5705543,100.0,50911.0
1719348844.7056487,100.0,50911.0
1719348844.8446026,100.0,50911.0
1719348844.9799557,100.0,50911.0
1719348845.1144357,49.0,50911.0
1719348845.255187,49.0,50911.0
1719348845.4336486,94.0,50911.0
1719348845.5839474,99.0,50911.0
1719348845.733585,99.0,50911.0
1719348845.8829427,100.0,50911.0
1719348846.0335324,100.0,50911.0
1719348846.225343,100.0,50911.0
1719348846.3731465,74.0,50911.0
1719348846.5199978,65.0,50911.0
1719348846.6653333,100.0,50911.0
1719348846.8047833,100.0,50911.0
1719348846.9416187,99.0,50911.0
1719348847.0773273,100.0,50911.0
1719348847.2117598,100.0,50911.0
1719348847.3465683,100.0,50911.0
1719348847.4798067,100.0,50911.0
1719348847.6146784,100.0,50911.0
1719348847.7605653,54.0,50911.0
1719348847.9008176,100.0,50911.0
1719348848.0392137,100.0,50911.0
1719348848.177106,99.0,50911.0
1719348848.3123372,100.0,50911.0
1719348848.446286,100.0,50911.0
1719348848.5807958,100.0,50911.0
1719348848.714521,100.0,50911.0
1719348848.8487608,100.0,50911.0
1719348848.990174,54.0,50911.0
1719348849.1274912,54.0,50911.0
1719348849.2634401,100.0,50911.0
1719348849.4010985,99.0,50911.0
1719348849.5348523,100.0,50911.0
1719348849.6690855,100.0,50911.0
1719348849.8015435,100.0,50911.0
1719348849.9351652,100.0,50911.0
1719348850.0693045,100.0,50911.0
1719348850.2722263,33.0,50911.0
1719348850.4159937,64.0,50911.0
1719348850.551806,100.0,50911.0
1719348850.6875987,99.0,50911.0
1719348850.8216822,99.0,50911.0
1719348850.9601443,100.0,50911.0
1719348851.0940704,100.0,50911.0
1719348851.2294114,100.0,50911.0
1719348851.3646653,100.0,50911.0
1719348851.4997792,20.0,50911.0
1719348851.6480627,20.0,50911.0
1719348851.7864652,100.0,50911.0
1719348851.9205296,100.0,50911.0
1719348852.0551698,99.0,50911.0
1719348852.1904602,100.0,50911.0
1719348852.3260787,100.0,50911.0
1719348852.4606333,100.0,50911.0
1719348852.5974567,100.0,50911.0
1719348852.7367988,57.0,50911.0
1719348852.8952572,100.0,50911.0
1719348853.0516946,100.0,50911.0
1719348853.1868203,99.0,50911.0
1719348853.3226347,100.0,50911.0
1719348853.4563384,100.0,50911.0
1719348853.5891206,100.0,50911.0
1719348853.7223299,100.0,50911.0
1719348853.8597648,100.0,50911.0
1719348853.9960418,65.0,50911.0
1719348854.135621,65.0,50911.0
1719348854.2973719,91.0,50911.0
1719348854.4334087,100.0,50911.0
1719348854.567202,99.0,50911.0
1719348854.702778,99.0,50911.0
1719348854.8374882,100.0,50911.0
1719348854.9712527,100.0,50911.0
1719348855.1046104,100.0,50911.0
1719348855.2402694,77.0,50911.0
1719348855.3804975,75.0,50911.0
1719348855.5179734,75.0,50911.0
1719348855.653726,100.0,50911.0
1719348855.7869437,99.0,50911.0
1719348855.9209502,99.0,50911.0
1719348856.0535524,100.0,50911.0
1719348856.1887004,100.0,50911.0
1719348856.3213499,100.0,50911.0
1719348856.4583793,94.0,50911.0
1719348856.622294,5.0,50911.0
1719348856.762354,5.0,50911.0
1719348856.9168224,100.0,50911.0
1719348857.0566297,98.0,50911.0
1719348857.1913738,100.0,50911.0
1719348857.3272555,100.0,50911.0
1719348857.464479,100.0,50911.0
1719348857.5987523,100.0,50911.0
1719348857.7353444,100.0,50911.0
1719348857.9190736,64.0,50911.0
1719348858.0564923,82.0,50911.0
1719348858.1922946,82.0,50911.0
1719348858.331059,100.0,50911.0
1719348858.4654841,99.0,50911.0
1719348858.598895,100.0,50911.0
1719348858.7345397,100.0,50911.0
1719348858.8713162,100.0,50911.0
1719348859.0071268,86.0,50911.0
1719348859.156441,86.0,50911.0
1719348859.2929056,61.0,50911.0
1719348859.4296765,100.0,50911.0
1719348859.5651877,100.0,50911.0
1719348859.7022948,96.0,50911.0
1719348859.8357732,100.0,50911.0
1719348859.9702265,100.0,50911.0
1719348860.1030445,100.0,50911.0
1719348860.2370138,100.0,50911.0
1719348860.3824337,100.0,50911.0
1719348860.5226998,52.0,50911.0
1719348860.661015,100.0,50911.0
1719348860.7953103,100.0,50911.0
1719348860.9302723,99.0,50911.0
1719348861.0640724,100.0,50911.0
1719348861.198752,100.0,50911.0
1719348861.3324335,100.0,50911.0
1719348861.4668963,100.0,50911.0
1719348861.6275113,50.0,50911.0
1719348861.769811,100.0,50911.0
1719348861.9122367,100.0,50911.0
1719348862.0531304,99.0,50911.0
1719348862.194328,100.0,50911.0
1719348862.3296833,100.0,50911.0
1719348862.4661386,100.0,50911.0
1719348862.605238,100.0,50911.0
1719348862.7514682,100.0,50911.0
1719348862.9508762,49.0,50911.0
1719348863.0913842,100.0,50911.0
1719348863.2265992,99.0,50911.0
1719348863.3619447,99.0,50911.0
1719348863.494877,100.0,50911.0
1719348863.6277604,100.0,50911.0
1719348863.763933,100.0,50911.0
1719348863.896963,100.0,50911.0
1719348864.0318346,68.0,50911.0
1719348864.1763191,68.0,50911.0
1719348864.3153574,76.0,50911.0
1719348864.4508955,76.0,50911.0
1719348864.5883646,99.0,50911.0
1719348864.7315142,99.0,50911.0
1719348864.866909,100.0,50911.0
1719348865.0047772,100.0,50911.0
1719348865.139362,100.0,50911.0
1719348865.2835236,91.0,50911.0
1719348865.4331896,42.0,50911.0
1719348865.5706635,42.0,50911.0
1719348865.7081804,100.0,50911.0
1719348865.845557,100.0,50911.0
1719348865.9834192,96.0,50911.0
1719348866.1184223,100.0,50911.0
1719348866.2541528,100.0,50911.0
1719348866.3907437,100.0,50911.0
1719348866.525509,100.0,50911.0
1719348866.667348,53.0,50911.0
1719348866.8052082,100.0,50911.0
1719348866.9458153,100.0,50911.0
1719348867.0820181,99.0,50911.0
1719348867.2157989,100.0,50911.0
1719348867.349836,100.0,50911.0
1719348867.4848244,100.0,50911.0
1719348867.6177843,100.0,50911.0
1719348867.7534819,100.0,50911.0
1719348867.9045823,47.0,50911.0
1719348868.0456798,47.0,50911.0
1719348868.191745,100.0,50911.0
1719348868.3328028,99.0,50911.0
1719348868.466571,100.0,50911.0
1719348868.601399,100.0,50911.0
1719348868.7349038,100.0,50911.0
1719348868.8691275,100.0,50911.0
1719348869.0018508,100.0,50911.0
1719348869.149879,67.0,50911.0
1719348869.2917643,88.0,50911.0
1719348869.4279196,88.0,50911.0
1719348869.6159298,100.0,50911.0
1719348869.752158,99.0,50911.0
1719348869.88524,100.0,50911.0
1719348870.019895,100.0,50911.0
1719348870.155909,100.0,50911.0
1719348870.291603,80.0,50911.0
1719348870.4329424,77.0,50911.0
1719348870.5694637,77.0,50911.0
1719348870.704566,100.0,50911.0
1719348870.8423321,100.0,50911.0
1719348871.0178165,99.0,50911.0
1719348871.1516736,100.0,50911.0
1719348871.2860112,100.0,50911.0
1719348871.4217227,100.0,50911.0
1719348871.5549304,89.0,50911.0
1719348871.6948893,65.0,50911.0
1719348871.8345296,65.0,50911.0
1719348871.969341,100.0,50911.0
1719348872.1052282,99.0,50911.0
1719348872.239067,99.0,50911.0
1719348872.372415,100.0,50911.0
1719348872.5057347,100.0,50911.0
1719348872.6400626,100.0,50911.0
1719348872.773469,100.0,50911.0
1719348872.9159026,51.0,50911.0
1719348873.0545225,51.0,50911.0
1719348873.1928375,100.0,50911.0
1719348873.3306987,99.0,50911.0
1719348873.465746,99.0,50911.0
1719348873.599675,100.0,50911.0
1719348873.7331347,100.0,50911.0
1719348873.8683348,100.0,50911.0
1719348874.0018892,100.0,50911.0
1719348874.1505299,50.0,50911.0
1719348874.2875042,100.0,50911.0
1719348874.422225,100.0,50911.0
1719348874.5623012,99.0,50911.0
1719348874.6966665,100.0,50911.0
1719348874.8325045,100.0,50911.0
1719348874.968809,100.0,50911.0
1719348875.1021392,100.0,50911.0
1719348875.2384305,100.0,50911.0
1719348875.3736885,41.0,50911.0
1719348875.5138319,94.0,50911.0
1719348875.6512806,94.0,50911.0
1719348875.7860475,100.0,50911.0
1719348875.9235396,99.0,50911.0
1719348876.061566,99.0,50911.0
1719348876.194643,100.0,50911.0
1719348876.3306592,100.0,50911.0
1719348876.4644477,100.0,50911.0
1719348876.6478631,74.0,50911.0
1719348876.7850947,73.0,50911.0
1719348876.920127,100.0,50911.0
1719348877.0673077,100.0,50911.0
1719348877.203287,99.0,50911.0
1719348877.338276,100.0,50911.0
1719348877.4717135,100.0,50911.0
1719348877.6076717,100.0,50911.0
1719348877.7441475,100.0,50911.0
1719348877.8882113,95.0,50911.0
1719348878.028027,51.0,50911.0
1719348878.1631486,100.0,50911.0
1719348878.2993135,99.0,50911.0
1719348878.435789,99.0,50911.0
1719348878.5778263,100.0,50911.0
1719348878.718875,100.0,50911.0
1719348878.8617105,100.0,50911.0
1719348879.0025563,100.0,50911.0
1719348879.1502657,46.0,50911.0
1719348879.2903023,46.0,50911.0
1719348879.4323661,100.0,50911.0
1719348879.5751812,97.0,50911.0
1719348879.7184994,100.0,50911.0
1719348879.8637736,100.0,50911.0
1719348880.0096986,100.0,50911.0
1719348880.1535754,100.0,50911.0
1719348880.2966971,100.0,50911.0
1719348880.4853199,42.0,50911.0
1719348880.6823852,92.0,50911.0
1719348880.8432057,100.0,50911.0
1719348880.9833665,99.0,50911.0
1719348881.1272757,100.0,50911.0
1719348881.26826,100.0,50911.0
1719348881.4076343,100.0,50911.0
1719348881.55028,100.0,50911.0
1719348881.6965923,76.0,50911.0
1719348881.8420157,64.0,50911.0
1719348881.983992,64.0,50911.0
1719348882.126197,96.0,50911.0
1719348882.2626927,96.0,50911.0
1719348882.4012406,100.0,50911.0
1719348882.5375116,100.0,50911.0
1719348882.6738403,100.0,50911.0
1719348882.8162405,100.0,50911.0
1719348882.9662647,47.0,50911.0
1719348883.1102066,47.0,50911.0
1719348883.2571366,100.0,50911.0
1719348883.4037771,99.0,50911.0
1719348883.5474203,100.0,50911.0
1719348883.687195,100.0,50911.0
1719348883.831296,100.0,50911.0
1719348883.9745708,100.0,50911.0
1719348884.1217418,100.0,50911.0
1719348884.315553,49.0,50911.0
1719348884.460734,100.0,50911.0
1719348884.601162,99.0,50911.0
1719348884.7478588,100.0,50911.0
1719348884.8913684,100.0,50911.0
1719348885.0317261,100.0,50911.0
1719348885.1715178,100.0,50911.0
1719348885.3105793,100.0,50911.0
1719348885.4579573,51.0,50911.0
1719348885.6046793,87.0,50911.0
1719348885.9476771,100.0,50911.0
1719348886.0920064,98.0,50911.0
1719348886.237884,100.0,50911.0
1719348886.3874035,100.0,50911.0
1719348886.5335886,100.0,50911.0
1719348886.678477,83.0,50911.0
1719348886.822034,62.0,50911.0
1719348886.963543,62.0,50911.0
1719348887.1045911,100.0,50911.0
1719348887.2452507,99.0,50911.0
1719348887.383337,99.0,50911.0
1719348887.5224092,100.0,50911.0
1719348887.6685023,100.0,50911.0
1719348887.8419333,100.0,50911.0
1719348888.0302558,43.0,50911.0
1719348888.174565,100.0,50911.0
1719348888.3185654,100.0,50911.0
1719348888.4630463,99.0,50911.0
1719348888.604893,100.0,50911.0
1719348888.75035,100.0,50911.0
1719348888.8921103,100.0,50911.0
1719348889.0334427,100.0,50911.0
1719348889.1725159,41.0,50911.0
1719348889.3152466,41.0,50911.0
1719348889.4563267,100.0,50911.0
1719348889.5973942,100.0,50911.0
1719348889.7428195,99.0,50911.0
1719348889.883511,100.0,50911.0
1719348890.0222576,100.0,50911.0
1719348890.162343,100.0,50911.0
1719348890.3039596,100.0,50911.0
1719348890.4493039,61.0,50911.0
1719348890.594276,81.0,50911.0
1719348890.7393894,81.0,50911.0
1719348890.8814223,100.0,50911.0
1719348891.0232549,99.0,50911.0
1719348891.1657152,99.0,50911.0
1719348891.3071117,100.0,50911.0
1719348891.4480574,100.0,50911.0
1719348891.5891469,88.0,50911.0
1719348891.72984,88.0,50911.0
1719348891.8787916,58.0,50911.0
1719348892.024812,100.0,50911.0
1719348892.1710637,100.0,50911.0
1719348892.3165522,99.0,50911.0
1719348892.4590626,100.0,50911.0
1719348892.6019082,100.0,50911.0
1719348892.7444744,100.0,50911.0
1719348892.893203,100.0,50911.0
1719348893.0483768,39.0,50911.0
1719348893.18976,39.0,50911.0
1719348893.3322642,100.0,50911.0
1719348893.4826705,99.0,50911.0
1719348893.6280758,99.0,50911.0
1719348893.7726078,100.0,50911.0
1719348893.9166908,100.0,50911.0
1719348894.0613508,100.0,50911.0
1719348894.206877,47.0,50911.0
1719348894.363342,47.0,50911.0
1719348894.5216522,100.0,50911.0
1719348894.6645193,99.0,50911.0
1719348894.8068178,100.0,50911.0
1719348894.953595,100.0,50911.0
1719348895.0990467,100.0,50911.0
1719348895.2471726,100.0,50911.0
1719348895.3895645,100.0,50911.0
1719348895.5633116,63.0,50911.0
1719348895.7061708,79.0,50911.0
1719348895.846635,79.0,50911.0
1719348895.9890068,100.0,50911.0
1719348896.1295946,99.0,50911.0
1719348896.269737,100.0,50911.0
1719348896.415979,100.0,50911.0
1719348896.560753,100.0,50911.0
1719348896.706682,90.0,50911.0
1719348896.8519964,58.0,50911.0
1719348896.995357,58.0,50911.0
1719348897.1393821,100.0,50911.0
1719348897.2838457,99.0,50911.0
1719348897.4456384,100.0,50911.0
1719348897.5899546,100.0,50911.0
1719348897.734742,100.0,50911.0
1719348897.876874,100.0,50911.0
1719348898.0224693,100.0,50911.0
1719348898.1668725,36.0,50911.0
1719348898.308418,100.0,50911.0
1719348898.4515061,99.0,50911.0
1719348898.5936382,99.0,50911.0
1719348898.7372751,100.0,50911.0
1719348898.8794456,100.0,50911.0
1719348899.0203927,100.0,50911.0
1719348899.159703,100.0,50911.0
1719348899.2974718,45.0,50911.0
1719348899.439878,45.0,50911.0
1719348899.5812595,91.0,50911.0
1719348899.72559,100.0,50911.0
1719348899.8718855,99.0,50911.0
1719348900.017898,100.0,50911.0
1719348900.161668,100.0,50911.0
1719348900.3008716,100.0,50911.0
1719348900.4404535,77.0,50911.0
1719348900.5847101,77.0,50911.0
1719348900.7294958,57.0,50911.0
1719348900.8688886,100.0,50911.0
1719348901.0084174,100.0,50911.0
1719348901.1438339,99.0,50911.0
1719348901.2812445,100.0,50911.0
1719348901.4185507,100.0,50911.0
1719348901.5575023,100.0,50911.0
1719348901.6926408,100.0,50911.0
1719348901.8304594,100.0,50911.0
1719348901.9743862,40.0,50911.0
1719348902.1154115,100.0,50911.0
1719348902.2529902,100.0,50911.0
1719348902.3934941,99.0,50911.0
1719348902.5292072,100.0,50911.0
1719348902.6627924,100.0,50911.0
1719348902.798474,100.0,50911.0
1719348902.9364884,100.0,50911.0
1719348903.0745142,100.0,50911.0
1719348903.2174826,43.0,50911.0
1719348903.3559644,100.0,50911.0
1719348903.492049,100.0,50911.0
1719348903.627553,99.0,50911.0
1719348903.7624974,100.0,50911.0
1719348903.9033258,100.0,50911.0
1719348904.0411482,100.0,50911.0
1719348904.1810114,100.0,50911.0
1719348904.320877,100.0,50911.0
1719348904.463995,73.0,50911.0
1719348904.6037,73.0,50911.0
1719348904.7398112,100.0,50911.0
1719348904.87982,99.0,50911.0
1719348905.018359,99.0,50911.0
1719348905.161558,100.0,50911.0
1719348905.2965367,100.0,50911.0
1719348905.431773,100.0,50911.0
1719348905.565061,97.0,50911.0
1719348905.7048728,54.0,50911.0
1719348905.844076,54.0,50911.0
1719348905.9796562,100.0,50911.0
1719348906.1165664,99.0,50911.0
1719348906.252321,99.0,50911.0
1719348906.385428,100.0,50911.0
1719348906.51954,100.0,50911.0
1719348906.653587,100.0,50911.0
1719348906.796698,100.0,50911.0
1719348906.941972,44.0,50911.0
1719348907.081698,44.0,50911.0
1719348907.2203288,100.0,50911.0
1719348907.3621416,99.0,50911.0
1719348907.499332,99.0,50911.0
1719348907.6391673,100.0,50911.0
1719348907.778319,100.0,50911.0
1719348907.9179988,100.0,50911.0
1719348908.055818,100.0,50911.0
1719348908.194235,41.0,50911.0
1719348908.3336089,41.0,50911.0
1719348908.4724424,100.0,50911.0
1719348908.6068146,100.0,50911.0
1719348908.7411342,100.0,50911.0
1719348908.8745778,100.0,50911.0
1719348909.0088167,100.0,50911.0
1719348909.1445842,100.0,50911.0
1719348909.2839568,85.0,50911.0
1719348909.419104,85.0,50911.0
1719348909.560203,54.0,50911.0
1719348909.6993866,100.0,50911.0
1719348909.8343232,100.0,50911.0
1719348909.9703076,99.0,50911.0
1719348910.105879,100.0,50911.0
1719348910.2397292,100.0,50911.0
1719348910.373056,100.0,50911.0
1719348910.506459,100.0,50911.0
1719348910.639968,100.0,50911.0
1719348910.774563,16.0,50911.0
1719348910.9146712,81.0,50911.0
1719348911.0513375,81.0,50911.0
1719348911.185102,100.0,50911.0
1719348911.3211958,99.0,50911.0
1719348911.4590642,99.0,50911.0
1719348911.591786,100.0,50911.0
1719348911.7245853,100.0,50911.0
1719348911.8584123,100.0,50911.0
1719348911.9942033,86.0,50911.0
1719348912.1427364,38.0,50911.0
1719348912.2835202,38.0,50911.0
1719348912.4770815,100.0,50911.0
1719348912.6125169,99.0,50911.0
1719348912.7457669,100.0,50911.0
1719348912.8786817,100.0,50911.0
1719348913.0130665,100.0,50911.0
1719348913.1461864,100.0,50911.0
1719348913.2842722,52.0,50911.0
1719348913.4427817,52.0,50911.0
1719348913.5794184,100.0,50911.0
1719348913.7153275,99.0,50911.0
1719348913.8551183,99.0,50911.0
1719348913.9892628,100.0,50911.0
1719348914.1242328,100.0,50911.0
1719348914.258963,100.0,50911.0
1719348914.3922417,100.0,50911.0
1719348914.5264077,52.0,50911.0
1719348914.6675012,52.0,50911.0
1719348914.8050737,100.0,50911.0
1719348914.9418056,99.0,50911.0
1719348915.0791168,99.0,50911.0
1719348915.214459,100.0,50911.0
1719348915.3491943,100.0,50911.0
1719348915.485457,100.0,50911.0
1719348915.6188645,100.0,50911.0
1719348915.7528121,100.0,50911.0
1719348915.890091,65.0,50911.0
1719348916.0298085,24.0,50911.0
1719348916.16804,100.0,50911.0
1719348916.3057067,100.0,50911.0
1719348916.442125,99.0,50911.0
1719348916.5762787,99.0,50911.0
1719348916.7109387,100.0,50911.0
1719348916.8450427,100.0,50911.0
1719348916.9807475,100.0,50911.0
1719348917.1147575,100.0,50911.0
1719348917.255145,58.0,50911.0
1719348917.393356,58.0,50911.0
1719348917.5277965,100.0,50911.0
1719348917.6643999,99.0,50911.0
1719348917.7989855,100.0,50911.0
1719348917.934265,100.0,50911.0
1719348918.0683553,100.0,50911.0
1719348918.2312772,100.0,50911.0
1719348918.3655841,57.0,50911.0
1719348918.50566,57.0,50911.0
1719348918.6442714,58.0,50911.0
1719348918.781426,100.0,50911.0
1719348918.917874,100.0,50911.0
1719348919.0521305,99.0,50911.0
1719348919.1865287,100.0,50911.0
1719348919.3220391,100.0,50911.0
1719348919.4584932,100.0,50911.0
1719348919.5920424,100.0,50911.0
1719348919.7255273,100.0,50911.0
1719348919.8653593,55.0,50911.0
1719348920.0004883,100.0,50911.0
1719348920.1360707,100.0,50911.0
1719348920.2718043,99.0,50911.0
1719348920.406592,100.0,50911.0
1719348920.5390353,100.0,50911.0
1719348920.6735451,100.0,50911.0
1719348920.8058386,100.0,50911.0
1719348920.9415827,100.0,50911.0
1719348921.1264827,56.0,50911.0
1719348921.2837899,100.0,50911.0
1719348921.419828,99.0,50911.0
1719348921.5561814,100.0,50911.0
1719348921.6893666,100.0,50911.0
1719348921.822869,100.0,50911.0
1719348921.9561062,100.0,50911.0
1719348922.090735,100.0,50911.0
1719348922.2336988,53.0,50911.0
1719348922.3709762,53.0,50911.0
1719348922.5396821,100.0,50911.0
1719348922.6772041,99.0,50911.0
1719348922.8476217,100.0,50911.0
1719348922.9813275,100.0,50911.0
1719348923.1157012,100.0,50911.0
1719348923.249334,100.0,50911.0
1719348923.386223,58.0,50911.0
1719348923.539011,58.0,50911.0
1719348923.67814,100.0,50911.0
1719348923.814086,99.0,50911.0
1719348923.9511929,99.0,50911.0
1719348924.0850115,100.0,50911.0
1719348924.219622,100.0,50911.0
1719348924.352274,100.0,50911.0
1719348924.485918,100.0,50911.0
1719348924.6192093,100.0,50911.0
1719348924.7613838,62.0,50911.0
1719348924.8985994,84.0,50911.0
1719348925.0343385,100.0,50911.0
1719348925.1722834,99.0,50911.0
1719348925.3063247,99.0,50911.0
1719348925.4422672,100.0,50911.0
1719348925.5756538,100.0,50911.0
1719348925.7110333,100.0,50911.0
1719348925.8439915,85.0,50911.0
1719348925.98748,85.0,50911.0
1719348926.1277497,53.0,50911.0
1719348926.2618842,100.0,50911.0
1719348926.3996277,100.0,50911.0
1719348926.5335376,99.0,50911.0
1719348926.671627,100.0,50911.0
1719348926.8067646,100.0,50911.0
1719348926.9404812,100.0,50911.0
1719348927.077461,100.0,50911.0
1719348927.211739,100.0,50911.0
1719348927.3519409,30.0,50911.0
1719348927.491314,100.0,50911.0
1719348927.627967,100.0,50911.0
1719348927.7625594,99.0,50911.0
1719348927.898321,100.0,50911.0
1719348928.0337431,100.0,50911.0
1719348928.1674204,100.0,50911.0
1719348928.301329,100.0,50911.0
1719348928.4375362,100.0,50911.0
1719348928.5811846,55.0,50911.0
1719348928.7183194,68.0,50911.0
1719348928.8520257,100.0,50911.0
1719348928.9870431,100.0,50911.0
1719348929.13093,99.0,50911.0
1719348929.2655737,100.0,50911.0
1719348929.4006884,100.0,50911.0
1719348929.5360353,100.0,50911.0
1719348929.6696248,99.0,50911.0
1719348929.806272,31.0,50911.0
1719348929.955404,31.0,50911.0
1719348930.0927906,100.0,50911.0
1719348930.2276158,100.0,50911.0
1719348930.3632386,99.0,50911.0
1719348930.4971142,100.0,50911.0
1719348930.6294484,100.0,50911.0
1719348930.7620294,100.0,50911.0
1719348930.894917,100.0,50911.0
1719348931.0284555,38.0,50911.0
1719348931.1863573,38.0,50911.0
1719348931.326951,92.0,50911.0
1719348931.4676602,100.0,50911.0
1719348931.60742,100.0,50911.0
1719348931.7433765,99.0,50911.0
1719348931.8807778,100.0,50911.0
1719348932.0182452,100.0,50911.0
1719348932.155291,100.0,50911.0
1719348932.2918835,77.0,50911.0
1719348932.4354475,74.0,50911.0
1719348932.5774875,74.0,50911.0
1719348932.7164724,100.0,50911.0
1719348932.8537147,99.0,50911.0
1719348932.9909267,99.0,50911.0
1719348933.1281207,100.0,50911.0
1719348933.2637045,100.0,50911.0
1719348933.401697,100.0,50911.0
1719348933.5362663,96.0,50911.0
1719348933.6786304,55.0,50911.0
1719348933.8201044,55.0,50911.0
1719348933.9580808,100.0,50911.0
1719348934.0985677,99.0,50911.0
1719348934.2349555,99.0,50911.0
1719348934.3706758,100.0,50911.0
1719348934.5056875,100.0,50911.0
1719348934.6402476,100.0,50911.0
1719348934.7795494,100.0,50911.0
1719348934.9250002,57.0,50911.0
1719348935.0660331,57.0,50911.0
1719348935.2029848,100.0,50911.0
1719348935.3435779,99.0,50911.0
1719348935.4813128,100.0,50911.0
1719348935.6182027,100.0,50911.0
1719348935.7549348,100.0,50911.0
1719348935.8898287,100.0,50911.0
1719348936.0240536,100.0,50911.0
1719348936.1703308,54.0,50911.0
1719348936.310702,100.0,50911.0
1719348936.4475777,100.0,50911.0
1719348936.5883443,99.0,50911.0
1719348936.723963,100.0,50911.0
1719348936.8596869,100.0,50911.0
1719348936.9970222,100.0,50911.0
1719348937.1329684,100.0,50911.0
1719348937.2701378,45.0,50911.0
1719348937.4152544,45.0,50911.0
1719348937.5556784,100.0,50911.0
1719348937.6948757,99.0,50911.0
1719348937.831834,99.0,50911.0
1719348937.9684334,100.0,50911.0
1719348938.1070762,100.0,50911.0
1719348938.2439451,100.0,50911.0
1719348938.3802838,100.0,50911.0
1719348938.5175538,68.0,50911.0
1719348938.663842,68.0,50911.0
1719348938.8052065,80.0,50911.0
1719348938.9451587,100.0,50911.0
1719348939.083133,100.0,50911.0
1719348939.2200553,99.0,50911.0
1719348939.3553576,100.0,50911.0
1719348939.490185,100.0,50911.0
1719348939.626513,100.0,50911.0
1719348939.7643313,90.0,50911.0
1719348939.908108,90.0,50911.0
1719348940.0489738,100.0,50911.0
1719348940.1870246,100.0,50911.0
1719348940.3277297,99.0,50911.0
1719348940.4660368,100.0,50911.0
1719348940.6023204,100.0,50911.0
1719348940.7387989,100.0,50911.0
1719348940.8750815,100.0,50911.0
1719348941.0107403,100.0,50911.0
1719348941.1570804,54.0,50911.0
1719348941.301918,100.0,50911.0
1719348941.440128,100.0,50911.0
1719348941.579493,99.0,50911.0
1719348941.7155519,100.0,50911.0
1719348941.8516445,100.0,50911.0
1719348941.9866776,100.0,50911.0
1719348942.1213944,100.0,50911.0
1719348942.2550204,100.0,50911.0
1719348942.3995266,51.0,50911.0
1719348942.539848,100.0,50911.0
1719348942.6777997,100.0,50911.0
1719348942.8184505,99.0,50911.0
1719348942.954806,100.0,50911.0
1719348943.0896468,100.0,50911.0
1719348943.2263355,100.0,50911.0
1719348943.3641543,100.0,50911.0
1719348943.4986744,100.0,50911.0
1719348943.6429536,55.0,50911.0
1719348943.7839482,100.0,50911.0
1719348943.923289,99.0,50911.0
1719348944.059972,99.0,50911.0
1719348944.1968946,100.0,50911.0
1719348944.3318462,100.0,50911.0
1719348944.4693892,100.0,50911.0
1719348944.6058667,100.0,50911.0
1719348944.7396078,51.0,50911.0
1719348944.8834255,87.0,50911.0
1719348945.0248704,87.0,50911.0
1719348945.1627975,100.0,50911.0
1719348945.3046753,99.0,50911.0
1719348945.442314,99.0,50911.0
1719348945.5785353,100.0,50911.0
1719348945.7164943,100.0,50911.0
1719348945.8520386,100.0,50911.0
1719348945.9878592,82.0,50911.0
1719348946.1318452,82.0,50911.0
1719348946.2700465,44.0,50911.0
1719348946.4052863,100.0,50911.0
1719348946.5425568,100.0,50911.0
1719348946.6783438,97.0,50911.0
1719348946.8109875,100.0,50911.0
1719348946.946909,100.0,50911.0
1719348947.0801904,100.0,50911.0
1719348947.2160912,100.0,50911.0
1719348947.3508322,100.0,50911.0
1719348947.4852061,96.0,50911.0
1719348947.6204605,100.0,50911.0
1719348947.7539754,96.0,50911.0
1719348947.8893855,96.0,50911.0
1719348948.0233502,100.0,50911.0
1719348948.1582665,96.0,50911.0
1719348948.2922263,96.0,50911.0
1719348948.4258301,100.0,50911.0
1719348948.5586407,96.0,50911.0
1719348948.6950023,96.0,50911.0
1719348948.8274372,100.0,50911.0
1719348948.9617412,96.0,50911.0
1719348949.097287,96.0,50911.0
1719348949.231465,100.0,50911.0
1719348949.3666406,96.0,50911.0
1719348949.4992526,96.0,50911.0
1719348949.6320932,100.0,50911.0
1719348949.7674227,100.0,50911.0
1719348949.9010603,96.0,50911.0
1719348950.034587,100.0,50911.0
1719348950.1679513,100.0,50911.0
1719348950.3039227,96.0,50911.0
1719348950.4375107,100.0,50911.0
1719348950.5717678,96.0,50911.0
1719348950.704792,96.0,50911.0
1719348950.8385444,100.0,50911.0
1719348950.9710445,100.0,50911.0
1719348951.1035295,96.0,50911.0
1719348951.2364058,100.0,50911.0
1719348951.3686981,8.0,50911.0
1719348951.5006363,8.0,50911.0
1719348951.633927,0.0,50911.0
1719348951.7693284,0.0,50911.0
1719348951.9020782,0.0,50911.0
1719348952.0339253,0.0,50911.0
1719348952.1674674,0.0,50911.0
1719348952.299549,0.0,50911.0
1719348952.4310215,0.0,50911.0
1719348952.5626104,0.0,50911.0
1719348952.6977942,0.0,50911.0
1719348952.829755,0.0,50911.0
1719348952.9630725,0.0,50911.0
1719348953.1087449,0.0,50911.0
1719348953.241402,0.0,50911.0
1719348953.3750653,0.0,50911.0
1719348953.5084817,0.0,50911.0
1719348953.640673,0.0,50911.0
1719348953.7733517,0.0,50911.0
1719348953.905726,0.0,50911.0
1719348954.0398412,0.0,50911.0
1719348954.1722379,0.0,50911.0
1719348954.305466,0.0,50911.0
1719348954.4414852,0.0,50911.0
1719348954.5751019,0.0,50911.0
1719348954.7085917,0.0,50911.0
1719348954.8404307,0.0,50911.0
1719348954.9747307,0.0,50911.0
1719348955.1070704,0.0,50911.0
1719348955.2402375,0.0,50911.0
1719348955.3749485,0.0,50911.0
1719348955.5086787,0.0,50911.0
1719348955.640703,0.0,50911.0
1719348955.77479,0.0,50911.0
1719348955.9070392,0.0,50911.0
1719348956.0403798,0.0,50911.0
1719348956.1732209,0.0,50911.0
1719348956.3081121,0.0,50911.0
1719348956.4409065,0.0,50911.0
1719348956.5737474,0.0,50911.0
1719348956.7058578,0.0,50911.0
1719348956.8388846,0.0,50911.0
1719348956.9713492,0.0,50911.0
1719348957.1053302,0.0,50911.0
1719348957.2385323,0.0,50911.0
1719348957.370858,0.0,50911.0
1719348957.5027466,0.0,50911.0
1719348957.6360776,0.0,50911.0
1719348957.7687883,0.0,50911.0
1719348957.9024515,0.0,50911.0
1719348958.0352585,0.0,50911.0
1719348958.1696508,0.0,50911.0
1719348958.3039758,0.0,50911.0
1719348958.43889,0.0,50911.0
1719348958.5715532,0.0,50911.0
1719348958.7051108,0.0,50911.0
1719348958.8375185,0.0,50911.0
1719348958.9747326,0.0,50911.0
1719348959.107943,0.0,50911.0
1719348959.241245,0.0,50911.0
1719348959.3737588,0.0,50911.0
1719348959.5072916,0.0,50911.0
1719348959.639668,0.0,50911.0
1719348959.773437,0.0,50911.0
1719348959.905219,0.0,50911.0
1719348960.0381367,0.0,50911.0
1719348960.1701074,0.0,50911.0
1719348960.303347,0.0,50911.0
1719348960.4368339,0.0,50911.0
1719348960.5703504,0.0,50911.0
1719348960.7026534,0.0,50911.0
1719348960.8369522,0.0,50911.0
1719348960.968882,0.0,50911.0
1719348961.10306,0.0,50911.0
1719348961.2351441,0.0,50911.0
1719348961.3707037,0.0,50911.0
1719348961.5048642,0.0,50911.0
1719348961.673169,0.0,50911.0
1719348961.806997,0.0,50911.0
1719348961.9404266,0.0,50911.0
1719348962.0732858,0.0,50911.0
1719348962.2072074,0.0,50911.0
1719348962.3397374,0.0,50911.0
1719348962.4734514,0.0,50911.0
1719348962.606666,0.0,50911.0
1719348962.7417681,0.0,50911.0
1719348962.8742507,0.0,50911.0
1719348963.007971,0.0,50911.0
1719348963.1408393,0.0,50911.0
1719348963.2743783,0.0,50911.0
1719348963.40764,0.0,50911.0
1719348963.5412214,0.0,50911.0
1719348963.673637,0.0,50911.0
1719348963.8066628,0.0,50911.0
1719348963.9391122,0.0,50911.0
1719348964.0746605,0.0,50911.0
1719348964.2070408,0.0,50911.0
1719348964.340341,0.0,50911.0
1719348964.4738848,0.0,50911.0
1719348964.6071184,0.0,50911.0
1719348964.739755,0.0,50911.0
1719348964.8730254,0.0,50911.0
1719348965.0066814,0.0,50911.0
1719348965.1406515,0.0,50911.0
1719348965.2735724,0.0,50911.0
1719348965.4074256,0.0,50911.0
1719348965.5393012,0.0,50911.0
1719348965.672288,0.0,50911.0
1719348965.8043952,0.0,50911.0
1719348965.9372084,0.0,50911.0
1719348966.1010482,0.0,50911.0
1719348966.2345345,0.0,50911.0
1719348966.367623,0.0,50911.0
1719348966.5012925,0.0,50911.0
1719348966.6353903,0.0,50911.0
1719348966.7680285,0.0,50911.0
1719348966.9016254,0.0,50911.0
1719348967.0338285,0.0,50911.0
1719348967.1678092,0.0,50911.0
1719348967.3006754,0.0,50911.0
1719348967.434235,0.0,50911.0
1719348967.5664334,0.0,50911.0
1719348967.6987698,0.0,50911.0
1719348967.8306162,0.0,50911.0
1719348967.9633849,0.0,50911.0
1719348968.0972123,0.0,50911.0
1719348968.232772,0.0,50911.0
1719348968.3662038,0.0,50911.0
1719348968.501703,0.0,50911.0
1719348968.6342084,0.0,50911.0
1719348968.7673082,0.0,50911.0
1719348968.899487,0.0,50911.0
1719348969.0328481,0.0,50911.0
1719348969.1654682,0.0,50911.0
1719348969.302398,0.0,50911.0
1719348969.4357262,0.0,50911.0
1719348969.569278,0.0,50911.0
1719348969.7013838,0.0,50911.0
1719348969.8350732,0.0,50911.0
1719348969.9669335,0.0,50911.0
1719348970.1003678,0.0,50911.0
1719348970.2333164,0.0,50911.0
1719348970.3670764,0.0,50911.0
1719348970.499861,0.0,50911.0
1719348970.634,0.0,50911.0
1719348970.7664866,0.0,50911.0
1719348970.900286,0.0,50911.0
1719348971.0327582,0.0,50911.0
1719348971.1681387,0.0,50911.0
1719348971.3007283,0.0,50911.0
1719348971.4353318,0.0,50911.0
1719348971.5683484,0.0,50911.0
1719348971.7014449,0.0,50911.0
1719348971.8353848,0.0,50911.0
1719348971.9696057,0.0,50911.0
1719348972.1027975,0.0,50911.0
1719348972.2366724,0.0,50911.0
1719348972.3696733,0.0,50911.0
1719348972.5022833,0.0,50911.0
1719348972.63445,0.0,50911.0
1719348972.7662475,0.0,50911.0
1719348972.8980908,0.0,50911.0
1719348973.0315163,0.0,50911.0
1719348973.1641855,0.0,50911.0
1719348973.2980528,0.0,50911.0
1719348973.4307206,0.0,50911.0
1719348973.563978,0.0,50911.0
1719348973.6962652,0.0,50911.0
1719348973.829462,0.0,50911.0
1719348973.9619322,0.0,50911.0
1719348974.0952222,0.0,50911.0
1719348974.2272103,0.0,50911.0
1719348974.3594947,0.0,50911.0
1719348974.49336,0.0,50911.0
1719348974.625688,0.0,50911.0
1719348974.7576337,0.0,50911.0
1719348974.8895593,0.0,50911.0
1719348975.0227933,0.0,50911.0
1719348975.1549664,0.0,50911.0
1719348975.290455,0.0,50911.0
1719348975.424857,0.0,50911.0
1719348975.56046,0.0,50911.0
1719348975.6929429,0.0,50911.0
1719348975.8259294,0.0,50911.0
1719348975.9579809,0.0,50911.0
1719348976.0916314,0.0,50911.0
1719348976.2240841,0.0,50911.0
1719348976.3563583,0.0,50911.0
1719348976.490945,0.0,50911.0
1719348976.6237895,0.0,50911.0
1719348976.75651,0.0,50911.0
1719348976.8906782,0.0,50911.0
1719348977.0230477,0.0,50911.0
1719348977.156317,0.0,50911.0
1719348977.28836,0.0,50911.0
1719348977.4229965,0.0,50911.0
1719348977.5550091,0.0,50911.0
1719348977.6898606,0.0,50911.0
1719348977.8221107,0.0,50911.0
1719348977.95535,0.0,50911.0
1719348978.0881908,0.0,50911.0
1719348978.2219667,0.0,50911.0
1719348978.3546202,0.0,50911.0
1719348978.4891417,0.0,50911.0
1719348978.6214776,0.0,50911.0
1719348978.7539732,0.0,50911.0
1719348978.8866858,0.0,50911.0
1719348979.023649,0.0,50911.0
1719348979.157013,0.0,50911.0
1719348979.291194,0.0,50911.0
1719348979.4245825,0.0,50911.0
1719348979.55939,0.0,50911.0
1719348979.6916456,0.0,50911.0
1719348979.825836,0.0,50911.0
1719348979.9578943,0.0,50911.0
1719348980.093593,0.0,50911.0
1719348980.2268367,0.0,50911.0
1719348980.359301,0.0,50911.0
1719348980.4943295,0.0,50911.0
1719348980.6266441,0.0,50911.0
1719348980.7607872,0.0,50911.0
1719348980.893028,0.0,50911.0
1719348981.0266867,0.0,50911.0
1719348981.160017,0.0,50911.0
1719348981.292819,0.0,50911.0
1719348981.425945,0.0,50911.0
1719348981.5583096,0.0,50911.0
1719348981.6906452,0.0,50911.0
1719348981.8240824,0.0,50911.0
1719348981.9566753,0.0,50911.0
1719348982.0889547,0.0,50911.0
1719348982.222889,0.0,50911.0
1719348982.3558555,0.0,50911.0
1719348982.489847,0.0,50911.0
1719348982.6243453,0.0,50911.0
1719348982.7577152,0.0,50911.0
1719348982.8900821,0.0,50911.0
1719348983.0235052,0.0,50911.0
1719348983.156044,0.0,50911.0
1719348983.2897885,0.0,50911.0
1719348983.4228659,0.0,50911.0
1719348983.558284,0.0,50911.0
1719348983.6922903,0.0,50911.0
1719348983.8257,0.0,50911.0
1719348983.9578733,0.0,50911.0
1719348984.0935972,0.0,50911.0
1719348984.2265558,0.0,50911.0
1719348984.3610048,0.0,50911.0
1719348984.4966161,0.0,50911.0
1719348984.6306183,0.0,50911.0
1719348984.7754383,0.0,50911.0
1719348984.9093761,0.0,50911.0
1719348985.0422573,0.0,50911.0
1719348985.1759214,0.0,50911.0
1719348985.3083835,0.0,50911.0
1719348985.442683,0.0,50911.0
1719348985.5751626,0.0,50911.0
1719348985.709296,0.0,50911.0
1719348985.8434815,0.0,50911.0
1719348985.9765058,0.0,50911.0
1719348986.108446,0.0,50911.0
1719348986.2414737,0.0,50911.0
1719348986.373433,0.0,50911.0
1719348986.5077941,0.0,50911.0
1719348986.6400917,0.0,50911.0
1719348986.7725441,0.0,50911.0
1719348986.9051263,0.0,50911.0
1719348987.0376596,0.0,50911.0
1719348987.174752,0.0,50911.0
1719348987.3083587,0.0,50911.0
1719348987.4404173,0.0,50911.0
1719348987.5725346,0.0,50911.0
1719348987.7053673,0.0,50911.0
1719348987.8369944,0.0,50911.0
1719348987.9701009,0.0,50911.0
1719348988.102512,0.0,50911.0
1719348988.2355404,0.0,50911.0
1719348988.3721147,0.0,50911.0
1719348988.5057845,0.0,50911.0
1719348988.6395278,0.0,50911.0
1719348988.772029,0.0,50911.0
1719348988.905562,0.0,50911.0
1719348989.0379083,0.0,50911.0
1719348989.1715872,0.0,50911.0
1719348989.3063283,0.0,50911.0
1719348989.441553,0.0,50911.0
1719348989.574072,0.0,50911.0
1719348989.7077715,0.0,50911.0
1719348989.8405948,0.0,50911.0
1719348989.9743881,0.0,50911.0
1719348990.1065063,0.0,50911.0
1719348990.2394285,0.0,50911.0
1719348990.3719072,0.0,50911.0
1719348990.5066004,0.0,50911.0
1719348990.6389182,0.0,50911.0
1719348990.7718365,0.0,50911.0
1719348990.904711,0.0,50911.0
1719348991.0380108,0.0,50911.0
1719348991.1707551,0.0,50911.0
1719348991.3039727,0.0,50911.0
1719348991.4411151,0.0,50911.0
1719348991.574716,0.0,50911.0
1719348991.7097416,0.0,50911.0
1719348991.844384,0.0,50911.0
1719348991.9788742,0.0,50911.0
1719348992.1124892,0.0,50911.0
1719348992.3030877,0.0,50911.0
1719348992.436506,0.0,50911.0
1719348992.5697863,0.0,50911.0
1719348992.7020392,0.0,50911.0
1719348992.8374834,0.0,50911.0
1719348992.9699202,0.0,50911.0
1719348993.104605,0.0,50911.0
1719348993.2394805,0.0,50911.0
1719348993.3719492,0.0,50911.0
1719348993.5066361,0.0,50911.0
1719348993.63894,0.0,50911.0
1719348993.7720942,0.0,50911.0
1719348993.9045477,0.0,50911.0
1719348994.0372639,0.0,50911.0
1719348994.16967,0.0,50911.0
1719348994.3016,0.0,50911.0
1719348994.4388108,0.0,50911.0
1719348994.5721934,0.0,50911.0
1719348994.7042189,0.0,50911.0
1719348994.838042,0.0,50911.0
1719348994.9706328,0.0,50911.0
1719348995.1033142,0.0,50911.0
1719348995.235986,0.0,50911.0
1719348995.3678725,0.0,50911.0
1719348995.5009694,0.0,50911.0
1719348995.632965,0.0,50911.0
1719348995.7653997,0.0,50911.0
1719348995.8996472,0.0,50911.0
1719348996.0327563,0.0,50911.0
1719348996.1657481,0.0,50911.0
1719348996.2993388,0.0,50911.0
1719348996.4320328,0.0,50911.0
1719348996.5649986,0.0,50911.0
1719348996.6968448,0.0,50911.0
1719348996.8822186,0.0,50911.0
1719348997.0167968,0.0,50911.0
1719348997.150004,0.0,50911.0
1719348997.2832642,0.0,50911.0
1719348997.418298,0.0,50911.0
1719348997.5509036,0.0,50911.0
1719348997.6843643,0.0,50911.0
1719348997.8167427,0.0,50911.0
1719348997.949483,0.0,50911.0
1719348998.081973,0.0,50911.0
1719348998.2145095,0.0,50911.0
1719348998.3509476,0.0,50911.0
1719348998.487002,0.0,50911.0
1719348998.6196232,0.0,50911.0
1719348998.7536523,0.0,50911.0
1719348998.8869405,0.0,50911.0
1719348999.0219426,0.0,50911.0
1719348999.1547449,0.0,50911.0
1719348999.2879868,0.0,50911.0
1719348999.4211843,0.0,50911.0
1719348999.553443,0.0,50911.0
1719348999.685723,0.0,50911.0
1719348999.8188865,0.0,50911.0
1719348999.9508915,0.0,50911.0
1719349000.0860963,0.0,50911.0
1719349000.2186174,0.0,50911.0
1719349000.3549547,0.0,50911.0
1719349000.4886057,0.0,50911.0
1719349000.6216166,0.0,50911.0
1719349000.754026,0.0,50911.0
1719349000.910231,0.0,50911.0
1719349001.0422256,0.0,50911.0
1719349001.175097,0.0,50911.0
1719349001.3072712,0.0,50911.0
1719349001.4415262,0.0,50911.0
1719349001.5735638,0.0,50911.0
1719349001.7067978,0.0,50911.0
1719349001.8397622,0.0,50911.0
1719349001.973849,0.0,50911.0
1719349002.106828,0.0,50911.0
1719349002.2408125,0.0,50911.0
1719349002.3745167,0.0,50911.0
1719349002.5082285,0.0,50911.0
1719349002.6405666,0.0,50911.0
1719349002.7737026,0.0,50911.0
1719349002.90827,0.0,50911.0
1719349003.042403,0.0,50911.0
1719349003.176193,0.0,50911.0
1719349003.3091645,0.0,50911.0
1719349003.4427707,0.0,50911.0
1719349003.5764163,0.0,50911.0
1719349003.708564,0.0,50911.0
1719349003.8413332,0.0,50911.0
1719349003.9734879,0.0,50911.0
1719349004.1065018,0.0,50911.0
1719349004.2386603,0.0,50911.0
1719349004.372094,0.0,50911.0
1719349004.5059333,0.0,50911.0
1719349004.6391914,0.0,50911.0
1719349004.7715309,0.0,50911.0
1719349004.907456,0.0,50911.0
1719349005.0398085,0.0,50911.0
1719349005.1734226,0.0,50911.0
1719349005.3084953,0.0,50911.0
1719349005.4415443,0.0,50911.0
1719349005.5734062,0.0,50911.0
1719349005.7062125,0.0,50911.0
1719349005.8378234,0.0,50911.0
1719349005.971259,0.0,50911.0
1719349006.1043723,0.0,50911.0
1719349006.2382917,0.0,50911.0
1719349006.370677,0.0,50911.0
1719349006.5040262,0.0,50911.0
1719349006.6366148,0.0,50911.0
1719349006.770183,0.0,50911.0
1719349006.907591,0.0,50911.0
1719349007.0402308,0.0,50911.0
1719349007.1735277,0.0,50911.0
1719349007.3093035,0.0,50911.0
1719349007.4460077,0.0,50911.0
1719349007.5795996,0.0,50911.0
1719349007.712993,0.0,50911.0
1719349007.8455474,0.0,50911.0
1719349007.979907,0.0,50911.0
1719349008.1119995,0.0,50911.0
1719349008.2474966,0.0,50911.0
1719349008.3810897,0.0,50911.0
1719349008.5143774,0.0,50911.0
1719349008.647706,0.0,50911.0
1719349008.7800262,0.0,50911.0
1719349008.912006,0.0,50911.0
1719349009.044942,0.0,50911.0
1719349009.177375,0.0,50911.0
1719349009.312603,0.0,50911.0
1719349009.4465027,0.0,50911.0
1719349009.5795057,0.0,50911.0
1719349009.713886,0.0,50911.0
1719349009.8459966,0.0,50911.0
1719349009.9778817,0.0,50911.0
1719349010.1107764,0.0,50911.0
1719349010.2436545,0.0,50911.0
1719349010.3768487,0.0,50911.0
1719349010.5103695,0.0,50911.0
1719349010.6434243,0.0,50911.0
1719349010.7762506,0.0,50911.0
1719349010.910142,0.0,50911.0
1719349011.0452726,0.0,50911.0
1719349011.177853,0.0,50911.0
1719349011.3127346,0.0,50911.0
1719349011.4451916,0.0,50911.0
1719349011.5788536,0.0,50911.0
1719349011.8435884,0.0,50911.0
1719349011.9769096,0.0,50911.0
1719349012.1114244,0.0,50911.0
1719349012.2576346,0.0,50911.0
1719349012.3901374,0.0,50911.0
1719349012.522869,0.0,50911.0
1719349012.654712,0.0,50911.0
1719349012.7898664,0.0,50911.0
1719349012.9226236,0.0,50911.0
1719349013.0558782,0.0,50911.0
1719349013.1893,0.0,50911.0
1719349013.3231485,0.0,50911.0
1719349013.4568512,0.0,50911.0
1719349013.5905328,0.0,50911.0
1719349013.723295,0.0,50911.0
1719349013.8600922,0.0,50911.0
1719349013.9937742,0.0,50911.0
1719349014.1299284,0.0,50911.0
1719349014.264819,0.0,50911.0
1719349014.4002452,0.0,50911.0
1719349014.5354087,0.0,50911.0
1719349014.6688747,0.0,50911.0
1719349014.8010714,0.0,50911.0
1719349014.935536,0.0,50911.0
1719349015.0678415,0.0,50911.0
1719349015.201712,0.0,50911.0
1719349015.3368428,0.0,50911.0
1719349015.473171,0.0,50911.0
1719349015.60715,0.0,50911.0
1719349015.740546,0.0,50911.0
1719349015.8737626,0.0,50911.0
1719349016.006688,0.0,50911.0
1719349016.143543,0.0,50911.0
1719349016.2767258,0.0,50911.0
1719349016.4111698,0.0,50911.0
1719349016.5435128,0.0,50911.0
1719349016.677942,0.0,50911.0
1719349016.8102694,0.0,50911.0
1719349016.943507,0.0,50911.0
1719349017.145536,0.0,50911.0
1719349017.2785192,0.0,50911.0
1719349017.4143414,0.0,50911.0
1719349017.5461485,0.0,50911.0
1719349017.6794138,0.0,50911.0
1719349017.8117461,0.0,50911.0
1719349017.9451537,0.0,50911.0
1719349018.0774953,0.0,50911.0
1719349018.2125847,0.0,50911.0
1719349018.345383,0.0,50911.0
1719349018.4809613,0.0,50911.0
1719349018.6131425,0.0,50911.0
1719349018.7462826,0.0,50911.0
1719349018.8790662,0.0,50911.0
1719349019.0124664,0.0,50911.0
1719349019.1450398,0.0,50911.0
1719349019.2778742,0.0,50911.0
1719349019.4147904,0.0,50911.0
1719349019.5707636,0.0,50911.0
1719349019.7082536,0.0,50911.0
1719349019.8411,0.0,50911.0
1719349019.9744945,0.0,50911.0
1719349020.1070638,0.0,50911.0
1719349020.240503,0.0,50911.0
1719349020.3733737,0.0,50911.0
1719349020.5074399,0.0,50911.0
1719349020.6417482,0.0,50911.0
1719349020.7765167,0.0,50911.0
1719349020.9094467,0.0,50911.0
1719349021.0428932,0.0,50911.0
1719349021.175851,0.0,50911.0
1719349021.3094249,0.0,50911.0
1719349021.4421422,0.0,50911.0
1719349021.5796351,0.0,50911.0
1719349021.7121272,0.0,50911.0
1719349021.848627,0.0,50911.0
1719349021.983705,0.0,50911.0
1719349022.1198967,0.0,50911.0
1719349022.2531025,0.0,50911.0
1719349022.3855848,0.0,50911.0
1719349022.5216131,0.0,50911.0
1719349022.6586368,0.0,50911.0
1719349022.7937462,0.0,50911.0
1719349022.9307313,0.0,50911.0
1719349023.0681686,0.0,50911.0
1719349023.2005916,0.0,50911.0
1719349023.3336577,0.0,50911.0
1719349023.4657924,0.0,50911.0
1719349023.630598,0.0,50911.0
1719349023.7641,0.0,50911.0
1719349023.899078,0.0,50911.0
1719349024.0316274,0.0,50911.0
1719349024.1660757,0.0,50911.0
1719349024.3034906,0.0,50911.0
1719349024.4377682,0.0,50911.0
1719349024.571283,0.0,50911.0
1719349024.7039583,0.0,50911.0
1719349024.836356,0.0,50911.0
1719349024.9696703,0.0,50911.0
1719349025.1067104,0.0,50911.0
1719349025.2418706,0.0,50911.0
1719349025.3764849,0.0,50911.0
1719349025.5106156,0.0,50911.0
1719349025.6433425,0.0,50911.0
1719349025.7757094,0.0,50911.0
1719349025.9086428,0.0,50911.0
1719349026.0407367,0.0,50911.0
1719349026.17429,0.0,50911.0
1719349026.3097165,0.0,50911.0
1719349026.4456644,0.0,50911.0
1719349026.5787575,0.0,50911.0
1719349026.7129319,0.0,50911.0
1719349026.84661,0.0,50911.0
1719349026.9816368,0.0,50911.0
1719349027.1157765,0.0,50911.0
1719349027.2632713,0.0,50911.0
1719349027.3981087,0.0,50911.0
1719349027.5311577,0.0,50911.0
1719349027.6635768,0.0,50911.0
1719349027.7983184,0.0,50911.0
1719349027.9332316,0.0,50911.0
1719349028.0663881,0.0,50911.0
1719349028.200526,0.0,50911.0
1719349028.3342617,0.0,50911.0
1719349028.4710987,0.0,50911.0
1719349028.6084523,0.0,50911.0
1719349028.7461236,0.0,50911.0
1719349028.8803065,0.0,50911.0
1719349029.0760796,0.0,50911.0
1719349029.2108815,0.0,50911.0
1719349029.3434393,0.0,50911.0
1719349029.476918,0.0,50911.0
1719349029.6107411,0.0,50911.0
1719349029.7437787,0.0,50911.0
1719349029.8789804,0.0,50911.0
1719349030.0122573,0.0,50911.0
1719349030.1501381,0.0,50911.0
1719349030.2848144,0.0,50911.0
1719349030.4206617,0.0,50911.0
1719349030.5545673,0.0,50911.0
1719349030.6865425,0.0,50911.0
1719349030.820553,0.0,50911.0
1719349030.9529102,0.0,50911.0
1719349031.08638,0.0,50911.0
1719349031.2436316,0.0,50911.0
1719349031.3780124,0.0,50911.0
1719349031.510452,0.0,50911.0
1719349031.6449256,0.0,50911.0
1719349031.778371,0.0,50911.0
1719349031.911629,0.0,50911.0
1719349032.0439053,0.0,50911.0
1719349032.1773217,0.0,50911.0
1719349032.3133802,0.0,50911.0
1719349032.4473534,0.0,50911.0
1719349032.5800817,0.0,50911.0
1719349032.7122715,0.0,50911.0
1719349032.8451831,0.0,50911.0
1719349032.979019,0.0,50911.0
1719349033.1123116,0.0,50911.0
1719349033.2465043,0.0,50911.0
1719349033.379452,0.0,50911.0
1719349033.5139077,0.0,50911.0
1719349033.6494725,0.0,50911.0
1719349033.7820554,0.0,50911.0
1719349033.9155784,0.0,50911.0
1719349034.048483,0.0,50911.0
1719349034.1824336,0.0,50911.0
1719349034.3143172,0.0,50911.0
1719349034.4481134,0.0,50911.0
1719349034.5807216,0.0,50911.0
1719349034.71433,0.0,50911.0
1719349034.8482535,0.0,50911.0
1719349034.9818776,0.0,50911.0
1719349035.114365,0.0,50911.0
1719349035.2493522,0.0,50911.0
1719349035.3823524,0.0,50911.0
1719349035.5191486,0.0,50911.0
1719349035.6548123,0.0,50911.0
1719349035.7876332,0.0,50911.0
1719349035.9224455,0.0,50911.0
1719349036.0559158,0.0,50911.0
1719349036.1898077,0.0,50911.0
1719349036.3219426,0.0,50911.0
1719349036.479746,0.0,50911.0
1719349036.6126,0.0,50911.0
1719349036.7460635,0.0,50911.0
1719349036.8797634,0.0,50911.0
1719349037.0138772,0.0,50911.0
1719349037.1489923,0.0,50911.0
1719349037.2824748,0.0,50911.0
1719349037.4177852,0.0,50911.0
1719349037.5528607,0.0,50911.0
1719349037.6872847,0.0,50911.0
1719349037.8201516,0.0,50911.0
1719349037.9548407,0.0,50911.0
1719349038.0894768,0.0,50911.0
1719349038.2220433,0.0,50911.0
1719349038.3554144,0.0,50911.0
1719349038.4881501,0.0,50911.0
1719349038.6215057,0.0,50911.0
1719349038.7570019,0.0,50911.0
1719349038.890457,0.0,50911.0
1719349039.022986,0.0,50911.0
1719349039.1568854,0.0,50911.0
1719349039.2900367,0.0,50911.0
1719349039.4255462,0.0,50911.0
1719349039.5581398,0.0,50911.0
1719349039.6916652,0.0,50911.0
1719349039.824077,0.0,50911.0
1719349039.9596496,0.0,50911.0
1719349040.0983608,0.0,50911.0
1719349040.2319148,0.0,50911.0
1719349040.3660808,0.0,50911.0
1719349040.5001385,0.0,50911.0
1719349040.6336741,0.0,50911.0
1719349040.767382,0.0,50911.0
1719349040.9010868,0.0,50911.0
1719349041.0334585,0.0,50911.0
1719349041.170627,0.0,50911.0
1719349041.3354383,0.0,50911.0
1719349041.4716334,0.0,50911.0
1719349041.6055386,0.0,50911.0
1719349041.739182,0.0,50911.0
1719349041.8732634,0.0,50911.0
1719349042.0420115,0.0,50911.0
1719349042.1751518,0.0,50911.0
1719349042.3094876,0.0,50911.0
1719349042.442071,0.0,50911.0
1719349042.5759182,0.0,50911.0
1719349042.7097192,0.0,50911.0
1719349042.8513904,0.0,50911.0
1719349042.985599,0.0,50911.0
1719349043.1185946,0.0,50911.0
1719349043.2539668,0.0,50911.0
1719349043.386793,0.0,50911.0
1719349043.521678,0.0,50911.0
1719349043.6590955,0.0,50911.0
1719349043.794284,0.0,50911.0
1719349043.9305077,0.0,50911.0
1719349044.0828485,0.0,50911.0
1719349044.2181356,0.0,50911.0
1719349044.3555794,0.0,50911.0
1719349044.49287,0.0,50911.0
1719349044.6278267,0.0,50911.0
1719349044.763405,0.0,50911.0
1719349044.8962917,0.0,50911.0
1719349045.028787,0.0,50911.0
1719349045.1642432,0.0,50911.0
1719349045.2986753,0.0,50911.0
1719349045.431306,0.0,50911.0
1719349045.564387,0.0,50911.0
1719349045.697279,0.0,50911.0
1719349045.832057,0.0,50911.0
1719349045.9648335,0.0,50911.0
1719349046.0981357,0.0,50911.0
1719349046.2308905,0.0,50911.0
1719349046.3643143,0.0,50911.0
1719349046.497785,0.0,50911.0
1719349046.6329818,0.0,50911.0
1719349046.7672372,0.0,50911.0
1719349046.901494,0.0,50911.0
1719349047.037554,0.0,50911.0
1719349047.1702943,0.0,50911.0
1719349047.3029985,0.0,50911.0
1719349047.4362588,0.0,50911.0
1719349047.5718467,0.0,50911.0
1719349047.7044606,0.0,50911.0
1719349047.838421,0.0,50911.0
1719349047.9733045,0.0,50911.0
1719349048.108895,0.0,50911.0
1719349048.2416313,0.0,50911.0
1719349048.3754354,0.0,50911.0
1719349048.5078442,0.0,50911.0
1719349048.6412714,0.0,50911.0
1719349048.7736642,0.0,50911.0
1719349048.9070754,0.0,50911.0
1719349049.0405262,0.0,50911.0
1719349049.1741529,0.0,50911.0
1719349049.3071873,0.0,50911.0
1719349049.442288,0.0,50911.0
1719349049.5741794,0.0,50911.0
1719349049.708465,0.0,50911.0
1719349049.8423066,0.0,50911.0
1719349049.9758425,0.0,50911.0
1719349050.1079412,0.0,50911.0
1719349050.2399683,0.0,50911.0
1719349050.3721435,0.0,50911.0
1719349050.5054767,0.0,50911.0
1719349050.6403837,0.0,50911.0
1719349050.772978,0.0,50911.0
1719349050.9056835,0.0,50911.0
1719349051.0395203,0.0,50911.0
1719349051.1742704,0.0,50911.0
1719349051.3064272,0.0,50911.0
1719349051.4413006,0.0,50911.0
1719349051.574857,0.0,50911.0
1719349051.708439,0.0,50911.0
1719349051.8439984,0.0,50911.0
1719349051.977953,0.0,50911.0
1719349052.1114764,0.0,50911.0
1719349052.2447495,0.0,50911.0
1719349052.3774858,0.0,50911.0
1719349052.509865,0.0,50911.0
1719349052.6449733,0.0,50911.0
1719349052.777502,0.0,50911.0
1719349052.9126832,0.0,50911.0
1719349053.0470626,0.0,50911.0
1719349053.1811798,0.0,50911.0
1719349053.3138232,0.0,50911.0
1719349053.447734,0.0,50911.0
1719349053.5802655,0.0,50911.0
1719349053.7147,0.0,50911.0
1719349053.8489728,0.0,50911.0
1719349054.101363,0.0,50911.0
1719349054.2341871,0.0,50911.0
1719349054.3676105,0.0,50911.0
1719349054.500893,0.0,50911.0
1719349054.6348,0.0,50911.0
1719349054.7669928,0.0,50911.0
1719349054.9000468,0.0,50911.0
1719349055.0488756,0.0,50911.0
1719349055.183007,0.0,50911.0
1719349055.315907,0.0,50911.0
1719349055.451163,0.0,50911.0
1719349055.5837858,0.0,50911.0
1719349055.718517,0.0,50911.0
1719349055.8546846,0.0,50911.0
1719349055.990406,0.0,50911.0
1719349056.1265981,0.0,50911.0
1719349056.2614052,0.0,50911.0
1719349056.3992589,0.0,50911.0
1719349056.5381045,0.0,50911.0
1719349056.674016,0.0,50911.0
1719349056.8083231,0.0,50911.0
1719349056.9409533,0.0,50911.0
1719349057.0742674,0.0,50911.0
1719349057.2067196,0.0,50911.0
1719349057.3389275,0.0,50911.0
1719349057.4711487,0.0,50911.0
1719349057.606061,0.0,50911.0
1719349057.7398272,0.0,50911.0
1719349057.8724725,0.0,50911.0
1719349058.0065134,0.0,50911.0
1719349058.1391306,0.0,50911.0
1719349058.272449,0.0,50911.0
1719349058.4055178,0.0,50911.0
1719349058.5420368,0.0,50911.0
1719349058.675952,0.0,50911.0
1719349058.810286,0.0,50911.0
1719349058.9461415,0.0,50911.0
1719349059.0797074,0.0,50911.0
1719349059.213197,0.0,50911.0
1719349059.3457513,0.0,50911.0
1719349059.4793963,0.0,50911.0
1719349059.6118739,0.0,50911.0
1719349059.7468364,0.0,50911.0
1719349059.8795025,0.0,50911.0
1719349060.0131435,0.0,50911.0
1719349060.1470635,0.0,50911.0
1719349060.2799404,0.0,50911.0
1719349060.4120967,0.0,50911.0
1719349060.5466373,0.0,50911.0
1719349060.6790144,0.0,50911.0
1719349060.8121974,0.0,50911.0
1719349060.9444325,0.0,50911.0
1719349061.0785768,0.0,50911.0
1719349061.2120328,0.0,50911.0
1719349061.3460886,0.0,50911.0
1719349061.4795184,0.0,50911.0
1719349061.613028,0.0,50911.0
1719349061.7450855,0.0,50911.0
1719349061.8784826,0.0,50911.0
1719349062.0122619,0.0,50911.0
1719349062.1456015,0.0,50911.0
1719349062.2777014,0.0,50911.0
1719349062.409813,0.0,50911.0
1719349062.5435243,0.0,50911.0
1719349062.6758943,0.0,50911.0
1719349062.809723,0.0,50911.0
1719349062.9428961,0.0,50911.0
1719349063.0753012,0.0,50911.0
1719349063.2089365,0.0,50911.0
1719349063.3410764,0.0,50911.0
1719349063.4750626,0.0,50911.0
1719349063.608948,0.0,50911.0
1719349063.7427723,0.0,50911.0
1719349063.8751445,0.0,50911.0
1719349064.008781,0.0,50911.0
1719349064.1416254,0.0,50911.0
