timestamp,gpu_util,gpu_mem
1719346905.5436964,0.0,3.0
1719346905.7078664,0.0,3.0
1719346905.87176,0.0,3.0
1719346906.0489376,0.0,25.0
1719346906.2154431,3.0,579.0
1719346906.3882341,11.0,661.0
1719346906.566966,8.0,747.0
1719346906.7517178,6.0,833.0
1719346906.9397564,6.0,937.0
1719346907.1427824,6.0,1137.0
1719346907.3520062,6.0,1215.0
1719346907.5481787,0.0,1215.0
1719346907.777393,0.0,1215.0
1719346907.982212,0.0,1215.0
1719346908.2021785,0.0,1215.0
1719346908.411157,0.0,1215.0
1719346908.614664,0.0,1471.0
1719346908.8201945,6.0,1599.0
1719346909.0237105,3.0,1855.0
1719346909.239795,3.0,1983.0
1719346909.450395,3.0,2111.0
1719346909.651802,3.0,2239.0
1719346909.8565805,3.0,2367.0
1719346910.0617917,7.0,2623.0
1719346910.276669,0.0,2623.0
1719346910.5025342,2.0,4229.0
1719346910.702421,1.0,4259.0
1719346910.9024615,1.0,4309.0
1719346911.0994258,3.0,4377.0
1719346911.308781,3.0,4451.0
1719346911.524131,3.0,4519.0
1719346911.7466938,3.0,4589.0
1719346911.985033,3.0,4645.0
1719346912.2232788,3.0,6311.0
1719346912.4746623,3.0,6385.0
1719346912.7306716,4.0,6463.0
1719346912.9867942,13.0,32831.0
1719346913.2401705,100.0,35135.0
1719346913.496195,69.0,35177.0
1719346913.759682,100.0,36537.0
1719346914.1577613,82.0,36537.0
1719346914.4243479,100.0,36549.0
1719346914.701581,100.0,36549.0
1719346914.9949605,48.0,36549.0
1719346915.2802544,98.0,36549.0
1719346915.5471268,100.0,36545.0
1719346915.8083067,14.0,36545.0
1719346916.0741827,52.0,36545.0
1719346916.3433337,54.0,36549.0
1719346916.6103399,100.0,36549.0
1719346916.8755152,100.0,36549.0
1719346917.1335998,100.0,36549.0
1719346917.3927598,100.0,36549.0
1719346917.651679,100.0,36549.0
1719346917.914123,100.0,36549.0
1719346918.1746964,100.0,36549.0
1719346918.4348774,100.0,36549.0
1719346918.6948674,100.0,36549.0
1719346918.95758,73.0,36549.0
1719346919.2376049,46.0,36545.0
1719346919.499598,0.0,36545.0
1719346919.7639081,0.0,36545.0
1719346920.0253425,84.0,36545.0
1719346920.2832491,100.0,36545.0
1719346920.5464978,14.0,36545.0
1719346920.8064072,0.0,36545.0
1719346921.0721247,0.0,36545.0
1719346921.336733,0.0,36545.0
1719346921.6032946,0.0,36545.0
1719346921.867661,0.0,36545.0
1719346922.137835,0.0,36545.0
1719346922.41447,0.0,36545.0
1719346922.6786833,0.0,36545.0
1719346922.9424093,0.0,36545.0
1719346923.209953,0.0,36545.0
1719346923.4765837,0.0,36545.0
1719346923.743858,0.0,36545.0
1719346924.011876,0.0,36545.0
1719346924.2831943,0.0,36545.0
1719346924.5528138,0.0,36545.0
1719346924.8179305,0.0,36545.0
1719346925.0839646,0.0,36545.0
1719346925.3491962,0.0,36545.0
1719346925.6149879,0.0,36545.0
1719346925.8818138,0.0,36545.0
1719346926.1508632,0.0,36545.0
1719346926.425471,0.0,36545.0
1719346926.6938324,0.0,36545.0
1719346926.9600828,0.0,36545.0
1719346927.2279222,0.0,36545.0
1719346927.494366,0.0,36545.0
1719346927.7630882,0.0,36545.0
1719346928.0297902,0.0,36545.0
1719346928.295724,0.0,36545.0
1719346928.5627599,0.0,36545.0
1719346928.8296266,0.0,36545.0
1719346929.0969822,0.0,36545.0
1719346929.3641868,0.0,36545.0
1719346929.6309135,0.0,36545.0
1719346929.8992496,0.0,36545.0
1719346930.1632054,0.0,36545.0
1719346930.4315078,0.0,36545.0
1719346930.697511,0.0,36545.0
1719346930.9598577,0.0,36545.0
1719346931.2244334,0.0,36545.0
1719346931.4883933,0.0,36545.0
1719346931.750578,0.0,36545.0
1719346932.0187545,0.0,36545.0
1719346932.284226,0.0,36545.0
1719346932.5636191,0.0,36545.0
1719346932.8283556,0.0,36545.0
1719346933.094878,0.0,36545.0
1719346933.363788,0.0,36545.0
1719346933.6300113,0.0,36545.0
1719346933.8950899,0.0,36545.0
1719346934.164799,0.0,36545.0
1719346934.4339623,0.0,36545.0
1719346934.6938362,0.0,36545.0
1719346934.9504943,0.0,36545.0
1719346935.2150831,0.0,36545.0
1719346935.4814088,0.0,36545.0
1719346935.747641,0.0,36545.0
1719346936.0112038,0.0,36545.0
1719346936.273529,0.0,36545.0
1719346936.5396018,0.0,36545.0
1719346936.8052018,0.0,36545.0
1719346937.0740876,0.0,36545.0
1719346937.3412213,0.0,36545.0
1719346937.6067822,0.0,36545.0
1719346937.8696284,0.0,36545.0
1719346938.1324465,0.0,36545.0
1719346938.3984396,0.0,36545.0
1719346938.660517,0.0,36545.0
1719346938.9266968,0.0,36545.0
1719346939.2012575,0.0,36545.0
1719346939.468371,0.0,36545.0
1719346939.7344663,0.0,36545.0
1719346940.0035782,0.0,36545.0
1719346940.2700026,0.0,36545.0
1719346940.5373108,0.0,36545.0
1719346940.8019006,0.0,36545.0
1719346941.0677664,0.0,36545.0
1719346941.3338995,0.0,36545.0
1719346941.6020958,0.0,36545.0
1719346941.8686945,0.0,36545.0
1719346942.1315703,0.0,36545.0
1719346942.3989034,0.0,36545.0
1719346942.6662736,0.0,36545.0
1719346942.9307206,0.0,36545.0
1719346943.1950653,0.0,36545.0
1719346943.4636827,0.0,36545.0
1719346943.728542,0.0,36545.0
1719346943.9917333,0.0,36545.0
1719346944.2580516,0.0,36545.0
1719346944.523367,0.0,36545.0
1719346944.790539,0.0,36545.0
1719346945.0565665,0.0,36545.0
1719346945.3241785,0.0,36545.0
1719346945.591435,0.0,36545.0
1719346945.8586462,0.0,36545.0
1719346946.1253107,0.0,36545.0
1719346946.393763,0.0,36545.0
1719346946.661903,0.0,36545.0
1719346946.9286249,0.0,36545.0
1719346947.1999626,0.0,36545.0
1719346947.4657292,0.0,36545.0
1719346947.7324224,0.0,36545.0
1719346947.999965,0.0,36545.0
1719346948.2689352,0.0,36545.0
1719346948.58064,0.0,36545.0
1719346948.8464632,0.0,36545.0
1719346949.1118243,0.0,36545.0
1719346949.411191,0.0,36545.0
1719346949.696485,0.0,36545.0
1719346949.9625103,0.0,36545.0
1719346950.2296014,0.0,36545.0
1719346950.497333,0.0,36545.0
1719346950.7653918,0.0,36545.0
1719346951.033467,0.0,36545.0
1719346951.2988842,0.0,36545.0
1719346951.563648,0.0,36545.0
1719346951.8319135,0.0,36545.0
1719346952.0983708,0.0,36545.0
1719346952.3662038,0.0,36545.0
1719346952.6329303,0.0,36545.0
1719346952.9009376,0.0,36545.0
1719346953.1696084,0.0,36545.0
1719346953.4380715,0.0,36545.0
1719346953.7040854,0.0,36545.0
1719346953.9701207,0.0,36545.0
1719346954.2392778,0.0,36545.0
1719346954.5055432,0.0,36545.0
1719346954.7704906,0.0,36545.0
1719346955.0370917,0.0,36545.0
1719346955.3048723,0.0,36545.0
1719346955.5721893,0.0,36545.0
1719346955.839552,0.0,36545.0
1719346956.10523,0.0,36545.0
1719346956.3725624,0.0,36545.0
1719346956.63528,0.0,36545.0
1719346956.9013631,0.0,36545.0
1719346957.1638055,0.0,36545.0
1719346957.4275284,0.0,36545.0
1719346957.6927164,0.0,36545.0
1719346957.9601743,0.0,36545.0
1719346958.2233253,0.0,36545.0
1719346958.4912012,0.0,36545.0
1719346958.7585506,0.0,36545.0
1719346959.0243104,0.0,36545.0
1719346959.2923157,0.0,36545.0
1719346959.5558085,0.0,36545.0
1719346959.821256,0.0,36545.0
1719346960.0869846,0.0,36545.0
1719346960.3512323,0.0,36545.0
1719346960.6166363,0.0,36545.0
1719346960.8893714,0.0,36545.0
1719346961.1595244,0.0,36545.0
1719346961.4262426,0.0,36545.0
1719346961.691575,0.0,36545.0
1719346961.9572468,0.0,36545.0
1719346962.224808,0.0,36545.0
1719346962.492088,0.0,36545.0
1719346962.7610226,0.0,36545.0
1719346963.0299263,0.0,36545.0
1719346963.29452,0.0,36545.0
1719346963.5598848,0.0,36545.0
1719346963.8255715,0.0,36545.0
1719346964.0932648,0.0,36545.0
1719346964.3590953,0.0,36545.0
1719346964.6238947,0.0,36545.0
1719346964.8888028,0.0,36545.0
1719346965.1459966,0.0,36545.0
1719346965.4015822,0.0,36545.0
1719346965.6666877,0.0,36545.0
1719346965.9322557,0.0,36545.0
1719346966.2027123,0.0,36545.0
1719346966.4692655,0.0,36545.0
1719346966.7357945,0.0,36545.0
1719346966.9981775,0.0,36545.0
1719346967.2622843,0.0,36545.0
1719346967.525531,0.0,36545.0
1719346967.7982605,0.0,36545.0
1719346968.0633097,0.0,36545.0
1719346968.3361573,0.0,36545.0
1719346968.6008117,0.0,36545.0
1719346968.868536,0.0,36545.0
1719346969.134996,0.0,36545.0
1719346969.400887,0.0,36545.0
1719346969.6683831,0.0,36545.0
1719346969.932816,0.0,36545.0
1719346970.208812,0.0,36545.0
1719346970.4769814,0.0,36545.0
1719346970.744192,0.0,36545.0
1719346971.0121229,0.0,36545.0
1719346971.2787697,0.0,36545.0
1719346971.5455518,0.0,36545.0
1719346971.813691,0.0,36545.0
1719346972.0813575,0.0,36545.0
1719346972.3533318,0.0,36545.0
1719346972.6188555,0.0,36545.0
1719346972.8870444,0.0,36545.0
1719346973.1525202,0.0,36545.0
1719346973.420726,0.0,36545.0
1719346973.6899467,0.0,36545.0
1719346973.957415,0.0,36545.0
1719346974.2213368,0.0,36545.0
1719346974.487875,0.0,36545.0
1719346974.7542107,0.0,36545.0
1719346975.0198839,0.0,36545.0
1719346975.286555,0.0,36545.0
1719346975.5535367,0.0,36545.0
1719346975.8185437,0.0,36545.0
1719346976.0854495,0.0,36545.0
1719346976.3534176,0.0,36545.0
1719346976.6163511,0.0,36545.0
1719346976.8769398,0.0,36545.0
1719346977.137363,0.0,36545.0
1719346977.3962862,0.0,36545.0
1719346977.6548831,0.0,36545.0
1719346977.9218314,0.0,36545.0
1719346978.18804,0.0,36545.0
1719346978.4501646,0.0,36545.0
1719346978.711571,0.0,36545.0
1719346978.9725761,0.0,36545.0
1719346979.2386498,0.0,36545.0
1719346979.50537,0.0,36545.0
1719346979.768811,0.0,36545.0
1719346980.0320058,0.0,36545.0
1719346980.2956076,0.0,36545.0
1719346980.5572865,0.0,36545.0
1719346980.8237147,0.0,36545.0
1719346981.0864952,0.0,36545.0
1719346981.3687687,0.0,36545.0
1719346981.699616,0.0,36545.0
1719346981.9932342,0.0,36545.0
1719346982.2770412,0.0,36545.0
1719346982.5804834,0.0,36545.0
1719346982.8777905,0.0,36545.0
1719346983.14342,0.0,36545.0
1719346983.4313717,0.0,36545.0
1719346983.689181,0.0,36545.0
1719346983.951998,0.0,36545.0
1719346984.2243638,0.0,36545.0
1719346984.4919415,0.0,36545.0
1719346984.7534528,0.0,36545.0
1719346985.0152307,0.0,36545.0
1719346985.2760837,0.0,36545.0
1719346985.5364025,0.0,36545.0
1719346985.8041415,0.0,36545.0
1719346986.067538,0.0,36545.0
1719346986.33395,0.0,36545.0
1719346986.598873,0.0,36545.0
1719346986.8668709,0.0,36545.0
1719346987.1381724,0.0,36545.0
1719346987.4004445,0.0,36545.0
1719346987.6689694,0.0,36545.0
1719346987.936065,0.0,36545.0
1719346988.2035973,0.0,36545.0
1719346988.4916906,0.0,36545.0
1719346988.7531145,0.0,36545.0
1719346989.0165036,0.0,36545.0
1719346989.2837098,0.0,36545.0
1719346989.5527122,0.0,36545.0
1719346989.820983,0.0,36545.0
1719346990.089842,0.0,36545.0
1719346990.3571136,0.0,36545.0
1719346990.6267648,0.0,36545.0
1719346990.8952374,0.0,36545.0
1719346991.1624675,0.0,36545.0
1719346991.4306736,0.0,36545.0
1719346991.6996183,0.0,36545.0
1719346991.9667432,0.0,36545.0
1719346992.2339816,0.0,36545.0
1719346992.502335,0.0,36545.0
1719346992.770579,0.0,36545.0
1719346993.0378156,0.0,36545.0
1719346993.304123,0.0,36545.0
1719346993.5701332,0.0,36545.0
1719346993.8350003,0.0,36545.0
1719346994.0993133,0.0,36545.0
1719346994.3703518,0.0,36545.0
1719346994.632805,0.0,36545.0
1719346994.9007535,0.0,36545.0
1719346995.16821,0.0,36545.0
1719346995.4316053,0.0,36545.0
1719346995.6880293,0.0,36545.0
1719346995.9554548,0.0,36545.0
1719346996.2232268,0.0,36545.0
1719346996.5003383,0.0,36545.0
1719346996.7695808,0.0,36545.0
1719346997.03712,0.0,36545.0
1719346997.3052485,0.0,36545.0
1719346997.5731866,0.0,36545.0
1719346997.8400805,0.0,36545.0
1719346998.107245,0.0,36545.0
1719346998.3726995,0.0,36545.0
1719346998.6431293,0.0,36545.0
1719346998.9111753,0.0,36545.0
1719346999.1795845,0.0,36545.0
1719346999.4470778,0.0,36545.0
1719346999.7129564,0.0,36545.0
1719346999.9800255,0.0,36545.0
1719347000.2489395,0.0,36545.0
1719347000.5163877,0.0,36545.0
1719347000.7830453,0.0,36545.0
1719347001.049893,0.0,36545.0
1719347001.3175788,0.0,36545.0
1719347001.5850105,0.0,36545.0
1719347001.8526518,0.0,36545.0
1719347002.1203396,0.0,36545.0
1719347002.3875978,0.0,36545.0
1719347002.654491,0.0,36545.0
1719347002.9219,0.0,36545.0
1719347003.1881082,0.0,36545.0
1719347003.4516625,0.0,36545.0
1719347003.720601,0.0,36545.0
1719347003.9879045,0.0,36545.0
1719347004.2536614,0.0,36545.0
1719347004.5197873,0.0,36545.0
1719347004.786104,0.0,36545.0
1719347005.0539362,0.0,36545.0
1719347005.3203475,0.0,36545.0
1719347005.5867198,0.0,36545.0
1719347005.8523366,0.0,36545.0
1719347006.1190503,0.0,36545.0
1719347006.38011,0.0,36545.0
1719347006.6488178,0.0,36545.0
1719347006.9183288,0.0,36545.0
1719347007.186206,0.0,36545.0
1719347007.4525676,0.0,36545.0
1719347007.7133849,0.0,36545.0
1719347007.9819815,0.0,36545.0
1719347008.2512703,0.0,36545.0
1719347008.5167508,0.0,36545.0
1719347008.7830899,0.0,36545.0
1719347009.0511417,0.0,36545.0
1719347009.3214488,0.0,36545.0
1719347009.5894456,0.0,36545.0
1719347009.8547924,0.0,36545.0
1719347010.1237328,0.0,36545.0
1719347010.3908713,0.0,36545.0
1719347010.6588275,0.0,36545.0
1719347010.926175,0.0,36545.0
1719347011.195216,0.0,36545.0
1719347011.4630218,0.0,36545.0
1719347011.7304182,0.0,36545.0
1719347011.9966998,0.0,36545.0
1719347012.2613165,0.0,36545.0
1719347012.5286167,0.0,36545.0
1719347012.7954304,0.0,36545.0
1719347013.0689101,0.0,36545.0
1719347013.3349252,0.0,36545.0
1719347013.6050646,0.0,36545.0
1719347013.8752494,0.0,36545.0
1719347014.136885,0.0,36545.0
1719347014.4045677,0.0,36545.0
1719347014.6709228,0.0,36545.0
1719347014.9604387,0.0,36545.0
1719347015.2973945,0.0,36545.0
1719347015.5687137,0.0,36545.0
1719347015.8737135,0.0,36545.0
1719347016.17305,0.0,36545.0
1719347016.4686644,0.0,36545.0
1719347016.737556,0.0,36545.0
1719347017.0094604,0.0,36545.0
1719347017.2759428,0.0,36545.0
1719347017.5414498,0.0,36545.0
1719347017.8081095,0.0,36545.0
1719347018.0720098,0.0,36545.0
1719347018.345837,0.0,36545.0
1719347018.6124473,0.0,36545.0
1719347018.8787844,0.0,36545.0
1719347019.1452506,0.0,36545.0
1719347019.4135787,0.0,36545.0
1719347019.681577,0.0,36545.0
1719347019.9446635,0.0,36545.0
1719347020.2131243,0.0,36545.0
1719347020.4805825,0.0,36545.0
1719347020.7491996,0.0,36545.0
1719347021.01768,0.0,36545.0
1719347021.2809863,0.0,36545.0
1719347021.5469346,0.0,36545.0
1719347021.8100815,0.0,36545.0
1719347022.0731988,0.0,36545.0
1719347022.3400393,0.0,36545.0
1719347022.6070116,0.0,36545.0
1719347022.8755922,0.0,36545.0
1719347023.1439965,0.0,36545.0
1719347023.413319,0.0,36545.0
1719347023.6788096,0.0,36545.0
1719347023.94106,0.0,36545.0
1719347024.2088141,0.0,36545.0
1719347024.4861321,0.0,36545.0
1719347024.7503026,0.0,36545.0
1719347025.0176594,0.0,36545.0
1719347025.2844977,0.0,36545.0
1719347025.5538225,0.0,36545.0
1719347025.8248255,0.0,36545.0
1719347026.0875742,0.0,36545.0
1719347026.3562047,0.0,36545.0
1719347026.623352,0.0,36545.0
1719347026.8874962,0.0,36545.0
1719347027.1494002,0.0,36545.0
1719347027.416346,0.0,36545.0
1719347027.6815314,0.0,36545.0
1719347027.9487956,0.0,36545.0
1719347028.2132792,0.0,36545.0
1719347028.4807327,0.0,36545.0
1719347028.7502763,0.0,36545.0
1719347029.0195298,0.0,36545.0
1719347029.2893791,0.0,36545.0
1719347029.557291,0.0,36545.0
1719347029.8250227,0.0,36545.0
1719347030.0915694,0.0,36545.0
1719347030.356459,0.0,36545.0
1719347030.621784,0.0,36545.0
1719347030.8878193,0.0,36545.0
1719347031.1565769,0.0,36545.0
1719347031.4259179,0.0,36545.0
1719347031.6930382,0.0,36545.0
1719347031.9620807,0.0,36545.0
1719347032.2302985,0.0,36545.0
1719347032.4975655,0.0,36545.0
1719347032.775274,0.0,36545.0
1719347033.0460544,0.0,36545.0
1719347033.3161378,0.0,36545.0
1719347033.584287,0.0,36545.0
1719347033.8515036,0.0,36545.0
1719347034.1189454,0.0,36545.0
1719347034.3857224,0.0,36545.0
1719347034.6536367,0.0,36545.0
1719347034.9219453,0.0,36545.0
1719347035.197195,0.0,36545.0
1719347035.4674082,0.0,36545.0
1719347035.7337456,0.0,36545.0
1719347036.002791,0.0,36545.0
1719347036.2783146,0.0,36545.0
1719347036.5457199,0.0,36545.0
1719347036.811737,0.0,36545.0
1719347037.0784636,0.0,36545.0
1719347037.3452783,0.0,36545.0
1719347037.6121387,0.0,36545.0
1719347037.8779793,0.0,36545.0
1719347038.1440396,0.0,36545.0
1719347038.408678,0.0,36545.0
1719347038.6737647,0.0,36545.0
1719347038.9403243,0.0,36545.0
1719347039.2099578,0.0,36545.0
1719347039.4763775,0.0,36545.0
1719347039.74214,0.0,36545.0
1719347040.0088232,0.0,36545.0
1719347040.2767098,0.0,36545.0
1719347040.5494978,0.0,36545.0
1719347040.8185802,0.0,36545.0
1719347041.0857434,0.0,36545.0
1719347041.3473501,0.0,36545.0
1719347041.6149232,0.0,36545.0
1719347041.882151,0.0,36545.0
1719347042.149436,0.0,36545.0
1719347042.4167614,0.0,36545.0
1719347042.685507,0.0,36545.0
1719347042.9532607,0.0,36545.0
1719347043.2227232,0.0,36545.0
1719347043.4904337,0.0,36545.0
1719347043.7561,0.0,36545.0
1719347044.017473,0.0,36545.0
1719347044.2882588,0.0,36545.0
1719347044.5556204,0.0,36545.0
1719347044.8251104,0.0,36545.0
1719347045.090112,0.0,36545.0
1719347045.3591404,0.0,36545.0
1719347045.62994,0.0,36545.0
1719347045.8976467,0.0,36545.0
1719347046.1628609,0.0,36545.0
1719347046.4290576,0.0,36545.0
1719347046.6931276,0.0,36545.0
1719347046.9599547,0.0,36545.0
1719347047.2298782,0.0,36545.0
1719347047.497779,0.0,36545.0
1719347047.764336,0.0,36545.0
1719347048.0298996,0.0,36545.0
1719347048.2943203,0.0,36545.0
1719347048.5614219,0.0,36545.0
1719347048.826453,0.0,36545.0
1719347049.0937674,0.0,36545.0
1719347049.3630059,0.0,36545.0
1719347049.648542,0.0,36545.0
1719347049.941401,0.0,36545.0
1719347050.2454047,0.0,36545.0
1719347050.5520504,0.0,36545.0
1719347050.855431,0.0,36545.0
1719347051.1227138,0.0,36545.0
1719347051.3902478,0.0,36545.0
1719347051.6578891,0.0,36545.0
1719347051.9257576,0.0,36545.0
1719347052.1945078,0.0,36545.0
1719347052.4619722,0.0,36545.0
1719347052.7276225,0.0,36545.0
1719347052.9940126,0.0,36545.0
1719347053.2612853,0.0,36545.0
1719347053.53065,0.0,36545.0
1719347053.7934785,0.0,36545.0
1719347054.062009,0.0,36545.0
1719347054.330754,0.0,36545.0
1719347054.5977206,0.0,36545.0
1719347054.8612585,0.0,36545.0
1719347055.1240716,0.0,36545.0
1719347055.3861806,0.0,36545.0
1719347055.6540115,0.0,36545.0
1719347055.9207377,0.0,36545.0
1719347056.1869535,0.0,36545.0
1719347056.448406,0.0,36545.0
1719347056.7158442,0.0,36545.0
1719347056.9817207,0.0,36545.0
1719347057.2479825,0.0,36545.0
1719347057.5148108,0.0,36545.0
1719347057.7824893,0.0,36545.0
1719347058.050366,0.0,36545.0
1719347058.3164592,0.0,36545.0
1719347058.5832746,0.0,36545.0
1719347058.8495955,0.0,36545.0
1719347059.1153471,0.0,36545.0
1719347059.382376,0.0,36545.0
1719347059.6470761,0.0,36545.0
1719347059.9153283,0.0,36545.0
1719347060.1781268,0.0,36545.0
1719347060.4477332,0.0,36545.0
1719347060.7144768,0.0,36545.0
1719347060.9812467,0.0,36545.0
1719347061.2484639,0.0,36545.0
1719347061.5177252,0.0,36545.0
1719347061.7866132,0.0,36545.0
1719347062.0540373,0.0,36545.0
1719347062.32105,0.0,36545.0
1719347062.5857103,0.0,36545.0
1719347062.853028,0.0,36545.0
1719347063.1209593,0.0,36545.0
1719347063.3890996,0.0,36545.0
1719347063.658468,0.0,36545.0
1719347063.9229739,0.0,36545.0
1719347064.1902354,0.0,36545.0
1719347064.4640968,0.0,36545.0
1719347064.732297,0.0,36545.0
1719347064.9996672,0.0,36545.0
1719347065.2656412,0.0,36545.0
1719347065.5350392,0.0,36545.0
1719347065.8024313,0.0,36545.0
1719347066.0713055,0.0,36545.0
1719347066.337329,0.0,36545.0
1719347066.6066332,0.0,36545.0
1719347066.873002,0.0,36545.0
1719347067.1402166,0.0,36545.0
1719347067.4057508,0.0,36545.0
1719347067.6815503,0.0,36545.0
1719347067.9493222,0.0,36545.0
1719347068.2168896,0.0,36545.0
1719347068.4859679,0.0,36545.0
1719347068.7479637,0.0,36545.0
1719347069.0146081,0.0,36545.0
1719347069.2817733,0.0,36545.0
1719347069.5500207,0.0,36545.0
1719347069.817861,0.0,36545.0
1719347070.0863163,0.0,36545.0
1719347070.352613,0.0,36545.0
1719347070.6187117,0.0,36545.0
1719347070.8812594,0.0,36545.0
1719347071.1477978,0.0,36545.0
1719347071.4156997,0.0,36545.0
1719347071.6785948,0.0,36545.0
1719347071.945947,0.0,36545.0
1719347072.2137282,0.0,36545.0
1719347072.48202,0.0,36545.0
1719347072.74775,0.0,36545.0
1719347073.0153263,0.0,36545.0
1719347073.2815902,0.0,36545.0
1719347073.5562627,0.0,36545.0
1719347073.8259854,0.0,36545.0
1719347074.0932634,0.0,36545.0
1719347074.3619602,0.0,36545.0
1719347074.6311557,0.0,36545.0
1719347074.8973415,0.0,36545.0
1719347075.1638825,0.0,36545.0
1719347075.433385,0.0,36545.0
1719347075.7009742,0.0,36545.0
1719347075.9663997,0.0,36545.0
1719347076.231124,0.0,36545.0
1719347076.4978788,0.0,36545.0
1719347076.7662952,0.0,36545.0
1719347077.0267594,0.0,36545.0
1719347077.2922714,0.0,36545.0
1719347077.5595324,0.0,36545.0
1719347077.8255715,0.0,36545.0
1719347078.0911646,0.0,36545.0
1719347078.3588586,0.0,36545.0
1719347078.6266155,0.0,36545.0
1719347078.893707,0.0,36545.0
1719347079.161021,0.0,36545.0
1719347079.4429157,0.0,36545.0
1719347079.7088184,0.0,36545.0
1719347079.9761803,0.0,36545.0
1719347080.2419763,0.0,36545.0
1719347080.508586,0.0,36545.0
1719347080.773674,0.0,36545.0
1719347081.038913,0.0,36545.0
1719347081.3064036,0.0,36545.0
1719347081.5749276,0.0,36545.0
1719347081.842595,0.0,36545.0
1719347082.107519,0.0,36545.0
1719347082.374869,0.0,36545.0
1719347082.6400146,0.0,36545.0
1719347082.9061298,0.0,36545.0
1719347083.1731825,0.0,36545.0
1719347083.435981,0.0,36545.0
1719347083.7027593,0.0,36545.0
1719347083.9687443,0.0,36545.0
1719347084.3061063,0.0,36545.0
1719347084.572967,0.0,36545.0
1719347084.84099,0.0,36545.0
1719347085.1197937,0.0,36545.0
1719347085.4226825,0.0,36545.0
1719347085.6914198,0.0,36545.0
1719347085.966109,0.0,36545.0
1719347086.229818,0.0,36545.0
1719347086.495927,0.0,36545.0
1719347086.7565968,0.0,36545.0
1719347087.0220578,0.0,36545.0
1719347087.2907393,0.0,36545.0
1719347087.5575764,0.0,36545.0
1719347087.826615,0.0,36545.0
1719347088.0937572,0.0,36545.0
1719347088.3620818,0.0,36545.0
1719347088.630122,0.0,36545.0
1719347088.8979766,0.0,36545.0
1719347089.1635878,0.0,36545.0
1719347089.4292347,0.0,36545.0
1719347089.6966112,0.0,36545.0
1719347089.9616406,0.0,36545.0
1719347090.2287593,0.0,36545.0
1719347090.4952292,0.0,36545.0
1719347090.7619562,0.0,36545.0
1719347091.0283675,0.0,36545.0
1719347091.2974925,0.0,36545.0
1719347091.568205,0.0,36545.0
1719347091.8393157,0.0,36545.0
1719347092.1106906,0.0,36545.0
1719347092.3793344,0.0,36545.0
1719347092.6478062,0.0,36545.0
1719347092.9112225,0.0,36545.0
1719347093.1789806,0.0,36545.0
1719347093.446254,0.0,36545.0
1719347093.714507,0.0,36545.0
1719347093.9824069,0.0,36545.0
1719347094.2495873,0.0,36545.0
1719347094.5174472,0.0,36545.0
1719347094.796339,0.0,36545.0
1719347095.0633256,0.0,36545.0
1719347095.330368,0.0,36545.0
1719347095.6004868,0.0,36545.0
1719347095.86804,0.0,36545.0
1719347096.1340978,0.0,36545.0
1719347096.4018805,0.0,36545.0
1719347096.6688373,0.0,36545.0
1719347096.9363277,0.0,36545.0
1719347097.2028031,0.0,36545.0
1719347097.4705784,0.0,36545.0
1719347097.7374184,0.0,36545.0
1719347098.0035834,0.0,36545.0
1719347098.2708695,0.0,36545.0
1719347098.5352283,0.0,36545.0
1719347098.8077135,0.0,36545.0
1719347099.0775037,0.0,36545.0
1719347099.3456173,0.0,36545.0
1719347099.6130462,0.0,36545.0
1719347099.879122,0.0,36545.0
1719347100.1456075,0.0,36545.0
1719347100.4123685,0.0,36545.0
1719347100.6800795,0.0,36545.0
1719347100.948485,0.0,36545.0
1719347101.2130427,0.0,36545.0
1719347101.4781978,0.0,36545.0
1719347101.7427456,0.0,36545.0
1719347102.009843,0.0,36545.0
1719347102.2755246,0.0,36545.0
1719347102.5413187,0.0,36545.0
1719347102.8146133,0.0,36545.0
1719347103.0833607,0.0,36545.0
1719347103.3496635,0.0,36545.0
1719347103.6153839,0.0,36545.0
1719347103.8833346,0.0,36545.0
1719347104.1510363,0.0,36545.0
1719347104.4183583,0.0,36545.0
1719347104.6849828,0.0,36545.0
1719347104.9499362,0.0,36545.0
1719347105.215246,0.0,36545.0
1719347105.4818513,0.0,36545.0
1719347105.7484663,0.0,36545.0
1719347106.0178113,0.0,36545.0
1719347106.2812889,0.0,36545.0
1719347106.5446746,0.0,36545.0
1719347106.8110175,0.0,36545.0
1719347107.0793953,0.0,36545.0
1719347107.3480663,0.0,36545.0
1719347107.615604,0.0,36545.0
1719347107.8857372,0.0,36545.0
1719347108.1532476,0.0,36545.0
1719347108.4208033,0.0,36545.0
1719347108.6886275,0.0,36545.0
1719347108.9668853,0.0,36545.0
1719347109.2337005,0.0,36545.0
1719347109.503082,0.0,36545.0
1719347109.7708402,0.0,36545.0
1719347110.0401418,0.0,36545.0
1719347110.3076081,0.0,36545.0
1719347110.576814,0.0,36545.0
1719347110.8451023,0.0,36545.0
1719347111.116807,0.0,36545.0
1719347111.3836813,0.0,36545.0
1719347111.649806,0.0,36545.0
1719347111.918537,0.0,36545.0
1719347112.1869588,0.0,36545.0
1719347112.455404,0.0,36545.0
1719347112.7243114,0.0,36545.0
1719347112.9926813,0.0,36545.0
1719347113.2554367,0.0,36545.0
1719347113.5236962,0.0,36545.0
1719347113.7848105,0.0,36545.0
1719347114.0513272,0.0,36545.0
1719347114.3160858,0.0,36545.0
1719347114.583258,0.0,36545.0
1719347114.8521025,0.0,36545.0
1719347115.1216059,0.0,36545.0
1719347115.388343,0.0,36545.0
1719347115.655818,0.0,36545.0
1719347115.9188142,0.0,36545.0
1719347116.1912265,0.0,36545.0
1719347116.4588947,0.0,36545.0
1719347116.7258847,0.0,36545.0
1719347116.9910722,0.0,36545.0
1719347117.249463,0.0,36545.0
1719347117.5148487,0.0,36545.0
1719347117.7813184,0.0,36545.0
1719347118.0672936,0.0,36545.0
1719347118.3455088,0.0,36545.0
1719347118.6603909,0.0,36545.0
1719347118.9598582,0.0,36545.0
1719347119.2573621,0.0,36545.0
1719347119.5266318,0.0,36545.0
1719347119.7938685,0.0,36545.0
1719347120.0620704,0.0,36545.0
1719347120.3266602,0.0,36545.0
1719347120.5948436,0.0,36545.0
1719347120.8623836,0.0,36545.0
1719347121.1292057,0.0,36545.0
1719347121.3968868,0.0,36545.0
1719347121.6644654,0.0,36545.0
1719347121.9307036,0.0,36545.0
1719347122.19791,0.0,36545.0
1719347122.4644277,0.0,36545.0
1719347122.7303493,0.0,36545.0
1719347122.9951627,0.0,36545.0
1719347123.2605968,0.0,36545.0
1719347123.5286858,0.0,36545.0
1719347123.7932487,0.0,36545.0
1719347124.0603735,0.0,36545.0
1719347124.3292568,0.0,36545.0
1719347124.5940354,0.0,36545.0
1719347124.8601506,0.0,36545.0
1719347125.1275547,0.0,36545.0
1719347125.3938434,0.0,36545.0
1719347125.6614733,0.0,36545.0
1719347125.9300246,0.0,36545.0
1719347126.1965325,0.0,36545.0
1719347126.463292,0.0,36545.0
1719347126.7311797,0.0,36545.0
1719347127.0018191,0.0,36545.0
1719347127.2733898,0.0,36545.0
1719347127.5412505,0.0,36545.0
1719347127.810296,0.0,36545.0
1719347128.078234,0.0,36545.0
1719347128.3477087,0.0,36545.0
1719347128.6164577,0.0,36545.0
1719347128.8827035,0.0,36545.0
1719347129.149592,0.0,36545.0
1719347129.4184918,0.0,36545.0
1719347129.6944299,0.0,36545.0
1719347129.9629471,0.0,36545.0
1719347130.231084,0.0,36545.0
1719347130.4992347,0.0,36545.0
1719347130.7686143,0.0,36545.0
1719347131.0368252,0.0,36545.0
1719347131.302726,0.0,36545.0
1719347131.5665112,0.0,36545.0
1719347131.833726,0.0,36545.0
1719347132.1008148,0.0,36545.0
1719347132.3682988,0.0,36545.0
1719347132.6472368,0.0,36545.0
1719347132.9150147,0.0,36545.0
1719347133.187875,0.0,36545.0
1719347133.4566138,0.0,36545.0
1719347133.7183852,0.0,36545.0
1719347133.9843302,0.0,36545.0
1719347134.2495415,0.0,36545.0
1719347134.5147839,0.0,36545.0
1719347134.782891,0.0,36545.0
1719347135.0523136,0.0,36545.0
1719347135.3147001,0.0,36545.0
1719347135.580516,0.0,36545.0
1719347135.848172,0.0,36545.0
1719347136.1154687,0.0,36545.0
1719347136.3861961,0.0,36545.0
1719347136.652745,0.0,36545.0
1719347136.9202175,0.0,36545.0
1719347137.1869435,0.0,36545.0
1719347137.4543457,0.0,36545.0
1719347137.7212358,0.0,36545.0
1719347137.9916604,0.0,36545.0
1719347138.2610419,0.0,36545.0
1719347138.5293014,0.0,36545.0
1719347138.7976081,0.0,36545.0
1719347139.0651846,0.0,36545.0
1719347139.332959,0.0,36545.0
1719347139.60144,0.0,36545.0
1719347139.8679044,0.0,36545.0
1719347140.134242,0.0,36545.0
1719347140.404832,0.0,36545.0
1719347140.6728206,0.0,36545.0
1719347140.941432,0.0,36545.0
1719347141.2107375,0.0,36545.0
1719347141.4781928,0.0,36545.0
1719347141.7467127,0.0,36545.0
1719347142.0159888,0.0,36545.0
1719347142.2799168,0.0,36545.0
1719347142.5439327,0.0,36545.0
1719347142.8179924,0.0,36545.0
1719347143.0851867,0.0,36545.0
1719347143.3513172,0.0,36545.0
1719347143.6181605,0.0,36545.0
1719347143.8854764,0.0,36545.0
1719347144.151917,0.0,36545.0
1719347144.4188588,0.0,36545.0
1719347144.689385,0.0,36545.0
1719347144.9564617,0.0,36545.0
1719347145.2201405,0.0,36545.0
1719347145.487085,0.0,36545.0
1719347145.7516394,0.0,36545.0
1719347146.019119,0.0,36545.0
1719347146.287456,0.0,36545.0
1719347146.5566218,0.0,36545.0
1719347146.8247063,0.0,36545.0
1719347147.0889308,0.0,36545.0
1719347147.3537614,0.0,36545.0
1719347147.6098413,0.0,36545.0
1719347147.875176,0.0,36545.0
1719347148.1417003,0.0,36545.0
1719347148.4139407,0.0,36545.0
1719347148.6790633,0.0,36545.0
1719347148.9483275,0.0,36545.0
1719347149.2149384,0.0,36545.0
1719347149.482724,0.0,36545.0
1719347149.7489154,0.0,36545.0
1719347150.0168688,0.0,36545.0
1719347150.2861838,0.0,36545.0
1719347150.5551732,0.0,36545.0
1719347150.8219178,0.0,36545.0
1719347151.090921,0.0,36545.0
1719347151.3558178,0.0,36545.0
1719347151.626671,0.0,36545.0
1719347151.8951976,0.0,36545.0
1719347152.1646922,0.0,36545.0
1719347152.4271724,0.0,36545.0
1719347152.713381,0.0,36545.0
1719347153.016488,0.0,36545.0
1719347153.3149648,0.0,36545.0
1719347153.6190033,0.0,36545.0
1719347153.9262614,0.0,36545.0
1719347154.22242,0.0,36545.0
1719347154.489246,0.0,36545.0
1719347154.7597578,0.0,36545.0
1719347155.027214,0.0,36545.0
1719347155.2973676,0.0,36545.0
1719347155.564416,0.0,36545.0
1719347155.8296595,0.0,36545.0
1719347156.0984335,0.0,36545.0
1719347156.3644044,0.0,36545.0
1719347156.62721,0.0,36545.0
1719347156.89536,0.0,36545.0
1719347157.1632648,0.0,36545.0
1719347157.427857,0.0,36545.0
1719347157.6946945,0.0,36545.0
1719347157.9637618,0.0,36545.0
1719347158.2315657,0.0,36545.0
1719347158.4957755,0.0,36545.0
1719347158.7641563,0.0,36545.0
1719347159.0313773,0.0,36545.0
1719347159.2987719,0.0,36545.0
1719347159.5720606,0.0,36545.0
1719347159.8388255,0.0,36545.0
1719347160.1053643,0.0,36545.0
1719347160.3746688,0.0,36545.0
1719347160.6433635,0.0,36545.0
1719347160.9100618,0.0,36545.0
1719347161.1784327,0.0,36545.0
1719347161.445258,0.0,36545.0
1719347161.7126162,0.0,36545.0
1719347161.983301,0.0,36545.0
1719347162.24808,0.0,36545.0
1719347162.513208,0.0,36545.0
1719347162.7805526,0.0,36545.0
1719347163.046946,0.0,36545.0
1719347163.3165028,0.0,36545.0
1719347163.5808158,0.0,36545.0
1719347163.8476446,0.0,36545.0
1719347164.1135578,0.0,36545.0
1719347164.380076,0.0,36545.0
1719347164.6469367,0.0,36545.0
1719347164.916335,0.0,36545.0
1719347165.1849945,0.0,36545.0
1719347165.4547417,0.0,36545.0
1719347165.7217374,0.0,36545.0
1719347165.9896955,0.0,36545.0
1719347166.255159,0.0,36545.0
1719347166.5223775,0.0,36545.0
1719347166.79062,0.0,36545.0
1719347167.0598218,0.0,36545.0
1719347167.3284323,0.0,36545.0
1719347167.601771,0.0,36545.0
1719347167.8674273,0.0,36545.0
1719347168.1389458,0.0,36545.0
1719347168.4045513,0.0,36545.0
1719347168.67871,0.0,36545.0
1719347168.9481475,0.0,36545.0
1719347169.2216642,0.0,36545.0
1719347169.4896085,0.0,36545.0
1719347169.7605965,0.0,36545.0
1719347170.0319614,0.0,36545.0
1719347170.4114997,0.0,36545.0
1719347170.6891267,0.0,36545.0
1719347170.9589367,0.0,36545.0
1719347171.2311192,0.0,36545.0
1719347171.5007265,0.0,36545.0
1719347171.7676122,0.0,36545.0
1719347172.034583,0.0,36545.0
1719347172.3023775,0.0,36545.0
1719347172.5688808,0.0,36545.0
1719347172.8364193,0.0,36545.0
1719347173.1024458,0.0,36545.0
1719347173.3668022,0.0,36545.0
1719347173.6326137,0.0,36545.0
1719347173.8988109,0.0,36545.0
1719347174.169635,0.0,36545.0
1719347174.4391623,0.0,36545.0
1719347174.7091818,0.0,36545.0
1719347174.9788692,0.0,36545.0
1719347175.245861,0.0,36545.0
1719347175.5131235,0.0,36545.0
1719347175.78408,0.0,36545.0
1719347176.0516012,0.0,36545.0
1719347176.3197176,0.0,36545.0
1719347176.5834486,0.0,36545.0
1719347176.8484535,0.0,36545.0
1719347177.1138709,0.0,36545.0
1719347177.381873,0.0,36545.0
1719347177.6465077,0.0,36545.0
1719347177.9120536,0.0,36545.0
1719347178.1773772,0.0,36545.0
1719347178.4470882,0.0,36545.0
1719347178.7159026,0.0,36545.0
1719347178.9827425,0.0,36545.0
1719347179.2499695,0.0,36545.0
1719347179.529057,0.0,36545.0
1719347179.7986996,0.0,36545.0
1719347180.0664923,0.0,36545.0
1719347180.333623,0.0,36545.0
1719347180.6016119,0.0,36545.0
1719347180.870765,0.0,36545.0
1719347181.138629,0.0,36545.0
1719347181.4074202,0.0,36545.0
1719347181.6759257,0.0,36545.0
1719347181.9459627,0.0,36545.0
1719347182.2151518,0.0,36545.0
1719347182.4827547,0.0,36545.0
1719347182.7510066,0.0,36545.0
1719347183.018605,0.0,36545.0
1719347183.2851255,0.0,36545.0
1719347183.5533588,0.0,36545.0
1719347183.8255258,0.0,36545.0
1719347184.0945077,0.0,36545.0
1719347184.3629436,0.0,36545.0
1719347184.63106,0.0,36545.0
1719347184.9003212,0.0,36545.0
1719347185.1651428,0.0,36545.0
1719347185.4315503,0.0,36545.0
1719347185.6973355,0.0,36545.0
1719347185.9657726,0.0,36545.0
1719347186.2338505,0.0,36545.0
1719347186.5007963,0.0,36545.0
1719347186.7660732,0.0,36545.0
1719347187.0322602,0.0,36545.0
1719347187.2970352,0.0,36545.0
1719347187.564798,0.0,36545.0
1719347187.8476882,0.0,36545.0
1719347188.1166942,0.0,36545.0
1719347188.4600928,0.0,36545.0
1719347188.7277124,0.0,36545.0
1719347189.0314906,0.0,36545.0
1719347189.302942,0.0,36545.0
1719347189.57243,0.0,36545.0
1719347189.8675487,0.0,36545.0
1719347190.1386907,0.0,36545.0
1719347190.4076314,0.0,36545.0
1719347190.6785727,0.0,36545.0
1719347190.9474134,0.0,36545.0
1719347191.2156074,0.0,36545.0
1719347191.4826882,0.0,36545.0
1719347191.748678,0.0,36545.0
1719347192.0173204,0.0,36545.0
1719347192.2851002,0.0,36545.0
1719347192.5545316,0.0,36545.0
1719347192.8219118,0.0,36545.0
1719347193.0963268,0.0,36545.0
1719347193.3676708,0.0,36545.0
1719347193.6389117,0.0,36545.0
1719347193.9075248,0.0,36545.0
1719347194.1768172,0.0,36545.0
1719347194.4472919,0.0,36545.0
1719347194.7136102,0.0,36545.0
1719347194.981787,0.0,36545.0
1719347195.249911,0.0,36545.0
1719347195.518072,0.0,36545.0
1719347195.7844627,0.0,36545.0
1719347196.05169,0.0,36545.0
1719347196.316063,0.0,36545.0
1719347196.58403,0.0,36545.0
1719347196.8536675,0.0,36545.0
1719347197.1238363,0.0,36545.0
1719347197.3929756,0.0,36545.0
1719347197.6621697,0.0,36545.0
1719347197.927061,0.0,36545.0
1719347198.1951745,0.0,36545.0
1719347198.4621909,0.0,36545.0
1719347198.72622,0.0,36545.0
1719347198.994565,0.0,36545.0
1719347199.2605894,0.0,36545.0
1719347199.5297508,0.0,36545.0
1719347199.7964373,0.0,36545.0
1719347200.0575628,0.0,36545.0
1719347200.3264596,0.0,36545.0
1719347200.5934672,0.0,36545.0
1719347200.860594,0.0,36545.0
1719347201.1271243,0.0,36545.0
1719347201.3943493,0.0,36545.0
1719347201.6615086,0.0,36545.0
1719347201.9299495,0.0,36545.0
1719347202.1974988,0.0,36545.0
1719347202.4746716,0.0,36545.0
1719347202.7407377,0.0,36545.0
1719347203.0088875,0.0,36545.0
1719347203.2797198,0.0,36545.0
1719347203.5475135,0.0,36545.0
1719347203.8156562,0.0,36545.0
1719347204.0845637,0.0,36545.0
1719347204.3513854,0.0,36545.0
1719347204.619234,0.0,36545.0
1719347204.893378,0.0,36545.0
1719347205.161021,0.0,36545.0
1719347205.43057,0.0,36545.0
1719347205.698149,0.0,36545.0
1719347205.9671106,0.0,36545.0
1719347206.2334821,0.0,36545.0
1719347206.4975517,0.0,36545.0
1719347206.766218,0.0,36545.0
1719347207.0348303,0.0,36545.0
1719347207.3070087,0.0,36545.0
1719347207.5777888,0.0,36545.0
1719347207.8458254,0.0,36545.0
1719347208.1095798,0.0,36545.0
1719347208.3671627,0.0,36545.0
1719347208.6333995,0.0,36545.0
1719347208.9027739,0.0,36545.0
1719347209.1691165,0.0,36545.0
1719347209.4395628,0.0,36545.0
1719347209.7082238,0.0,36545.0
1719347209.9756992,0.0,36545.0
1719347210.2417512,0.0,36545.0
1719347210.5074759,0.0,36545.0
1719347210.7757475,0.0,36545.0
1719347211.0386899,0.0,36545.0
1719347211.3033385,0.0,36545.0
1719347211.5772533,0.0,36545.0
1719347211.8464859,0.0,36545.0
1719347212.1166682,0.0,36545.0
1719347212.3855455,0.0,36545.0
1719347212.6523535,0.0,36545.0
1719347212.914724,0.0,36545.0
1719347213.1809497,0.0,36545.0
1719347213.4535217,0.0,36545.0
1719347213.7234864,0.0,36545.0
1719347213.9931269,0.0,36545.0
1719347214.2622774,0.0,36545.0
1719347214.529598,0.0,36545.0
1719347214.794977,0.0,36545.0
1719347215.0620053,0.0,36545.0
1719347215.3306842,0.0,36545.0
1719347215.5977354,0.0,36545.0
1719347215.866164,0.0,36545.0
1719347216.1345434,0.0,36545.0
1719347216.3991356,0.0,36545.0
1719347216.66689,0.0,36545.0
1719347216.931623,0.0,36545.0
1719347217.1962686,0.0,36545.0
1719347217.4638307,0.0,36545.0
1719347217.7323306,0.0,36545.0
1719347218.000017,0.0,36545.0
1719347218.2644095,0.0,36545.0
1719347218.5334554,0.0,36545.0
1719347218.8106763,0.0,36545.0
1719347219.0799437,0.0,36545.0
1719347219.349689,0.0,36545.0
1719347219.6182404,0.0,36545.0
1719347219.8855002,0.0,36545.0
1719347220.1536183,0.0,36545.0
1719347220.4222772,0.0,36545.0
1719347220.691709,0.0,36545.0
1719347220.957556,0.0,36545.0
1719347221.2255754,0.0,36545.0
1719347221.4963377,0.0,36545.0
1719347221.7666264,0.0,36545.0
1719347222.0336547,0.0,36545.0
1719347222.302519,0.0,36545.0
1719347222.572195,0.0,36545.0
1719347222.8585477,0.0,36545.0
1719347223.1616256,0.0,36545.0
1719347223.4628215,0.0,36545.0
1719347223.7698002,0.0,36545.0
1719347224.0727768,0.0,36545.0
1719347224.362868,0.0,36545.0
1719347224.629483,0.0,36545.0
1719347224.8940172,0.0,36545.0
1719347225.1610608,0.0,36545.0
1719347225.429351,0.0,36545.0
1719347225.7050176,0.0,36545.0
1719347225.9683726,0.0,36545.0
1719347226.235705,0.0,36545.0
1719347226.504323,0.0,36545.0
1719347226.7718656,0.0,36545.0
1719347227.0396883,0.0,36545.0
1719347227.306184,0.0,36545.0
1719347227.5745194,0.0,36545.0
1719347227.8410456,0.0,36545.0
1719347228.1091685,0.0,36545.0
1719347228.3776867,0.0,36545.0
1719347228.6467266,0.0,36545.0
1719347228.9143672,0.0,36545.0
1719347229.183004,0.0,36545.0
1719347229.4602742,0.0,36545.0
1719347229.7208128,0.0,36545.0
1719347229.9872248,0.0,36545.0
1719347230.252159,0.0,36545.0
1719347230.5246184,0.0,36545.0
1719347230.7955067,0.0,36545.0
1719347231.0656738,0.0,36545.0
1719347231.3348947,0.0,36545.0
1719347231.601683,0.0,36545.0
1719347231.8687217,0.0,36545.0
1719347232.1324875,0.0,36545.0
1719347232.3988774,0.0,36545.0
1719347232.667873,0.0,36545.0
1719347232.9386177,0.0,36545.0
1719347233.2073507,0.0,36545.0
1719347233.473198,0.0,36545.0
1719347233.7406871,0.0,36545.0
1719347234.0036922,0.0,36545.0
1719347234.2715335,0.0,36545.0
1719347234.5380144,0.0,36545.0
1719347234.8007598,0.0,36545.0
1719347235.0653396,0.0,36545.0
1719347235.3291752,0.0,36545.0
1719347235.5945332,0.0,36545.0
1719347235.8628733,0.0,36545.0
1719347236.1223772,0.0,36545.0
1719347236.3886318,0.0,36545.0
1719347236.6587875,0.0,36545.0
1719347236.9290035,0.0,36545.0
1719347237.198816,0.0,36545.0
1719347237.4680302,0.0,36545.0
1719347237.7367787,0.0,36545.0
1719347238.0059507,0.0,36545.0
1719347238.2692392,0.0,36545.0
1719347238.5375586,0.0,36545.0
1719347238.7938604,0.0,36545.0
1719347239.0580997,0.0,36545.0
1719347239.327224,0.0,36545.0
1719347239.5962179,0.0,36545.0
1719347239.8654618,0.0,36545.0
1719347240.1335325,0.0,36545.0
1719347240.3980844,0.0,36545.0
1719347240.6642494,0.0,36545.0
1719347240.932507,0.0,36545.0
1719347241.1988413,0.0,36545.0
1719347241.4656804,0.0,36545.0
1719347241.7327292,0.0,36545.0
1719347242.0015109,0.0,36545.0
1719347242.2723043,0.0,36545.0
1719347242.5420756,0.0,36545.0
1719347242.8115177,0.0,36545.0
1719347243.0772414,0.0,36545.0
1719347243.3408146,0.0,36545.0
1719347243.610312,0.0,36545.0
1719347243.8781862,0.0,36545.0
1719347244.1465242,0.0,36545.0
1719347244.4155192,0.0,36545.0
1719347244.6809485,0.0,36545.0
1719347244.9498081,0.0,36545.0
1719347245.2194843,0.0,36545.0
1719347245.4907112,0.0,36545.0
1719347245.7578475,0.0,36545.0
1719347246.0259001,0.0,36545.0
1719347246.2950687,0.0,36545.0
1719347246.5589218,0.0,36545.0
1719347246.827012,0.0,36545.0
1719347247.095794,0.0,36545.0
1719347247.364116,0.0,36545.0
1719347247.633775,0.0,36545.0
1719347247.9028833,0.0,36545.0
1719347248.171088,0.0,36545.0
1719347248.4402463,0.0,36545.0
1719347248.7101471,0.0,36545.0
1719347248.9787817,0.0,36545.0
1719347249.249342,0.0,36545.0
1719347249.515284,0.0,36545.0
1719347249.782989,0.0,36545.0
1719347250.0490165,0.0,36545.0
1719347250.3181002,0.0,36545.0
1719347250.5871317,0.0,36545.0
1719347250.8499126,0.0,36545.0
1719347251.1148932,0.0,36545.0
1719347251.3808534,0.0,36545.0
1719347251.6488118,0.0,36545.0
1719347251.9161346,0.0,36545.0
1719347252.180281,0.0,36545.0
1719347252.4497738,0.0,36545.0
1719347252.7190905,0.0,36545.0
1719347252.98669,0.0,36545.0
1719347253.2545326,0.0,36545.0
1719347253.5242653,0.0,36545.0
1719347253.801435,0.0,36545.0
1719347254.0696557,0.0,36545.0
1719347254.340558,0.0,36545.0
1719347254.6100745,0.0,36545.0
1719347254.8789184,0.0,36545.0
1719347255.1431618,0.0,36545.0
1719347255.4109967,0.0,36545.0
1719347255.67955,0.0,36545.0
1719347255.9507053,0.0,36545.0
1719347256.2283273,0.0,36545.0
1719347256.4963586,0.0,36545.0
1719347256.776782,0.0,36545.0
1719347257.1314733,0.0,36545.0
1719347257.3982458,0.0,36545.0
1719347257.7023141,0.0,36545.0
1719347257.9740736,0.0,36545.0
1719347258.2585654,0.0,36545.0
1719347258.5488055,0.0,36545.0
1719347258.818016,0.0,36545.0
1719347259.084058,0.0,36545.0
1719347259.3542938,0.0,36545.0
1719347259.624252,0.0,36545.0
1719347259.8946166,0.0,36545.0
1719347260.1610968,0.0,36545.0
1719347260.428071,0.0,36545.0
1719347260.6951375,0.0,36545.0
1719347260.961563,0.0,36545.0
1719347261.228512,0.0,36545.0
1719347261.4962964,0.0,36545.0
1719347261.7671094,0.0,36545.0
1719347262.0349352,0.0,36545.0
1719347262.2990599,0.0,36545.0
1719347262.5667439,0.0,36545.0
1719347262.8345983,0.0,36545.0
1719347263.1032875,0.0,36545.0
1719347263.3737202,0.0,36545.0
1719347263.6412246,0.0,36545.0
1719347263.908726,0.0,36545.0
1719347264.176128,0.0,36545.0
1719347264.4502926,0.0,36545.0
1719347264.7197542,0.0,36545.0
1719347264.9873145,0.0,36545.0
1719347265.2525902,0.0,36545.0
1719347265.5219605,0.0,36545.0
1719347265.7926605,0.0,36545.0
1719347266.0584888,0.0,36545.0
1719347266.3262663,0.0,36545.0
1719347266.5919213,0.0,36545.0
1719347266.8587885,0.0,36545.0
1719347267.1239836,0.0,36545.0
1719347267.3876827,0.0,36545.0
1719347267.6550412,0.0,36545.0
1719347267.9230428,0.0,36545.0
1719347268.189219,0.0,36545.0
1719347268.4580069,0.0,36545.0
1719347268.7238648,0.0,36545.0
1719347268.9881048,0.0,36545.0
1719347269.24525,0.0,36545.0
1719347269.5135674,0.0,36545.0
1719347269.781247,0.0,36545.0
1719347270.0490549,0.0,36545.0
1719347270.317935,0.0,36545.0
1719347270.587513,0.0,36545.0
1719347270.8552513,0.0,36545.0
1719347271.1188524,0.0,36545.0
1719347271.384823,0.0,36545.0
1719347271.6460564,0.0,36545.0
1719347271.9106994,0.0,36545.0
1719347272.1740718,0.0,36545.0
1719347272.438856,0.0,36545.0
1719347272.7058368,0.0,36545.0
1719347272.9724522,0.0,36545.0
1719347273.2361085,0.0,36545.0
1719347273.5045397,0.0,36545.0
1719347273.771092,0.0,36545.0
1719347274.0414164,0.0,36545.0
1719347274.3085942,0.0,36545.0
1719347274.5714343,0.0,36545.0
1719347274.8400292,0.0,36545.0
1719347275.1084683,0.0,36545.0
1719347275.3773127,0.0,36545.0
1719347275.6464417,0.0,36545.0
1719347275.9126682,0.0,36545.0
1719347276.1835337,0.0,36545.0
1719347276.450317,0.0,36545.0
1719347276.7286725,0.0,36545.0
1719347276.9982915,0.0,36545.0
1719347277.264998,0.0,36545.0
1719347277.533698,0.0,36545.0
1719347277.8020725,0.0,36545.0
1719347278.068197,0.0,36545.0
1719347278.337832,0.0,36545.0
1719347278.6057673,0.0,36545.0
1719347278.8719432,0.0,36545.0
1719347279.1348054,0.0,36545.0
1719347279.4017467,0.0,36545.0
1719347279.6666195,0.0,36545.0
1719347279.9312685,0.0,36545.0
1719347280.202934,0.0,36545.0
1719347280.4696875,0.0,36545.0
1719347280.7368171,0.0,36545.0
1719347281.0035546,0.0,36545.0
1719347281.2678416,0.0,36545.0
1719347281.533896,0.0,36545.0
1719347281.797711,0.0,36545.0
1719347282.0598686,0.0,36545.0
1719347282.3273914,0.0,36545.0
1719347282.5966763,0.0,36545.0
1719347282.8659408,0.0,36545.0
1719347283.135482,0.0,36545.0
1719347283.4054003,0.0,36545.0
1719347283.6726365,0.0,36545.0
1719347283.9375389,0.0,36545.0
1719347284.2088137,0.0,36545.0
1719347284.4774778,0.0,36545.0
1719347284.7459435,0.0,36545.0
1719347285.014337,0.0,36545.0
1719347285.281538,0.0,36545.0
1719347285.5495467,0.0,36545.0
1719347285.8198156,0.0,36545.0
1719347286.08876,0.0,36545.0
1719347286.3514216,0.0,36545.0
1719347286.6197667,0.0,36545.0
1719347286.8877652,0.0,36545.0
1719347287.1563268,0.0,36545.0
1719347287.4240398,0.0,36545.0
1719347287.7072296,0.0,36545.0
1719347287.9740107,0.0,36545.0
1719347288.2391074,0.0,36545.0
1719347288.5069423,0.0,36545.0
1719347288.770994,0.0,36545.0
1719347289.0390704,0.0,36545.0
1719347289.3055282,0.0,36545.0
1719347289.6100903,0.0,36545.0
1719347289.8784819,0.0,36545.0
1719347290.1463785,0.0,36545.0
1719347290.4143267,0.0,36545.0
1719347290.6837084,0.0,36545.0
1719347290.952603,0.0,36545.0
1719347291.2201595,0.0,36545.0
1719347291.4859338,0.0,36545.0
1719347291.7548475,0.0,36545.0
1719347292.0220425,0.0,36545.0
1719347292.2908957,0.0,36545.0
1719347292.5594535,0.0,36545.0
1719347292.8292415,0.0,36545.0
1719347293.178506,0.0,36545.0
1719347293.443427,0.0,36545.0
1719347293.7456496,0.0,36545.0
1719347294.0151224,0.0,36545.0
1719347294.3140314,0.0,36545.0
1719347294.6075964,0.0,36545.0
1719347294.876866,0.0,36545.0
1719347295.145476,0.0,36545.0
1719347295.411887,0.0,36545.0
1719347295.6787853,0.0,36545.0
1719347295.9459283,0.0,36545.0
1719347296.2142892,0.0,36545.0
1719347296.4809783,0.0,36545.0
1719347296.7493966,0.0,36545.0
1719347297.0181181,0.0,36545.0
1719347297.2866178,0.0,36545.0
1719347297.5533674,0.0,36545.0
1719347297.8196478,0.0,36545.0
1719347298.0871687,0.0,36545.0
1719347298.355499,0.0,36545.0
1719347298.6237888,0.0,36545.0
1719347298.8909955,0.0,36545.0
1719347299.1592937,0.0,36545.0
1719347299.4269326,0.0,36545.0
1719347299.691993,0.0,36545.0
1719347299.9604096,0.0,36545.0
1719347300.2299402,0.0,36545.0
1719347300.4977214,0.0,36545.0
1719347300.7661226,0.0,36545.0
1719347301.0358722,0.0,36545.0
1719347301.3134162,0.0,36545.0
1719347301.5826654,0.0,36545.0
1719347301.8516994,0.0,36545.0
1719347302.121563,0.0,36545.0
1719347302.386376,0.0,36545.0
1719347302.6558268,0.0,36545.0
1719347302.9243908,0.0,36545.0
1719347303.192608,0.0,36545.0
1719347303.4587085,0.0,36545.0
1719347303.7264266,0.0,36545.0
1719347303.995147,0.0,36545.0
1719347304.2634683,0.0,36545.0
1719347304.5316668,0.0,36545.0
1719347304.8010273,0.0,36545.0
1719347305.0705342,0.0,36545.0
1719347305.338263,0.0,36545.0
1719347305.602561,0.0,36545.0
1719347305.8708527,0.0,36545.0
1719347306.140614,0.0,36545.0
1719347306.4031005,0.0,36545.0
1719347306.6733534,0.0,36545.0
1719347306.9447055,0.0,36545.0
1719347307.2122345,0.0,36545.0
1719347307.4792912,0.0,36545.0
1719347307.7503326,0.0,36545.0
1719347308.0167594,0.0,36545.0
1719347308.2831502,0.0,36545.0
1719347308.5464368,0.0,36545.0
1719347308.8242164,0.0,36545.0
1719347309.0951924,0.0,36545.0
1719347309.3631423,0.0,36545.0
1719347309.6328082,0.0,36545.0
1719347309.900265,0.0,36545.0
1719347310.165159,0.0,36545.0
1719347310.433775,0.0,36545.0
1719347310.7012494,0.0,36545.0
1719347310.966295,0.0,36545.0
1719347311.2353804,0.0,36545.0
1719347311.5037842,0.0,36545.0
1719347311.7748146,0.0,36545.0
1719347312.041706,0.0,36545.0
1719347312.3105884,0.0,36545.0
1719347312.5780332,0.0,36545.0
1719347312.8403883,0.0,36545.0
1719347313.1025062,0.0,36545.0
1719347313.3708587,0.0,36545.0
1719347313.6349156,0.0,36545.0
1719347313.903106,0.0,36545.0
1719347314.1711361,0.0,36545.0
1719347314.4351017,0.0,36545.0
1719347314.7031028,0.0,36545.0
1719347314.9662948,0.0,36545.0
1719347315.2404685,0.0,36545.0
1719347315.5081513,0.0,36545.0
1719347315.778811,0.0,36545.0
1719347316.045542,0.0,36545.0
1719347316.3124807,0.0,36545.0
1719347316.5786083,0.0,36545.0
1719347316.8427582,0.0,36545.0
1719347317.1108422,0.0,36545.0
1719347317.3807526,0.0,36545.0
1719347317.6489913,0.0,36545.0
1719347317.9162252,0.0,36545.0
1719347318.1852093,0.0,36545.0
1719347318.453975,0.0,36545.0
1719347318.7206352,0.0,36545.0
1719347318.9897735,0.0,36545.0
1719347319.2580094,0.0,36545.0
1719347319.5267131,0.0,36545.0
1719347319.7963681,0.0,36545.0
1719347320.0660133,0.0,36545.0
1719347320.3331518,0.0,36545.0
1719347320.60123,0.0,36545.0
1719347320.8703935,0.0,36545.0
1719347321.1354988,0.0,36545.0
1719347321.402764,0.0,36545.0
1719347321.6710489,0.0,36545.0
1719347321.9393702,0.0,36545.0
1719347322.202734,0.0,36545.0
1719347322.4704845,0.0,36545.0
1719347322.738109,0.0,36545.0
1719347323.0066905,0.0,36545.0
1719347323.274741,0.0,36545.0
1719347323.5428336,0.0,36545.0
1719347323.8111033,0.0,36545.0
1719347324.0780694,0.0,36545.0
1719347324.342791,0.0,36545.0
1719347324.6121619,0.0,36545.0
1719347324.8764527,0.0,36545.0
1719347325.145977,0.0,36545.0
1719347325.4132273,0.0,36545.0
1719347325.6849203,0.0,36545.0
1719347325.9507275,0.0,36545.0
1719347326.2184923,0.0,36545.0
1719347326.4811587,0.0,36545.0
1719347326.748945,0.0,36545.0
1719347327.0184648,0.0,36545.0
1719347327.2937763,0.0,36545.0
1719347327.56167,0.0,36545.0
1719347327.8645592,0.0,36545.0
1719347328.1696515,0.0,36545.0
1719347328.4458559,0.0,36545.0
1719347328.7387164,0.0,36545.0
1719347329.0067472,0.0,36545.0
1719347329.3107562,0.0,36545.0
1719347329.5773683,0.0,36545.0
1719347329.8520148,0.0,36545.0
1719347330.1138191,0.0,36545.0
1719347330.3782868,0.0,36545.0
1719347330.6438143,0.0,36545.0
1719347330.9139128,0.0,36545.0
1719347331.183175,0.0,36545.0
1719347331.4528193,0.0,36545.0
1719347331.7245572,0.0,36545.0
1719347331.9920123,0.0,36545.0
1719347332.257335,0.0,36545.0
1719347332.5257273,0.0,36545.0
1719347332.7931275,0.0,36545.0
1719347333.0596206,0.0,36545.0
1719347333.328747,0.0,36545.0
1719347333.5937448,0.0,36545.0
1719347333.8629923,0.0,36545.0
1719347334.131253,0.0,36545.0
1719347334.399342,0.0,36545.0
1719347334.6678264,0.0,36545.0
1719347334.9354734,0.0,36545.0
1719347335.2012815,0.0,36545.0
1719347335.4708881,0.0,36545.0
1719347335.7354167,0.0,36545.0
1719347336.0035994,0.0,36545.0
1719347336.269736,0.0,36545.0
1719347336.5346227,0.0,36545.0
1719347336.798482,0.0,36545.0
1719347337.0663917,0.0,36545.0
1719347337.333662,0.0,36545.0
1719347337.5993605,0.0,36545.0
1719347337.8706489,0.0,36545.0
1719347338.139188,0.0,36545.0
1719347338.4061043,0.0,36545.0
1719347338.6744528,0.0,36545.0
1719347338.9428592,0.0,36545.0
1719347339.2119021,0.0,36545.0
1719347339.4779856,0.0,36545.0
1719347339.7451868,0.0,36545.0
1719347340.0138457,0.0,36545.0
1719347340.2808084,0.0,36545.0
1719347340.5531893,0.0,36545.0
1719347340.819482,0.0,36545.0
1719347341.0875099,0.0,36545.0
1719347341.3579352,0.0,36545.0
1719347341.6256156,0.0,36545.0
1719347341.8899276,0.0,36545.0
1719347342.1579516,0.0,36545.0
1719347342.4266407,0.0,36545.0
1719347342.6948555,0.0,36545.0
1719347342.964698,0.0,36545.0
1719347343.2384653,0.0,36545.0
1719347343.5104244,0.0,36545.0
1719347343.7778587,0.0,36545.0
1719347344.0435424,0.0,36545.0
1719347344.305739,0.0,36545.0
1719347344.5736434,0.0,36545.0
1719347344.8405387,0.0,36545.0
1719347345.1076362,0.0,36545.0
1719347345.3738074,0.0,36545.0
1719347345.6421762,0.0,36545.0
1719347345.9107919,0.0,36545.0
1719347346.1772635,0.0,36545.0
1719347346.4470453,0.0,36545.0
1719347346.714681,0.0,36545.0
1719347346.9830797,0.0,36545.0
1719347347.2531826,0.0,36545.0
1719347347.520955,0.0,36545.0
1719347347.7868738,0.0,36545.0
1719347348.052357,0.0,36545.0
1719347348.3208158,0.0,36545.0
1719347348.5883155,0.0,36545.0
1719347348.8654466,0.0,36545.0
1719347349.1361055,0.0,36545.0
1719347349.4021606,0.0,36545.0
1719347349.665263,0.0,36545.0
1719347349.941352,0.0,36545.0
1719347350.2062697,0.0,36545.0
1719347350.4677327,0.0,36545.0
1719347350.7380435,0.0,36545.0
1719347351.0075963,0.0,36545.0
1719347351.2779603,0.0,36545.0
1719347351.5468676,0.0,36545.0
1719347351.8104293,0.0,36545.0
1719347352.0780795,0.0,36545.0
1719347352.3470585,0.0,36545.0
1719347352.6151817,0.0,36545.0
1719347352.8814106,0.0,36545.0
1719347353.1507864,0.0,36545.0
1719347353.4192533,0.0,36545.0
1719347353.690052,0.0,36545.0
1719347353.9582202,0.0,36545.0
1719347354.2231886,0.0,36545.0
1719347354.4898374,0.0,36545.0
1719347354.7612598,0.0,36545.0
1719347355.0309973,0.0,36545.0
1719347355.30333,0.0,36545.0
1719347355.5732472,0.0,36545.0
1719347355.8416417,0.0,36545.0
1719347356.108996,0.0,36545.0
1719347356.3749895,0.0,36545.0
1719347356.6504455,0.0,36545.0
1719347356.9184847,0.0,36545.0
1719347357.187747,0.0,36545.0
1719347357.4581654,0.0,36545.0
1719347357.726735,0.0,36545.0
1719347357.9964583,0.0,36545.0
1719347358.2710366,0.0,36545.0
1719347358.5422657,0.0,36545.0
1719347358.8095615,0.0,36545.0
1719347359.085236,0.0,36545.0
1719347359.3532157,0.0,36545.0
1719347359.6219254,0.0,36545.0
1719347359.888934,0.0,36545.0
1719347360.154315,0.0,36545.0
1719347360.4132972,0.0,36545.0
1719347360.679538,0.0,36545.0
1719347360.949555,0.0,36545.0
1719347361.213747,0.0,36545.0
1719347361.481633,0.0,36545.0
1719347361.747869,0.0,36545.0
1719347362.0183747,0.0,36545.0
1719347362.2893693,0.0,36545.0
1719347362.5575857,0.0,36545.0
1719347362.8232353,0.0,36545.0
1719347363.0920358,0.0,36545.0
1719347363.3666902,0.0,36545.0
1719347363.63533,0.0,36545.0
1719347363.9030607,0.0,36545.0
1719347364.1913898,0.0,36545.0
1719347364.4587724,0.0,36545.0
1719347364.7272294,0.0,36545.0
1719347365.082034,0.0,36545.0
1719347365.347114,0.0,36545.0
1719347365.6175106,0.0,36545.0
1719347365.9229975,0.0,36545.0
1719347366.1920009,0.0,36545.0
1719347366.4954484,0.0,36545.0
1719347366.7629707,0.0,36545.0
1719347367.038604,0.0,36545.0
1719347367.3064075,0.0,36545.0
1719347367.5739317,0.0,36545.0
1719347367.8428707,0.0,36545.0
1719347368.111776,0.0,36545.0
1719347368.3788521,0.0,36545.0
1719347368.6558366,0.0,36545.0
1719347368.9264007,0.0,36545.0
1719347369.1911585,0.0,36545.0
1719347369.4596002,0.0,36545.0
1719347369.7260418,0.0,36545.0
1719347369.9911547,0.0,36545.0
1719347370.258732,0.0,36545.0
1719347370.527774,0.0,36545.0
1719347370.7960737,0.0,36545.0
1719347371.061529,0.0,36545.0
1719347371.3305414,0.0,36545.0
1719347371.597367,0.0,36545.0
1719347371.8630393,0.0,36545.0
1719347372.13117,0.0,36545.0
1719347372.3953102,0.0,36545.0
1719347372.6680977,0.0,36545.0
1719347372.938754,0.0,36545.0
1719347373.2073212,0.0,36545.0
1719347373.4767365,0.0,36545.0
1719347373.7456403,0.0,36545.0
1719347374.0138733,0.0,36545.0
1719347374.2814376,0.0,36545.0
1719347374.553419,0.0,36545.0
1719347374.8228276,0.0,36545.0
1719347375.0896683,0.0,36545.0
1719347375.3558433,0.0,36545.0
1719347375.6218343,0.0,36545.0
1719347375.890507,0.0,36545.0
1719347376.159695,0.0,36545.0
1719347376.427503,0.0,36545.0
1719347376.7060275,0.0,36545.0
1719347376.9754322,0.0,36545.0
1719347377.2533178,0.0,36545.0
1719347377.5185916,0.0,36545.0
1719347377.787524,0.0,36545.0
1719347378.0555267,0.0,36545.0
1719347378.3290272,0.0,36545.0
1719347378.5975401,0.0,36545.0
1719347378.8656778,0.0,36545.0
1719347379.1326385,0.0,36545.0
1719347379.400545,0.0,36545.0
1719347379.6699522,0.0,36545.0
1719347379.9376018,0.0,36545.0
1719347380.2088368,0.0,36545.0
1719347380.4772568,0.0,36545.0
1719347380.7460303,0.0,36545.0
1719347381.014512,0.0,36545.0
1719347381.2829459,0.0,36545.0
1719347381.55058,0.0,36545.0
1719347381.8179128,0.0,36545.0
1719347382.0893319,0.0,36545.0
1719347382.3603823,0.0,36545.0
1719347382.634854,0.0,36545.0
1719347382.8993933,0.0,36545.0
1719347383.1664891,0.0,36545.0
1719347383.4346185,0.0,36545.0
1719347383.7014205,0.0,36545.0
1719347383.971467,0.0,36545.0
1719347384.2391593,0.0,36545.0
1719347384.5068948,0.0,36545.0
1719347384.7704067,0.0,36545.0
1719347385.0373614,0.0,36545.0
1719347385.3043652,0.0,36545.0
1719347385.5698094,0.0,36545.0
1719347385.8401868,0.0,36545.0
1719347386.1117587,0.0,36545.0
1719347386.3787909,0.0,36545.0
1719347386.6496043,0.0,36545.0
1719347386.920382,0.0,36545.0
1719347387.189121,0.0,36545.0
1719347387.457001,0.0,36545.0
1719347387.724579,0.0,36545.0
1719347387.9900434,0.0,36545.0
1719347388.2586899,0.0,36545.0
1719347388.5269225,0.0,36545.0
1719347388.7944648,0.0,36545.0
1719347389.0627606,0.0,36545.0
1719347389.3324728,0.0,36545.0
1719347389.5993307,0.0,36545.0
1719347389.8666024,0.0,36545.0
1719347390.132811,0.0,36545.0
1719347390.4033582,0.0,36545.0
1719347390.666243,0.0,36545.0
1719347390.9333398,0.0,36545.0
1719347391.2008102,0.0,36545.0
1719347391.469564,0.0,36545.0
1719347391.736212,0.0,36545.0
1719347392.0085764,0.0,36545.0
1719347392.277672,0.0,36545.0
1719347392.545759,0.0,36545.0
1719347392.8102877,0.0,36545.0
1719347393.0789132,0.0,36545.0
1719347393.3458788,0.0,36545.0
1719347393.6122153,0.0,36545.0
1719347393.876145,0.0,36545.0
1719347394.1414032,0.0,36545.0
1719347394.409844,0.0,36545.0
1719347394.6898808,0.0,36545.0
1719347394.9580257,0.0,36545.0
1719347395.223185,0.0,36545.0
1719347395.4917326,0.0,36545.0
1719347395.7610834,0.0,36545.0
1719347396.0306551,0.0,36545.0
1719347396.2984796,0.0,36545.0
1719347396.56647,0.0,36545.0
1719347396.83478,0.0,36545.0
1719347397.1032934,0.0,36545.0
1719347397.3736236,0.0,36545.0
1719347397.642303,0.0,36545.0
1719347397.912343,0.0,36545.0
1719347398.1798887,0.0,36545.0
1719347398.4484754,0.0,36545.0
1719347398.7172961,0.0,36545.0
1719347398.9863493,0.0,36545.0
1719347399.2534213,0.0,36545.0
1719347399.521231,0.0,36545.0
1719347399.78585,0.0,36545.0
1719347400.0529802,0.0,36545.0
1719347400.3236847,0.0,36545.0
1719347400.6085489,0.0,36545.0
1719347400.8790693,0.0,36545.0
1719347401.2342978,0.0,36545.0
1719347401.503148,0.0,36545.0
1719347401.7772377,0.0,36545.0
1719347402.0468845,0.0,36545.0
1719347402.3206658,0.0,36545.0
1719347402.6175764,0.0,36545.0
1719347402.882544,0.0,36545.0
1719347403.145574,0.0,36545.0
1719347403.4126854,0.0,36545.0
1719347403.6808083,0.0,36545.0
1719347403.950537,0.0,36545.0
1719347404.2174766,0.0,36545.0
1719347404.487061,0.0,36545.0
1719347404.7563546,0.0,36545.0
1719347405.0230029,0.0,36545.0
1719347405.2907972,0.0,36545.0
1719347405.5583405,0.0,36545.0
1719347405.8289526,0.0,36545.0
1719347406.0977724,0.0,36545.0
1719347406.3661294,0.0,36545.0
1719347406.6327093,0.0,36545.0
1719347406.9007342,0.0,36545.0
1719347407.170208,0.0,36545.0
1719347407.4384017,0.0,36545.0
1719347407.7068074,0.0,36545.0
1719347407.9741483,0.0,36545.0
1719347408.2423084,0.0,36545.0
1719347408.510408,0.0,36545.0
1719347408.7745326,0.0,36545.0
1719347409.042142,0.0,36545.0
1719347409.3125904,0.0,36545.0
1719347409.5791628,0.0,36545.0
1719347409.8450718,0.0,36545.0
1719347410.167011,0.0,36545.0
1719347410.4342296,0.0,36545.0
1719347410.708019,0.0,36545.0
1719347410.97383,0.0,36545.0
1719347411.241744,0.0,36545.0
1719347411.5099187,0.0,36545.0
1719347411.778415,0.0,36545.0
1719347412.0448098,0.0,36545.0
1719347412.3110735,0.0,36545.0
1719347412.579267,0.0,36545.0
1719347412.8474607,0.0,36545.0
1719347413.114573,0.0,36545.0
1719347413.3833852,0.0,36545.0
1719347413.6524332,0.0,36545.0
1719347413.9227238,0.0,36545.0
1719347414.1898546,0.0,36545.0
1719347414.4568193,0.0,36545.0
1719347414.7236946,0.0,36545.0
1719347414.9929705,0.0,36545.0
1719347415.2616892,0.0,36545.0
1719347415.5304096,0.0,36545.0
1719347415.794885,0.0,36545.0
1719347416.0667562,0.0,36545.0
1719347416.3389246,0.0,36545.0
1719347416.605697,0.0,36545.0
1719347416.8710773,0.0,36545.0
1719347417.1347249,0.0,36545.0
1719347417.4023988,0.0,36545.0
1719347417.6706488,0.0,36545.0
1719347417.9343364,0.0,36545.0
1719347418.2035072,0.0,36545.0
1719347418.4731967,0.0,36545.0
1719347418.742114,0.0,36545.0
1719347419.0102093,0.0,36545.0
1719347419.2779198,0.0,36545.0
1719347419.5445113,0.0,36545.0
1719347419.807165,0.0,36545.0
1719347420.0763109,0.0,36545.0
1719347420.3429127,0.0,36545.0
1719347420.6099398,0.0,36545.0
1719347420.8750546,0.0,36545.0
1719347421.131971,0.0,36545.0
1719347421.3988516,0.0,36545.0
1719347421.6667595,0.0,36545.0
1719347421.9309618,0.0,36545.0
1719347422.1988351,0.0,36545.0
1719347422.4687693,0.0,36545.0
1719347422.7382128,0.0,36545.0
1719347423.0075474,0.0,36545.0
1719347423.2749786,0.0,36545.0
1719347423.5462854,0.0,36545.0
1719347423.8152554,0.0,36545.0
1719347424.0854733,0.0,36545.0
1719347424.3539248,0.0,36545.0
1719347424.623133,0.0,36545.0
1719347424.8909967,0.0,36545.0
1719347425.161077,0.0,36545.0
1719347425.4284196,0.0,36545.0
1719347425.6968112,0.0,36545.0
1719347425.9656305,0.0,36545.0
1719347426.2325952,0.0,36545.0
1719347426.499746,0.0,36545.0
1719347426.764985,0.0,36545.0
1719347427.0313075,0.0,36545.0
1719347427.298303,0.0,36545.0
1719347427.566174,0.0,36545.0
1719347427.8344088,0.0,36545.0
1719347428.1037633,0.0,36545.0
1719347428.3696566,0.0,36545.0
1719347428.6354597,0.0,36545.0
1719347428.902613,0.0,36545.0
1719347429.1706834,0.0,36545.0
1719347429.4364529,0.0,36545.0
1719347429.7130117,0.0,36545.0
1719347429.9814882,0.0,36545.0
1719347430.2493908,0.0,36545.0
1719347430.5169373,0.0,36545.0
1719347430.785488,0.0,36545.0
1719347431.0534632,0.0,36545.0
1719347431.3173678,0.0,36545.0
1719347431.5859692,0.0,36545.0
1719347431.8529265,0.0,36545.0
1719347432.1232014,0.0,36545.0
1719347432.3911068,0.0,36545.0
1719347432.6599739,0.0,36545.0
1719347432.9284124,0.0,36545.0
1719347433.1966765,0.0,36545.0
1719347433.4660716,0.0,36545.0
1719347433.7338057,0.0,36545.0
1719347434.0034115,0.0,36545.0
1719347434.2708094,0.0,36545.0
1719347434.539434,0.0,36545.0
1719347434.8081863,0.0,36545.0
1719347435.0790057,0.0,36545.0
1719347435.3484004,0.0,36545.0
1719347435.6190567,0.0,36545.0
1719347435.906038,0.0,36545.0
1719347436.1816998,0.0,36545.0
1719347436.5073004,0.0,36545.0
1719347436.774281,0.0,36545.0
1719347437.0357428,0.0,36545.0
1719347437.3041422,0.0,36545.0
1719347437.6058497,0.0,36545.0
1719347437.8744116,0.0,36545.0
1719347438.1505046,0.0,36545.0
1719347438.4177465,0.0,36545.0
1719347438.6849244,0.0,36545.0
1719347438.9523325,0.0,36545.0
1719347439.2215238,0.0,36545.0
1719347439.4869468,0.0,36545.0
1719347439.7593265,0.0,36545.0
1719347440.0271623,0.0,36545.0
1719347440.2909727,0.0,36545.0
1719347440.560669,0.0,36545.0
1719347440.829698,0.0,36545.0
1719347441.0972686,0.0,36545.0
1719347441.3679392,0.0,36545.0
1719347441.6354048,0.0,36545.0
1719347441.9003997,0.0,36545.0
1719347442.1754105,0.0,36545.0
1719347442.442083,0.0,36545.0
1719347442.711378,0.0,36545.0
1719347442.9790728,0.0,36545.0
1719347443.2488167,0.0,36545.0
1719347443.5168102,0.0,36545.0
1719347443.785659,0.0,36545.0
1719347444.0561385,0.0,36545.0
1719347444.322879,0.0,36545.0
1719347444.5883708,0.0,36545.0
1719347444.8477635,0.0,36545.0
1719347445.1138515,0.0,36545.0
1719347445.3820226,0.0,36545.0
1719347445.6466773,0.0,36545.0
1719347445.9072654,0.0,36545.0
1719347446.1751604,0.0,36545.0
1719347446.4438102,0.0,36545.0
1719347446.711592,0.0,36545.0
1719347446.9840057,0.0,36545.0
1719347447.2519727,0.0,36545.0
1719347447.5159345,0.0,36545.0
1719347447.7856994,0.0,36545.0
1719347448.0547297,0.0,36545.0
1719347448.3230166,0.0,36545.0
1719347448.5904653,0.0,36545.0
1719347448.8582551,0.0,36545.0
1719347449.1272461,0.0,36545.0
1719347449.3945923,0.0,36545.0
1719347449.6625335,0.0,36545.0
1719347449.93241,0.0,36545.0
1719347450.1976879,0.0,36545.0
1719347450.4666224,0.0,36545.0
1719347450.7376084,0.0,36545.0
1719347451.0013723,0.0,36545.0
1719347451.266738,0.0,36545.0
1719347451.5306714,0.0,36545.0
1719347451.7967715,0.0,36545.0
1719347452.063661,0.0,36545.0
1719347452.330384,0.0,36545.0
1719347452.593922,0.0,36545.0
1719347452.8623703,0.0,36545.0
1719347453.130889,0.0,36545.0
1719347453.3985193,0.0,36545.0
1719347453.6671042,0.0,36545.0
1719347453.9373326,0.0,36545.0
1719347454.2082946,0.0,36545.0
1719347454.4731486,0.0,36545.0
1719347454.7455308,0.0,36545.0
1719347455.0128129,0.0,36545.0
1719347455.280177,0.0,36545.0
1719347455.5426972,0.0,36545.0
1719347455.812259,0.0,36545.0
1719347456.0848162,0.0,36545.0
1719347456.352486,0.0,36545.0
1719347456.6208324,0.0,36545.0
1719347456.890379,0.0,36545.0
1719347457.1595976,0.0,36545.0
1719347457.4245002,0.0,36545.0
1719347457.6935325,0.0,36545.0
1719347457.9619853,0.0,36545.0
1719347458.2299051,0.0,36545.0
1719347458.498617,0.0,36545.0
1719347458.7673495,0.0,36545.0
1719347459.0353382,0.0,36545.0
1719347459.303283,0.0,36545.0
1719347459.5725963,0.0,36545.0
1719347459.8403225,0.0,36545.0
1719347460.1036654,0.0,36545.0
1719347460.3688056,0.0,36545.0
1719347460.6356034,0.0,36545.0
1719347460.907354,0.0,36545.0
1719347461.1748483,0.0,36545.0
1719347461.4432125,0.0,36545.0
1719347461.710109,0.0,36545.0
1719347461.9776926,0.0,36545.0
1719347462.2446206,0.0,36545.0
1719347462.5091872,0.0,36545.0
1719347462.779326,0.0,36545.0
1719347463.0466971,0.0,36545.0
1719347463.3133156,0.0,36545.0
1719347463.5796642,0.0,36545.0
1719347463.8493626,0.0,36545.0
1719347464.116524,0.0,36545.0
1719347464.3807693,0.0,36545.0
1719347464.6468244,0.0,36545.0
1719347464.9130428,0.0,36545.0
1719347465.1824765,0.0,36545.0
1719347465.4509835,0.0,36545.0
1719347465.7200587,0.0,36545.0
1719347465.9886816,0.0,36545.0
1719347466.2552533,0.0,36545.0
1719347466.5197105,0.0,36545.0
1719347466.788992,0.0,36545.0
1719347467.0585063,0.0,36545.0
1719347467.3254309,0.0,36545.0
1719347467.592684,0.0,36545.0
1719347467.8555756,0.0,36545.0
1719347468.1248746,0.0,36545.0
1719347468.3921564,0.0,36545.0
1719347468.6617768,0.0,36545.0
1719347468.9295888,0.0,36545.0
1719347469.1966672,0.0,36545.0
1719347469.472807,0.0,36545.0
1719347469.7426755,0.0,36545.0
1719347470.0096061,0.0,36545.0
1719347470.2767334,0.0,36545.0
1719347470.544458,0.0,36545.0
1719347470.8215425,0.0,36545.0
1719347471.0894623,0.0,36545.0
1719347471.3572726,0.0,36545.0
1719347471.692737,0.0,36545.0
1719347471.9614458,0.0,36545.0
1719347472.231705,0.0,36545.0
1719347472.5297067,0.0,36545.0
1719347472.7974777,0.0,36545.0
1719347473.067934,0.0,36545.0
1719347473.365817,0.0,36545.0
1719347473.636228,0.0,36545.0
1719347473.9040911,0.0,36545.0
1719347474.1982021,0.0,36545.0
1719347474.4667463,0.0,36545.0
1719347474.731463,0.0,36545.0
1719347474.9952025,0.0,36545.0
1719347475.263154,0.0,36545.0
1719347475.529824,0.0,36545.0
1719347475.8025684,0.0,36545.0
1719347476.0706973,0.0,36545.0
1719347476.3373003,0.0,36545.0
1719347476.6023295,0.0,36545.0
1719347476.8701162,0.0,36545.0
1719347477.137229,0.0,36545.0
1719347477.4061573,0.0,36545.0
1719347477.6709018,0.0,36545.0
1719347477.9387817,0.0,36545.0
1719347478.2052596,0.0,36545.0
1719347478.4746761,0.0,36545.0
1719347478.742997,0.0,36545.0
1719347479.016712,0.0,36545.0
1719347479.2877696,0.0,36545.0
1719347479.5585318,0.0,36545.0
1719347479.8273404,0.0,36545.0
1719347480.093862,0.0,36545.0
1719347480.3630593,0.0,36545.0
1719347480.6338627,0.0,36545.0
1719347480.9029722,0.0,36545.0
1719347481.1705647,0.0,36545.0
1719347481.4476328,0.0,36545.0
1719347481.7110922,0.0,36545.0
1719347481.9725688,0.0,36545.0
1719347482.2390583,0.0,36545.0
1719347482.5069764,0.0,36545.0
1719347482.775279,0.0,36545.0
1719347483.0450616,0.0,36545.0
1719347483.3145235,0.0,36545.0
1719347483.5828292,0.0,36545.0
1719347483.8464358,0.0,36545.0
1719347484.118331,0.0,36545.0
1719347484.3861384,0.0,36545.0
1719347484.6560636,0.0,36545.0
1719347484.9263675,0.0,36545.0
1719347485.1937637,0.0,36545.0
1719347485.4573493,0.0,36545.0
1719347485.7265887,0.0,36545.0
1719347485.995359,0.0,36545.0
1719347486.2595382,0.0,36545.0
1719347486.5275638,0.0,36545.0
1719347486.7986233,0.0,36545.0
1719347487.0667036,0.0,36545.0
1719347487.3336632,0.0,36545.0
1719347487.5975878,0.0,36545.0
1719347487.8643334,0.0,36545.0
1719347488.1266294,0.0,36545.0
1719347488.3948293,0.0,36545.0
1719347488.6623113,0.0,36545.0
1719347488.931151,0.0,36545.0
1719347489.197645,0.0,36545.0
1719347489.4671926,0.0,36545.0
1719347489.7378726,0.0,36545.0
1719347490.0067928,0.0,36545.0
1719347490.2705917,0.0,36545.0
1719347490.5387325,0.0,36545.0
1719347490.806644,0.0,36545.0
1719347491.0737467,0.0,36545.0
1719347491.3423774,0.0,36545.0
1719347491.6097724,0.0,36545.0
1719347491.879579,0.0,36545.0
1719347492.1498802,0.0,36545.0
1719347492.4163077,0.0,36545.0
1719347492.6846845,0.0,36545.0
1719347492.9474447,0.0,36545.0
1719347493.2165859,0.0,36545.0
1719347493.4850292,0.0,36545.0
1719347493.754531,0.0,36545.0
1719347494.0218801,0.0,36545.0
1719347494.2869089,0.0,36545.0
1719347494.5586634,0.0,36545.0
1719347494.8290172,0.0,36545.0
1719347495.098059,0.0,36545.0
1719347495.3736918,0.0,36545.0
1719347495.642617,0.0,36545.0
1719347495.910513,0.0,36545.0
1719347496.1757205,0.0,36545.0
1719347496.442953,0.0,36545.0
1719347496.7110462,0.0,36545.0
1719347496.9802392,0.0,36545.0
1719347497.2447124,0.0,36545.0
1719347497.5140967,0.0,36545.0
1719347497.7810137,0.0,36545.0
1719347498.050998,0.0,36545.0
1719347498.3183415,0.0,36545.0
1719347498.5852375,0.0,36545.0
1719347498.8504527,0.0,36545.0
1719347499.1177597,0.0,36545.0
1719347499.3816586,0.0,36545.0
1719347499.649405,0.0,36545.0
1719347499.9163861,0.0,36545.0
1719347500.1829956,0.0,36545.0
1719347500.4535706,0.0,36545.0
1719347501.0634325,0.0,36545.0
1719347501.6002696,0.0,36545.0
1719347502.2667902,0.0,36545.0
1719347502.9032383,0.0,36545.0
1719347503.4768157,0.0,36545.0
1719347504.1264472,0.0,36545.0
1719347504.7858803,0.0,36545.0
1719347505.4248502,0.0,36545.0
1719347505.6939092,0.0,36545.0
1719347505.9621668,0.0,36545.0
1719347506.2323058,0.0,36545.0
1719347506.4989626,0.0,36545.0
1719347506.7668424,0.0,36545.0
1719347507.034512,0.0,36545.0
1719347507.3050246,0.0,36545.0
1719347507.568663,0.0,36545.0
1719347507.855493,0.0,36545.0
1719347508.1205826,0.0,36545.0
1719347508.465267,0.0,36545.0
1719347508.7679324,0.0,36545.0
1719347509.036428,0.0,36545.0
1719347509.3020709,0.0,36545.0
1719347509.592731,0.0,36545.0
1719347509.8642867,0.0,36545.0
1719347510.1308131,0.0,36545.0
1719347510.3949838,0.0,36545.0
1719347510.6626654,0.0,36545.0
1719347510.9293263,0.0,36545.0
1719347511.2000206,0.0,36545.0
1719347511.4764256,0.0,36545.0
1719347511.7432745,0.0,36545.0
1719347512.0137668,0.0,36545.0
1719347512.281688,0.0,36545.0
1719347512.5455558,0.0,36545.0
1719347512.8122797,0.0,36545.0
1719347513.0812173,0.0,36545.0
1719347513.3476963,0.0,36545.0
1719347513.6175635,0.0,36545.0
1719347513.886856,0.0,36545.0
1719347514.1556206,0.0,36545.0
1719347514.423393,0.0,36545.0
1719347514.6902947,0.0,36545.0
1719347514.9573493,0.0,36545.0
1719347515.2234378,0.0,36545.0
1719347515.4941783,0.0,36545.0
1719347515.7637777,0.0,36545.0
1719347516.0322685,0.0,36545.0
1719347516.2932773,0.0,36545.0
1719347516.5602078,0.0,36545.0
1719347516.8292332,0.0,36545.0
1719347517.0966547,0.0,36545.0
1719347517.3657022,0.0,36545.0
1719347517.6356173,0.0,36545.0
1719347517.905659,0.0,36545.0
1719347518.1736457,0.0,36545.0
1719347518.4409878,0.0,36545.0
1719347518.7076683,0.0,36545.0
1719347518.9752238,0.0,36545.0
1719347519.2418997,0.0,36545.0
1719347519.5116792,0.0,36545.0
1719347519.779351,0.0,36545.0
1719347520.0482032,0.0,36545.0
1719347520.3164017,0.0,36545.0
1719347520.5783396,0.0,36545.0
1719347520.8471074,0.0,36545.0
1719347521.115132,0.0,36545.0
1719347521.3846164,0.0,36545.0
1719347521.652386,0.0,36545.0
1719347521.9175572,0.0,36545.0
1719347522.1779988,0.0,36545.0
1719347522.4476314,0.0,36545.0
1719347522.7182198,0.0,36545.0
1719347522.9866219,0.0,36545.0
1719347523.255705,0.0,36545.0
1719347523.5233088,0.0,36545.0
1719347523.7907057,0.0,36545.0
1719347524.0579808,0.0,36545.0
1719347524.319077,0.0,36545.0
1719347524.5932982,0.0,36545.0
1719347524.8610249,0.0,36545.0
1719347525.126903,0.0,36545.0
1719347525.3957448,0.0,36545.0
1719347525.662545,0.0,36545.0
1719347525.928008,0.0,36545.0
1719347526.1886046,0.0,36545.0
1719347526.4558873,0.0,36545.0
1719347526.7234232,0.0,36545.0
1719347526.988658,0.0,36545.0
1719347527.254317,0.0,36545.0
1719347527.5223634,0.0,36545.0
1719347527.7893414,0.0,36545.0
1719347528.058227,0.0,36545.0
1719347528.3249352,0.0,36545.0
1719347528.6012354,0.0,36545.0
1719347528.8687413,0.0,36545.0
1719347529.137715,0.0,36545.0
1719347529.4049625,0.0,36545.0
1719347529.6727476,0.0,36545.0
1719347529.9339752,0.0,36545.0
1719347530.2015967,0.0,36545.0
1719347530.4695191,0.0,36545.0
1719347530.736746,0.0,36545.0
1719347531.0053787,0.0,36545.0
1719347531.2747924,0.0,36545.0
1719347531.5439787,0.0,36545.0
1719347531.8123746,0.0,36545.0
1719347532.0824106,0.0,36545.0
1719347532.351067,0.0,36545.0
1719347532.626009,0.0,36545.0
1719347532.9030774,0.0,36545.0
1719347533.1735106,0.0,36545.0
1719347533.448239,0.0,36545.0
1719347533.7162871,0.0,36545.0
1719347533.9792922,0.0,36545.0
1719347534.2475235,0.0,36545.0
1719347534.5155015,0.0,36545.0
1719347534.786193,0.0,36545.0
1719347535.0557103,0.0,36545.0
1719347535.32296,0.0,36545.0
1719347535.582473,0.0,36545.0
1719347535.848619,0.0,36545.0
1719347536.1238256,0.0,36545.0
1719347536.391633,0.0,36545.0
1719347536.672824,0.0,36545.0
1719347536.9369264,0.0,36545.0
1719347537.206025,0.0,36545.0
1719347537.4702597,0.0,36545.0
1719347537.7381124,0.0,36545.0
1719347538.0067978,0.0,36545.0
1719347538.2717774,0.0,36545.0
1719347538.5404267,0.0,36545.0
1719347538.807388,0.0,36545.0
1719347539.076356,0.0,36545.0
1719347539.3456795,0.0,36545.0
1719347539.6150174,0.0,36545.0
1719347539.8833613,0.0,36545.0
1719347540.1524944,0.0,36545.0
1719347540.4203346,0.0,36545.0
1719347540.6885836,0.0,36545.0
1719347540.9560587,0.0,36545.0
1719347541.2232242,0.0,36545.0
1719347541.493468,0.0,36545.0
1719347541.762963,0.0,36545.0
1719347542.0312603,0.0,36545.0
1719347542.2991614,0.0,36545.0
1719347542.5649714,0.0,36545.0
1719347542.8229783,0.0,36545.0
1719347543.1504626,0.0,36545.0
1719347543.408503,0.0,36545.0
1719347543.7076066,0.0,36545.0
1719347544.0114262,0.0,36545.0
1719347544.3099666,0.0,36545.0
1719347544.5795283,0.0,36545.0
1719347544.8460586,0.0,36545.0
1719347545.1132388,0.0,36545.0
1719347545.381664,0.0,36545.0
1719347545.6455977,0.0,36545.0
1719347545.9141595,0.0,36545.0
1719347546.186766,0.0,36545.0
1719347546.4547932,0.0,36545.0
1719347546.7230463,0.0,36545.0
1719347546.9903345,0.0,36545.0
1719347547.2592993,0.0,36545.0
1719347547.5282493,0.0,36545.0
1719347547.7960057,0.0,36545.0
1719347548.0640788,0.0,36545.0
1719347548.3332548,0.0,36545.0
1719347548.6005993,0.0,36545.0
1719347548.866577,0.0,36545.0
1719347549.135729,0.0,36545.0
1719347549.4042785,0.0,36545.0
1719347549.6723008,0.0,36545.0
1719347549.953516,0.0,36545.0
1719347550.2261484,0.0,36545.0
1719347550.4918797,0.0,36545.0
1719347550.7536063,0.0,36545.0
1719347551.0204628,0.0,36545.0
1719347551.2887785,0.0,36545.0
1719347551.5560613,0.0,36545.0
1719347551.8249435,0.0,36545.0
1719347552.0945935,0.0,36545.0
1719347552.3622267,0.0,36545.0
1719347552.6290302,0.0,36545.0
1719347552.8997352,0.0,36545.0
1719347553.168137,0.0,36545.0
1719347553.435666,0.0,36545.0
1719347553.7046218,0.0,36545.0
1719347553.9701664,0.0,36545.0
1719347554.2363725,0.0,36545.0
1719347554.5033169,0.0,36545.0
1719347554.77242,0.0,36545.0
1719347555.0374477,0.0,36545.0
1719347555.3062391,0.0,36545.0
1719347555.575166,0.0,36545.0
1719347555.8441658,0.0,36545.0
1719347556.1105225,0.0,36545.0
1719347556.378134,0.0,36545.0
1719347556.6452212,0.0,36545.0
1719347556.9139802,0.0,36545.0
1719347557.1827934,0.0,36545.0
1719347557.451789,0.0,36545.0
1719347557.7200642,0.0,36545.0
1719347557.9884768,0.0,36545.0
1719347558.2560282,0.0,36545.0
1719347558.5246747,0.0,36545.0
1719347558.7924275,0.0,36545.0
1719347559.055179,0.0,36545.0
1719347559.3250408,0.0,36545.0
1719347559.591532,0.0,36545.0
1719347559.8589785,0.0,36545.0
1719347560.1288095,0.0,36545.0
1719347560.3966196,0.0,36545.0
1719347560.6631987,0.0,36545.0
1719347560.9344075,0.0,36545.0
1719347561.1991613,0.0,36545.0
1719347561.4720528,0.0,36545.0
1719347561.7390838,0.0,36545.0
1719347562.0067203,0.0,36545.0
1719347562.2710116,0.0,36545.0
1719347562.538989,0.0,36545.0
1719347562.8065364,0.0,36545.0
1719347563.0735722,0.0,36545.0
1719347563.3454082,0.0,36545.0
1719347563.6150372,0.0,36545.0
1719347563.8839097,0.0,36545.0
1719347564.1499047,0.0,36545.0
1719347564.418345,0.0,36545.0
1719347564.6878252,0.0,36545.0
1719347564.9539595,0.0,36545.0
1719347565.2232351,0.0,36545.0
1719347565.4946818,0.0,36545.0
1719347565.759817,0.0,36545.0
1719347566.0261197,0.0,36545.0
1719347566.2916632,0.0,36545.0
1719347566.5575886,0.0,36545.0
1719347566.822536,0.0,36545.0
1719347567.0944543,0.0,36545.0
1719347567.35876,0.0,36545.0
1719347567.6263301,0.0,36545.0
1719347567.893703,0.0,36545.0
1719347568.1616747,0.0,36545.0
1719347568.4295945,0.0,36545.0
1719347568.6946144,0.0,36545.0
1719347568.9605272,0.0,36545.0
1719347569.2303479,0.0,36545.0
1719347569.498942,0.0,36545.0
1719347569.7682104,0.0,36545.0
1719347570.0351923,0.0,36545.0
1719347570.3014193,0.0,36545.0
1719347570.5681443,0.0,36545.0
1719347570.8355975,0.0,36545.0
1719347571.104068,0.0,36545.0
1719347571.3683696,0.0,36545.0
1719347571.634456,0.0,36545.0
1719347571.8982856,0.0,36545.0
1719347572.1628091,0.0,36545.0
1719347572.43206,0.0,36545.0
1719347572.6983318,0.0,36545.0
1719347572.9660764,0.0,36545.0
1719347573.229362,0.0,36545.0
1719347573.4945264,0.0,36545.0
1719347573.7599194,0.0,36545.0
1719347574.0272334,0.0,36545.0
1719347574.290393,0.0,36545.0
1719347574.5600195,0.0,36545.0
1719347574.829894,0.0,36545.0
1719347575.104571,0.0,36545.0
1719347575.3747704,0.0,36545.0
1719347575.6431332,0.0,36545.0
1719347575.9097168,0.0,36545.0
1719347576.174287,0.0,36545.0
1719347576.4362023,0.0,36545.0
1719347576.705079,0.0,36545.0
1719347576.972312,0.0,36545.0
1719347577.2420273,0.0,36545.0
1719347577.5148938,0.0,36545.0
1719347577.7833219,0.0,36545.0
1719347578.0465858,0.0,36545.0
1719347578.325621,0.0,36545.0
1719347578.6308734,0.0,36545.0
1719347578.9274411,0.0,36545.0
1719347579.1955566,0.0,36545.0
1719347579.5032449,0.0,36545.0
1719347579.7724154,0.0,36545.0
1719347580.0364158,0.0,36545.0
1719347580.3093233,0.0,36545.0
1719347580.5943565,0.0,36545.0
1719347580.8650682,0.0,36545.0
1719347581.1399045,0.0,36545.0
1719347581.4067187,0.0,36545.0
1719347581.674893,0.0,36545.0
1719347581.9436102,0.0,36545.0
1719347582.2096224,0.0,36545.0
1719347582.474764,0.0,36545.0
1719347582.742588,0.0,36545.0
1719347583.0118392,0.0,36545.0
1719347583.2798862,0.0,36545.0
1719347583.5485702,0.0,36545.0
1719347583.8172905,0.0,36545.0
1719347584.0845613,0.0,36545.0
1719347584.351174,0.0,36545.0
1719347584.617602,0.0,36545.0
1719347584.886366,0.0,36545.0
1719347585.1590579,0.0,36545.0
1719347585.4232745,0.0,36545.0
1719347585.6903057,0.0,36545.0
1719347585.9541984,0.0,36545.0
1719347586.2211113,0.0,36545.0
1719347586.4823685,0.0,36545.0
1719347586.748244,0.0,36545.0
1719347587.0168107,0.0,36545.0
1719347587.279364,0.0,36545.0
1719347587.5445027,0.0,36545.0
1719347587.8284051,0.0,36545.0
1719347588.0946841,0.0,36545.0
1719347588.3601573,0.0,36545.0
1719347588.6250508,0.0,36545.0
1719347588.9016411,0.0,36545.0
1719347589.1681504,0.0,36545.0
1719347589.4351478,0.0,36545.0
1719347589.7051282,0.0,36545.0
1719347589.9747527,0.0,36545.0
1719347590.2389302,0.0,36545.0
1719347590.5048242,0.0,36545.0
1719347590.7730317,0.0,36545.0
1719347591.0445197,0.0,36545.0
1719347591.3141663,0.0,36545.0
1719347591.5838735,0.0,36545.0
1719347591.8547041,0.0,36545.0
1719347592.1195862,0.0,36545.0
1719347592.3890352,0.0,36545.0
1719347592.655242,0.0,36545.0
1719347592.9271324,0.0,36545.0
1719347593.1987102,0.0,36545.0
1719347593.4703908,0.0,36545.0
1719347593.7394059,0.0,36545.0
1719347594.0106013,0.0,36545.0
1719347594.279812,0.0,36545.0
1719347594.5464158,0.0,36545.0
1719347594.8170235,0.0,36545.0
1719347595.0861073,0.0,36545.0
1719347595.355148,0.0,36545.0
1719347595.62398,0.0,36545.0
1719347595.8920267,0.0,36545.0
1719347596.1597733,0.0,36545.0
1719347596.4284258,0.0,36545.0
1719347596.6967301,0.0,36545.0
1719347596.9669187,0.0,36545.0
1719347597.2349548,0.0,36545.0
1719347597.5390236,0.0,36545.0
1719347597.8046057,0.0,36545.0
1719347598.0722508,0.0,36545.0
1719347598.3402498,0.0,36545.0
1719347598.6089418,0.0,36545.0
1719347598.8774922,0.0,36545.0
1719347599.1426983,0.0,36545.0
1719347599.4101846,0.0,36545.0
1719347599.6786065,0.0,36545.0
1719347599.947667,0.0,36545.0
1719347600.2165158,0.0,36545.0
1719347600.481595,0.0,36545.0
1719347600.750726,0.0,36545.0
1719347601.0177298,0.0,36545.0
1719347601.2853675,0.0,36545.0
1719347601.5533848,0.0,36545.0
1719347601.8228552,0.0,36545.0
1719347602.0998764,0.0,36545.0
1719347602.367292,0.0,36545.0
1719347602.6322153,0.0,36545.0
1719347602.8984752,0.0,36545.0
1719347603.1651359,0.0,36545.0
1719347603.433293,0.0,36545.0
1719347603.6903677,0.0,36545.0
1719347603.9565017,0.0,36545.0
1719347604.2242725,0.0,36545.0
1719347604.4903066,0.0,36545.0
1719347604.7591145,0.0,36545.0
1719347605.027264,0.0,36545.0
1719347605.2956004,0.0,36545.0
1719347605.5629175,0.0,36545.0
1719347605.8305454,0.0,36545.0
1719347606.0939436,0.0,36545.0
1719347606.3618453,0.0,36545.0
1719347606.6288064,0.0,36545.0
1719347606.8987756,0.0,36545.0
1719347607.1677234,0.0,36545.0
1719347607.4378567,0.0,36545.0
1719347607.7064953,0.0,36545.0
1719347607.9740584,0.0,36545.0
1719347608.2405388,0.0,36545.0
1719347608.5052817,0.0,36545.0
1719347608.7754211,0.0,36545.0
1719347609.0427973,0.0,36545.0
1719347609.3114312,0.0,36545.0
1719347609.5819921,0.0,36545.0
1719347609.849676,0.0,36545.0
1719347610.1184182,0.0,36545.0
1719347610.3870788,0.0,36545.0
1719347610.6547124,0.0,36545.0
1719347610.9166164,0.0,36545.0
1719347611.1793852,0.0,36545.0
1719347611.4476213,0.0,36545.0
1719347611.7149856,0.0,36545.0
1719347611.9820306,0.0,36545.0
1719347612.2509701,0.0,36545.0
1719347612.5205903,0.0,36545.0
1719347612.7867186,0.0,36545.0
1719347613.052191,0.0,36545.0
1719347613.311742,0.0,36545.0
1719347613.5796182,0.0,36545.0
1719347613.865939,0.0,36545.0
1719347614.2079196,0.0,36545.0
1719347614.4779153,0.0,36545.0
1719347614.7477522,0.0,36545.0
1719347615.0328202,0.0,36545.0
1719347615.3024824,0.0,36545.0
1719347615.5742402,0.0,36545.0
1719347615.8409438,0.0,36545.0
1719347616.1104026,0.0,36545.0
1719347616.3779426,0.0,36545.0
1719347616.6457922,0.0,36545.0
1719347616.9186263,0.0,36545.0
1719347617.1872804,0.0,36545.0
1719347617.460496,0.0,36545.0
1719347617.7378983,0.0,36545.0
1719347618.0061011,0.0,36545.0
1719347618.2744663,0.0,36545.0
1719347618.5412204,0.0,36545.0
1719347618.8092515,0.0,36545.0
1719347619.074738,0.0,36545.0
1719347619.342703,0.0,36545.0
1719347619.6097841,0.0,36545.0
1719347619.8785594,0.0,36545.0
1719347620.1454487,0.0,36545.0
1719347620.4134862,0.0,36545.0
1719347620.6812174,0.0,36545.0
1719347620.9503245,0.0,36545.0
1719347621.2184455,0.0,36545.0
1719347621.4866502,0.0,36545.0
1719347621.754643,0.0,36545.0
1719347622.02558,0.0,36545.0
1719347622.2945874,0.0,36545.0
1719347622.5661585,0.0,36545.0
1719347622.8345826,0.0,36545.0
1719347623.1015983,0.0,36545.0
1719347623.3646674,0.0,36545.0
1719347623.629252,0.0,36545.0
1719347623.8988445,0.0,36545.0
1719347624.1651998,0.0,36545.0
1719347624.4326026,0.0,36545.0
1719347624.6995084,0.0,36545.0
1719347624.9694264,0.0,36545.0
1719347625.239184,0.0,36545.0
1719347625.5059488,0.0,36545.0
1719347625.775788,0.0,36545.0
1719347626.0453393,0.0,36545.0
1719347626.3142333,0.0,36545.0
1719347626.5793517,0.0,36545.0
1719347626.8473628,0.0,36545.0
1719347627.1149642,0.0,36545.0
1719347627.3818576,0.0,36545.0
1719347627.649811,0.0,36545.0
1719347627.9154298,0.0,36545.0
1719347628.1809752,0.0,36545.0
1719347628.4510536,0.0,36545.0
1719347628.717148,0.0,36545.0
1719347628.9854496,0.0,36545.0
1719347629.2521389,0.0,36545.0
1719347629.5205038,0.0,36545.0
1719347629.7901454,0.0,36545.0
1719347630.059759,0.0,36545.0
1719347630.3282955,0.0,36545.0
1719347630.5952783,0.0,36545.0
1719347630.8635361,0.0,36545.0
1719347631.1305048,0.0,36545.0
1719347631.3970783,0.0,36545.0
1719347631.6652079,0.0,36545.0
1719347631.9307914,0.0,36545.0
1719347632.1990538,0.0,36545.0
1719347632.4682102,0.0,36545.0
1719347632.737111,0.0,36545.0
1719347633.0021348,0.0,36545.0
1719347633.2696683,0.0,36545.0
1719347633.5370965,0.0,36545.0
1719347633.8047462,0.0,36545.0
1719347634.062264,0.0,36545.0
1719347634.327486,0.0,36545.0
1719347634.59593,0.0,36545.0
1719347634.8638365,0.0,36545.0
1719347635.131713,0.0,36545.0
1719347635.3981004,0.0,36545.0
1719347635.6640246,0.0,36545.0
1719347635.9332256,0.0,36545.0
1719347636.2005942,0.0,36545.0
1719347636.4689302,0.0,36545.0
1719347636.737012,0.0,36545.0
1719347637.0045726,0.0,36545.0
1719347637.2759385,0.0,36545.0
1719347637.5436952,0.0,36545.0
1719347637.824176,0.0,36545.0
1719347638.0901,0.0,36545.0
1719347638.3595307,0.0,36545.0
1719347638.6266842,0.0,36545.0
1719347638.8960207,0.0,36545.0
1719347639.1636035,0.0,36545.0
1719347639.4335933,0.0,36545.0
1719347639.705597,0.0,36545.0
1719347639.9827952,0.0,36545.0
1719347640.2452726,0.0,36545.0
1719347640.5139723,0.0,36545.0
1719347640.7836258,0.0,36545.0
1719347641.0515165,0.0,36545.0
1719347641.3202753,0.0,36545.0
1719347641.5847404,0.0,36545.0
1719347641.8488636,0.0,36545.0
1719347642.117322,0.0,36545.0
1719347642.3864577,0.0,36545.0
1719347642.654954,0.0,36545.0
1719347642.9223237,0.0,36545.0
1719347643.1891522,0.0,36545.0
1719347643.4503663,0.0,36545.0
1719347643.7188022,0.0,36545.0
1719347643.985405,0.0,36545.0
1719347644.2566683,0.0,36545.0
1719347644.527155,0.0,36545.0
1719347644.7947626,0.0,36545.0
1719347645.0641785,0.0,36545.0
1719347645.3311992,0.0,36545.0
1719347645.5999532,0.0,36545.0
1719347645.8608062,0.0,36545.0
1719347646.1265476,0.0,36545.0
1719347646.3900719,0.0,36545.0
1719347646.6529734,0.0,36545.0
1719347646.9215472,0.0,36545.0
1719347647.189639,0.0,36545.0
1719347647.457624,0.0,36545.0
1719347647.7227597,0.0,36545.0
1719347647.9880562,0.0,36545.0
1719347648.255602,0.0,36545.0
1719347648.5216475,0.0,36545.0
1719347648.7873387,0.0,36545.0
1719347649.0738325,0.0,36545.0
1719347649.342669,0.0,36545.0
1719347649.678685,0.0,36545.0
1719347649.9452353,0.0,36545.0
1719347650.2121384,0.0,36545.0
1719347650.4951453,0.0,36545.0
1719347650.797952,0.0,36545.0
1719347651.0657353,0.0,36545.0
1719347651.335181,0.0,36545.0
1719347651.6206024,0.0,36545.0
1719347651.8882723,0.0,36545.0
1719347652.1545293,0.0,36545.0
1719347652.4190543,0.0,36545.0
1719347652.684827,0.0,36545.0
1719347652.9524612,0.0,36545.0
1719347653.2212634,0.0,36545.0
1719347653.4970171,0.0,36545.0
1719347653.7643383,0.0,36545.0
1719347654.0281193,0.0,36545.0
1719347654.296807,0.0,36545.0
1719347654.5645988,0.0,36545.0
1719347654.8323147,0.0,36545.0
1719347655.101314,0.0,36545.0
1719347655.3721519,0.0,36545.0
1719347655.6391788,0.0,36545.0
1719347655.9080474,0.0,36545.0
1719347656.1775472,0.0,36545.0
1719347656.4458134,0.0,36545.0
1719347656.7130384,0.0,36545.0
1719347656.9835908,0.0,36545.0
1719347657.2543452,0.0,36545.0
1719347657.5228896,0.0,36545.0
1719347657.8311138,0.0,36545.0
1719347658.0978663,0.0,36545.0
1719347658.3651264,0.0,36545.0
1719347658.6339366,0.0,36545.0
1719347658.8993363,0.0,36545.0
1719347659.170564,0.0,36545.0
1719347659.4383576,0.0,36545.0
1719347659.7050714,0.0,36545.0
1719347659.9734712,0.0,36545.0
1719347660.239515,0.0,36545.0
1719347660.5059705,0.0,36545.0
1719347660.7760458,0.0,36545.0
1719347661.0459778,0.0,36545.0
1719347661.3126292,0.0,36545.0
1719347661.5851924,0.0,36545.0
1719347661.851393,0.0,36545.0
1719347662.1187978,0.0,36545.0
1719347662.3862493,0.0,36545.0
1719347662.6568904,0.0,36545.0
1719347662.9270828,0.0,36545.0
1719347663.1953778,0.0,36545.0
1719347663.4589775,0.0,36545.0
1719347663.7223067,0.0,36545.0
1719347663.990516,0.0,36545.0
1719347664.275669,0.0,36545.0
1719347664.537857,0.0,36545.0
1719347664.802369,0.0,36545.0
1719347665.0745122,0.0,36545.0
1719347665.3417518,0.0,36545.0
1719347665.6150084,0.0,36545.0
1719347665.8913388,0.0,36545.0
1719347666.1568165,0.0,36545.0
1719347666.4238489,0.0,36545.0
1719347666.6915202,0.0,36545.0
1719347666.9583714,0.0,36545.0
1719347667.224783,0.0,36545.0
1719347667.492107,0.0,36545.0
1719347667.7594316,0.0,36545.0
1719347668.0258346,0.0,36545.0
1719347668.2938635,0.0,36545.0
1719347668.5592222,0.0,36545.0
1719347668.8264573,0.0,36545.0
1719347669.0909421,0.0,36545.0
1719347669.3576272,0.0,36545.0
1719347669.6252687,0.0,36545.0
1719347669.893969,0.0,36545.0
1719347670.155527,0.0,36545.0
1719347670.4233005,0.0,36545.0
1719347670.6935546,0.0,36545.0
1719347670.962639,0.0,36545.0
1719347671.2301235,0.0,36545.0
1719347671.4994478,0.0,36545.0
1719347671.7695997,0.0,36545.0
1719347672.038332,0.0,36545.0
1719347672.3131447,0.0,36545.0
1719347672.5807226,0.0,36545.0
1719347672.8452535,0.0,36545.0
1719347673.1103966,0.0,36545.0
1719347673.3774998,0.0,36545.0
1719347673.6440032,0.0,36545.0
1719347673.9142537,0.0,36545.0
1719347674.1816955,0.0,36545.0
1719347674.4497921,0.0,36545.0
1719347674.7194095,0.0,36545.0
1719347674.9858782,0.0,36545.0
1719347675.2547817,0.0,36545.0
1719347675.522781,0.0,36545.0
1719347675.7912142,0.0,36545.0
1719347676.0563784,0.0,36545.0
1719347676.3303795,0.0,36545.0
1719347676.5967338,0.0,36545.0
1719347676.863965,0.0,36545.0
1719347677.1333053,0.0,36545.0
1719347677.403262,0.0,36545.0
1719347677.6692808,0.0,36545.0
1719347677.9460378,0.0,36545.0
1719347678.213704,0.0,36545.0
1719347678.4809892,0.0,36545.0
1719347678.7456532,0.0,36545.0
1719347679.0121272,0.0,36545.0
1719347679.2809842,0.0,36545.0
1719347679.5489705,0.0,36545.0
1719347679.8174503,0.0,36545.0
1719347680.085367,0.0,36545.0
1719347680.3503816,0.0,36545.0
1719347680.618713,0.0,36545.0
1719347680.8847392,0.0,36545.0
1719347681.1537862,0.0,36545.0
1719347681.4220016,0.0,36545.0
1719347681.6868565,0.0,36545.0
1719347681.9565616,0.0,36545.0
1719347682.2257688,0.0,36545.0
1719347682.491888,0.0,36545.0
1719347682.7591257,0.0,36545.0
1719347683.024765,0.0,36545.0
1719347683.291345,0.0,36545.0
1719347683.5557537,0.0,36545.0
1719347683.8240187,0.0,36545.0
1719347684.106613,0.0,36545.0
1719347684.4316113,0.0,36545.0
1719347684.7089622,0.0,36545.0
1719347685.009327,0.0,36545.0
1719347685.277928,0.0,36545.0
1719347685.5457623,0.0,36545.0
1719347685.8390093,0.0,36545.0
1719347686.1071453,0.0,36545.0
1719347686.3753502,0.0,36545.0
1719347686.6448116,0.0,36545.0
1719347686.913699,0.0,36545.0
1719347687.1834185,0.0,36545.0
1719347687.4512057,0.0,36545.0
1719347687.71946,0.0,36545.0
1719347687.9888108,0.0,36545.0
1719347688.2570002,0.0,36545.0
1719347688.5253189,0.0,36545.0
1719347688.7947178,0.0,36545.0
1719347689.0620751,0.0,36545.0
1719347689.330527,0.0,36545.0
1719347689.5988412,0.0,36545.0
1719347689.8666773,0.0,36545.0
1719347690.1369402,0.0,36545.0
1719347690.4057648,0.0,36545.0
1719347690.6752808,0.0,36545.0
1719347690.9439244,0.0,36545.0
1719347691.214342,0.0,36545.0
1719347691.4844148,0.0,36545.0
1719347691.753352,0.0,36545.0
1719347692.0229092,0.0,36545.0
1719347692.2995243,0.0,36545.0
1719347692.569679,0.0,36545.0
1719347692.8365734,0.0,36545.0
1719347693.1025825,0.0,36545.0
1719347693.3726475,0.0,36545.0
1719347693.6437812,0.0,36545.0
1719347693.9138775,0.0,36545.0
1719347694.1802728,0.0,36545.0
1719347694.451736,0.0,36545.0
1719347694.718051,0.0,36545.0
1719347694.9784205,0.0,36545.0
1719347695.2460167,0.0,36545.0
1719347695.5157092,0.0,36545.0
1719347695.7874887,0.0,36545.0
1719347696.0548892,0.0,36545.0
1719347696.322198,0.0,36545.0
1719347696.5928118,0.0,36545.0
1719347696.8619413,0.0,36545.0
1719347697.121935,0.0,36545.0
1719347697.3910806,0.0,36545.0
1719347697.658387,0.0,36545.0
1719347697.9326794,0.0,36545.0
1719347698.1973722,0.0,36545.0
1719347698.4661553,0.0,36545.0
1719347698.7312481,0.0,36545.0
1719347699.0028355,0.0,36545.0
1719347699.2709064,0.0,36545.0
1719347699.5412288,0.0,36545.0
1719347699.8093965,0.0,36545.0
1719347700.0759783,0.0,36545.0
1719347700.3439665,0.0,36545.0
1719347700.613569,0.0,36545.0
1719347700.879091,0.0,36545.0
1719347701.1430693,0.0,36545.0
1719347701.4127145,0.0,36545.0
1719347701.6798968,0.0,36545.0
1719347701.948457,0.0,36545.0
1719347702.2206335,0.0,36545.0
1719347702.4884882,0.0,36545.0
1719347702.7544234,0.0,36545.0
1719347703.0209022,0.0,36545.0
1719347703.2894619,0.0,36545.0
1719347703.5566332,0.0,36545.0
1719347703.8242586,0.0,36545.0
1719347704.0920222,0.0,36545.0
1719347704.3663151,0.0,36545.0
1719347704.6321423,0.0,36545.0
1719347704.896767,0.0,36545.0
1719347705.1664813,0.0,36545.0
1719347705.4345863,0.0,36545.0
1719347705.6964653,0.0,36545.0
1719347705.9629164,0.0,36545.0
1719347706.2320778,0.0,36545.0
1719347706.5011933,0.0,36545.0
1719347706.7714987,0.0,36545.0
1719347707.0427017,0.0,36545.0
1719347707.3111885,0.0,36545.0
1719347707.5813878,0.0,36545.0
1719347707.8511047,0.0,36545.0
1719347708.1197846,0.0,36545.0
1719347708.3870661,0.0,36545.0
1719347708.6551583,0.0,36545.0
1719347708.9252348,0.0,36545.0
1719347709.195141,0.0,36545.0
1719347709.4639378,0.0,36545.0
1719347709.730998,0.0,36545.0
1719347710.0034328,0.0,36545.0
1719347710.2721345,0.0,36545.0
1719347710.543567,0.0,36545.0
1719347710.8113883,0.0,36545.0
1719347711.0793302,0.0,36545.0
1719347711.3481293,0.0,36545.0
1719347711.6188328,0.0,36545.0
1719347711.882227,0.0,36545.0
1719347712.153596,0.0,36545.0
1719347712.423223,0.0,36545.0
1719347712.693627,0.0,36545.0
1719347712.9634895,0.0,36545.0
1719347713.2350135,0.0,36545.0
1719347713.5062826,0.0,36545.0
1719347713.773615,0.0,36545.0
1719347714.0403616,0.0,36545.0
1719347714.3072207,0.0,36545.0
1719347714.5760374,0.0,36545.0
1719347714.846507,0.0,36545.0
1719347715.1155071,0.0,36545.0
1719347715.3837245,0.0,36545.0
1719347715.6597996,0.0,36545.0
1719347715.931169,0.0,36545.0
1719347716.2020705,0.0,36545.0
1719347716.469483,0.0,36545.0
1719347716.7377799,0.0,36545.0
1719347717.0101035,0.0,36545.0
1719347717.2908168,0.0,36545.0
1719347717.5574307,0.0,36545.0
1719347717.893866,0.0,36545.0
1719347718.1649618,0.0,36545.0
1719347718.4343154,0.0,36545.0
1719347718.734084,0.0,36545.0
1719347719.0288064,0.0,36545.0
1719347719.2905953,0.0,36545.0
1719347719.5591326,0.0,36545.0
1719347719.8274226,0.0,36545.0
1719347720.097773,0.0,36545.0
1719347720.3622427,0.0,36545.0
1719347720.6272457,0.0,36545.0
1719347720.897253,0.0,36545.0
1719347721.16474,0.0,36545.0
1719347721.4323492,0.0,36545.0
1719347721.7030098,0.0,36545.0
1719347721.97221,0.0,36545.0
1719347722.2440758,0.0,36545.0
1719347722.5142632,0.0,36545.0
1719347722.7824864,0.0,36545.0
1719347723.051324,0.0,36545.0
1719347723.319405,0.0,36545.0
1719347723.587551,0.0,36545.0
1719347723.8545175,0.0,36545.0
1719347724.1195142,0.0,36545.0
1719347724.3893034,0.0,36545.0
1719347724.6574192,0.0,36545.0
1719347724.9233558,0.0,36545.0
1719347725.189576,0.0,36545.0
1719347725.4569554,0.0,36545.0
1719347725.725677,0.0,36545.0
1719347725.9950173,0.0,36545.0
1719347726.262782,0.0,36545.0
1719347726.5312474,0.0,36545.0
1719347726.7988732,0.0,36545.0
1719347727.0686002,0.0,36545.0
1719347727.3370943,0.0,36545.0
1719347727.609694,0.0,36545.0
1719347727.8748007,0.0,36545.0
1719347728.1419232,0.0,36545.0
1719347728.4109647,0.0,36545.0
1719347728.6760085,0.0,36545.0
1719347728.940041,0.0,36545.0
1719347729.2070832,0.0,36545.0
1719347729.474932,0.0,36545.0
1719347729.7457986,0.0,36545.0
1719347730.0141098,0.0,36545.0
1719347730.282538,0.0,36545.0
1719347730.5466812,0.0,36545.0
1719347730.81351,0.0,36545.0
1719347731.082078,0.0,36545.0
1719347731.349588,0.0,36545.0
1719347731.6186101,0.0,36545.0
1719347731.8869114,0.0,36545.0
1719347732.1564739,0.0,36545.0
1719347732.4251664,0.0,36545.0
1719347732.6938083,0.0,36545.0
1719347732.9618096,0.0,36545.0
1719347733.2258658,0.0,36545.0
1719347733.4941013,0.0,36545.0
1719347733.76375,0.0,36545.0
1719347734.0332406,0.0,36545.0
1719347734.303872,0.0,36545.0
1719347734.5713584,0.0,36545.0
1719347734.8422787,0.0,36545.0
1719347735.1110232,0.0,36545.0
1719347735.3776174,0.0,36545.0
1719347735.6435614,0.0,36545.0
1719347735.9082396,0.0,36545.0
1719347736.1749434,0.0,36545.0
1719347736.443016,0.0,36545.0
1719347736.7100134,0.0,36545.0
1719347736.9777846,0.0,36545.0
1719347737.246297,0.0,36545.0
1719347737.5143988,0.0,36545.0
1719347737.780663,0.0,36545.0
1719347738.0480433,0.0,36545.0
1719347738.3179157,0.0,36545.0
1719347738.5852542,0.0,36545.0
1719347738.858501,0.0,36545.0
1719347739.122455,0.0,36545.0
1719347739.391232,0.0,36545.0
1719347739.656405,0.0,36545.0
1719347739.9221559,0.0,36545.0
1719347740.1856675,0.0,36545.0
1719347740.4548507,0.0,36545.0
1719347740.726791,0.0,36545.0
1719347740.994443,0.0,36545.0
1719347741.2624295,0.0,36545.0
1719347741.5304615,0.0,36545.0
1719347741.7940583,0.0,36545.0
1719347742.0614007,0.0,36545.0
1719347742.330565,0.0,36545.0
1719347742.5960612,0.0,36545.0
1719347742.8668964,0.0,36545.0
1719347743.1366448,0.0,36545.0
1719347743.404809,0.0,36545.0
1719347743.6733136,0.0,36545.0
1719347743.9420693,0.0,36545.0
1719347744.2097826,0.0,36545.0
1719347744.4784966,0.0,36545.0
1719347744.7473767,0.0,36545.0
1719347745.013734,0.0,36545.0
1719347745.2831764,0.0,36545.0
1719347745.5531225,0.0,36545.0
1719347745.8241987,0.0,36545.0
1719347746.094432,0.0,36545.0
1719347746.362944,0.0,36545.0
1719347746.6322827,0.0,36545.0
1719347746.902976,0.0,36545.0
1719347747.1705558,0.0,36545.0
1719347747.4362803,0.0,36545.0
1719347747.7032058,0.0,36545.0
1719347747.971783,0.0,36545.0
1719347748.235243,0.0,36545.0
1719347748.506494,0.0,36545.0
1719347748.7758374,0.0,36545.0
1719347749.0455403,0.0,36545.0
1719347749.3144016,0.0,36545.0
1719347749.5791907,0.0,36545.0
1719347749.8464868,0.0,36545.0
1719347750.1114132,0.0,36545.0
1719347750.3790998,0.0,36545.0
1719347750.646841,0.0,36545.0
1719347750.9129412,0.0,36545.0
1719347751.1827483,0.0,36545.0
1719347751.489218,0.0,36545.0
1719347751.7706058,0.0,36545.0
1719347752.0707319,0.0,36545.0
1719347752.3673954,0.0,36545.0
1719347752.6499963,0.0,36545.0
1719347752.9202075,0.0,36545.0
1719347753.189927,0.0,36545.0
