timestamp,gpu_util,gpu_mem
1719346027.2642932,0.0,4.0
1719346027.4050455,0.0,4.0
1719346027.543286,0.0,4.0
1719346027.7143342,0.0,21.0
1719346027.8628757,0.0,617.0
1719346028.0037625,0.0,633.0
1719346028.1374602,7.0,633.0
1719346028.276744,0.0,633.0
1719346028.4167516,0.0,633.0
1719346028.567478,0.0,633.0
1719346028.7047756,0.0,633.0
1719346028.843345,0.0,633.0
1719346028.9767485,0.0,633.0
1719346029.1108189,0.0,633.0
1719346029.2430546,0.0,633.0
1719346029.3773167,0.0,633.0
1719346029.510283,0.0,633.0
1719346029.642919,0.0,633.0
1719346029.7747498,0.0,633.0
1719346029.910025,0.0,633.0
1719346030.0460415,0.0,633.0
1719346030.1821532,0.0,633.0
1719346030.31515,0.0,633.0
1719346030.4479191,0.0,633.0
1719346030.586811,0.0,633.0
1719346030.7187538,0.0,633.0
1719346030.856177,0.0,633.0
1719346030.9929247,0.0,633.0
1719346031.1291883,0.0,633.0
1719346031.2645726,0.0,633.0
1719346031.399762,0.0,633.0
1719346031.534038,0.0,633.0
1719346031.6686392,0.0,633.0
1719346031.8061564,0.0,633.0
1719346031.940932,0.0,633.0
1719346032.0749068,0.0,633.0
1719346032.2092698,0.0,633.0
1719346032.3434389,0.0,633.0
1719346032.4764457,0.0,633.0
1719346032.6108696,0.0,633.0
1719346032.7433143,0.0,633.0
1719346032.8760712,0.0,633.0
1719346033.0087416,0.0,633.0
1719346033.1431482,0.0,633.0
1719346033.2766323,0.0,633.0
1719346033.4105482,0.0,633.0
1719346033.544738,0.0,633.0
1719346033.6780267,0.0,633.0
1719346033.8131762,0.0,633.0
1719346033.9457533,0.0,633.0
1719346034.0794652,0.0,633.0
1719346034.2123399,0.0,633.0
1719346034.3485308,0.0,633.0
1719346034.482787,0.0,633.0
1719346034.6165226,0.0,633.0
1719346034.7492473,0.0,633.0
1719346034.8830943,0.0,633.0
1719346035.015504,0.0,633.0
1719346035.1493864,0.0,633.0
1719346035.2833495,0.0,633.0
1719346035.4170542,0.0,633.0
1719346035.549704,0.0,633.0
1719346035.6837447,0.0,633.0
1719346035.8190708,0.0,633.0
1719346035.9520526,0.0,633.0
1719346036.0843234,0.0,633.0
1719346036.216175,0.0,633.0
1719346036.350084,0.0,633.0
1719346036.4833746,0.0,633.0
1719346036.6175451,0.0,633.0
1719346036.7496712,0.0,633.0
1719346036.8839757,0.0,633.0
1719346037.0164137,0.0,633.0
1719346037.1498778,0.0,633.0
1719346037.2824209,0.0,633.0
1719346037.4163208,0.0,633.0
1719346037.5489664,0.0,633.0
1719346037.681179,0.0,633.0
1719346037.8146212,0.0,633.0
1719346037.949299,0.0,633.0
1719346038.0822883,0.0,633.0
1719346038.2157485,0.0,633.0
1719346038.3485937,0.0,633.0
1719346038.4828713,0.0,633.0
1719346038.6157033,0.0,633.0
1719346038.7497098,0.0,633.0
1719346038.8841279,0.0,633.0
1719346039.0173192,0.0,633.0
1719346039.1500652,0.0,633.0
1719346039.284273,0.0,633.0
1719346039.4168925,0.0,633.0
1719346039.5505946,0.0,633.0
1719346039.683661,0.0,633.0
1719346039.8191118,0.0,633.0
1719346039.9525092,0.0,633.0
1719346040.0866365,0.0,633.0
1719346040.2194116,0.0,633.0
1719346040.3536036,0.0,633.0
1719346040.4861445,0.0,633.0
1719346040.6198418,0.0,633.0
1719346040.7528136,0.0,633.0
1719346040.8866217,0.0,633.0
1719346041.018751,0.0,633.0
1719346041.1521754,0.0,633.0
1719346041.284856,0.0,633.0
1719346041.4194238,0.0,633.0
1719346041.5519013,0.0,633.0
1719346041.685299,0.0,633.0
1719346041.8193903,0.0,633.0
1719346041.9537218,0.0,633.0
1719346042.0872827,0.0,633.0
1719346042.2204134,0.0,633.0
1719346042.3551316,0.0,633.0
1719346042.4882994,0.0,633.0
1719346042.6220481,0.0,633.0
1719346042.7545695,0.0,633.0
1719346042.8893955,0.0,633.0
1719346043.0217838,0.0,633.0
1719346043.1560643,0.0,633.0
1719346043.2886474,0.0,633.0
1719346043.422784,0.0,633.0
1719346043.5552652,0.0,633.0
1719346043.6899023,0.0,633.0
1719346043.8234265,0.0,633.0
1719346043.956045,0.0,633.0
1719346044.0887878,0.0,633.0
1719346044.2226863,0.0,633.0
1719346044.3555443,0.0,633.0
1719346044.4889758,0.0,633.0
1719346044.621768,0.0,633.0
1719346044.7559834,0.0,633.0
1719346044.8912308,0.0,633.0
1719346045.024323,0.0,633.0
1719346045.1581957,0.0,633.0
1719346045.2915175,0.0,633.0
1719346045.4263432,0.0,633.0
1719346045.559181,0.0,633.0
1719346045.6932664,0.0,633.0
1719346045.8271525,0.0,633.0
1719346045.9634178,0.0,633.0
1719346046.1003335,0.0,633.0
1719346046.2331586,0.0,633.0
1719346046.3666172,0.0,633.0
1719346046.499962,0.0,633.0
1719346046.634026,0.0,633.0
1719346046.769648,0.0,633.0
1719346046.9044087,0.0,633.0
1719346047.0376801,0.0,633.0
1719346047.1720371,0.0,633.0
1719346047.3048785,0.0,633.0
1719346047.4419513,0.0,633.0
1719346047.5761898,0.0,633.0
1719346047.7094538,0.0,633.0
1719346047.8459768,0.0,633.0
1719346047.9787898,0.0,633.0
1719346048.1127057,0.0,633.0
1719346048.2463875,0.0,633.0
1719346048.3800333,0.0,633.0
1719346048.5159898,0.0,633.0
1719346048.6489303,0.0,633.0
1719346048.7827733,0.0,633.0
1719346048.9171855,0.0,633.0
1719346049.0514343,0.0,633.0
1719346049.184286,0.0,633.0
1719346049.3181732,0.0,633.0
1719346049.4508789,0.0,633.0
1719346049.5843582,0.0,633.0
1719346049.7168586,0.0,633.0
1719346049.8518493,0.0,633.0
1719346049.9845357,0.0,633.0
1719346050.1191225,0.0,633.0
1719346050.2519865,0.0,633.0
1719346050.3855448,0.0,633.0
1719346050.518688,0.0,633.0
1719346050.6528866,0.0,633.0
1719346050.7850547,0.0,633.0
1719346050.9191446,0.0,633.0
1719346051.0512676,0.0,633.0
1719346051.1846786,0.0,633.0
1719346051.3170002,0.0,633.0
1719346051.45048,0.0,633.0
1719346051.5828562,0.0,633.0
1719346051.7162735,0.0,633.0
1719346051.8498638,0.0,633.0
1719346051.9860265,0.0,633.0
1719346052.118877,0.0,633.0
1719346052.2525616,0.0,633.0
1719346052.384807,0.0,633.0
1719346052.5180252,0.0,633.0
1719346052.6517603,0.0,633.0
1719346052.7857192,0.0,633.0
1719346052.934066,0.0,633.0
1719346053.0873055,0.0,633.0
1719346053.234197,0.0,633.0
1719346053.392213,0.0,633.0
1719346053.569452,0.0,633.0
1719346053.7126596,0.0,633.0
1719346053.8848708,0.0,633.0
1719346054.053355,0.0,633.0
1719346054.1956582,0.0,633.0
1719346054.3390143,0.0,633.0
1719346054.508305,0.0,633.0
1719346054.656958,0.0,633.0
1719346054.8079858,0.0,633.0
1719346054.9565494,0.0,633.0
1719346055.1497924,0.0,633.0
1719346055.3425343,0.0,633.0
1719346055.5370116,0.0,633.0
1719346055.7250876,0.0,633.0
1719346055.9171202,0.0,633.0
1719346056.097826,0.0,633.0
1719346056.240124,0.0,633.0
1719346056.395619,0.0,633.0
1719346056.545922,0.0,633.0
1719346056.6794853,0.0,633.0
1719346056.8152542,0.0,633.0
1719346056.948982,0.0,633.0
1719346057.0833976,0.0,633.0
1719346057.217612,0.0,633.0
1719346057.3522687,0.0,633.0
1719346057.4862573,0.0,633.0
1719346057.622179,0.0,633.0
1719346057.781782,0.0,633.0
1719346057.9484992,0.0,633.0
1719346058.1258817,0.0,633.0
1719346058.2855449,0.0,633.0
1719346058.4400432,0.0,633.0
1719346058.618441,0.0,633.0
1719346058.772935,0.0,633.0
1719346058.9224973,0.0,633.0
1719346059.074686,0.0,633.0
1719346059.2489107,0.0,633.0
1719346059.4214272,0.0,633.0
1719346059.578037,0.0,633.0
1719346059.7229145,0.0,633.0
1719346059.9098175,0.0,633.0
1719346060.1006987,0.0,633.0
1719346060.2641373,0.0,633.0
1719346060.4619002,0.0,633.0
1719346060.6530488,0.0,633.0
1719346060.813029,0.0,633.0
1719346060.9652371,0.0,633.0
1719346061.1184535,0.0,633.0
1719346061.272206,0.0,633.0
1719346061.4059086,0.0,633.0
1719346061.5387714,0.0,633.0
1719346061.6727946,0.0,633.0
1719346061.8083835,0.0,633.0
1719346061.942824,0.0,633.0
1719346062.0774171,0.0,633.0
1719346062.2107854,0.0,633.0
1719346062.3454916,0.0,633.0
1719346062.5001297,0.0,633.0
1719346062.6568594,0.0,633.0
1719346062.8143578,0.0,633.0
1719346062.9936483,0.0,633.0
1719346063.1459053,0.0,633.0
1719346063.3147595,0.0,633.0
1719346063.4576678,0.0,633.0
1719346063.5961373,0.0,633.0
1719346063.737665,0.0,633.0
1719346063.8831658,0.0,633.0
1719346064.0404632,0.0,633.0
1719346064.1945214,0.0,633.0
1719346064.339991,0.0,633.0
1719346064.4966211,0.0,633.0
1719346064.6813886,0.0,633.0
1719346064.86833,0.0,633.0
1719346065.067726,0.0,633.0
1719346065.217198,0.0,633.0
1719346065.4235556,0.0,633.0
1719346065.5779102,0.0,633.0
1719346065.7453952,0.0,633.0
1719346065.8881814,0.0,633.0
1719346066.0245519,0.0,633.0
1719346066.1584196,0.0,633.0
1719346066.2922716,0.0,633.0
1719346066.4246113,0.0,633.0
1719346066.5570374,0.0,633.0
1719346066.690453,0.0,633.0
1719346066.8262334,0.0,633.0
1719346066.9593842,0.0,633.0
1719346067.111418,0.0,633.0
1719346067.264691,0.0,633.0
1719346067.411432,0.0,633.0
1719346067.574492,0.0,633.0
1719346067.7236433,0.0,633.0
1719346067.8827856,0.0,633.0
1719346068.0405588,0.0,633.0
1719346068.1967807,0.0,633.0
1719346068.3367484,0.0,633.0
1719346068.487593,0.0,633.0
1719346068.6533122,0.0,633.0
1719346068.8100574,0.0,633.0
1719346068.9532025,0.0,633.0
1719346069.0966463,0.0,633.0
1719346069.303796,0.0,633.0
1719346069.505928,0.0,633.0
1719346069.7109215,0.0,633.0
1719346069.8843353,0.0,633.0
1719346070.0877607,0.0,633.0
1719346070.2574842,0.0,633.0
1719346070.4037647,0.0,633.0
1719346070.5671685,0.0,633.0
1719346070.7119534,0.0,633.0
1719346070.848936,0.0,633.0
1719346070.982299,0.0,633.0
1719346071.117461,0.0,633.0
1719346071.2502897,0.0,633.0
1719346071.3848493,0.0,633.0
1719346071.5178633,0.0,633.0
1719346071.6518185,0.0,633.0
1719346071.7887895,0.0,633.0
1719346071.9346983,0.0,633.0
1719346072.091859,0.0,633.0
1719346072.2488937,0.0,633.0
1719346072.4178467,0.0,633.0
1719346072.571538,0.0,633.0
1719346072.741378,0.0,633.0
1719346072.8986847,0.0,633.0
1719346073.0439663,0.0,633.0
1719346073.2121835,0.0,633.0
1719346073.387769,0.0,633.0
1719346073.5360324,0.0,633.0
1719346073.685313,0.0,633.0
1719346073.830263,0.0,633.0
1719346074.0191286,0.0,633.0
1719346074.2207968,0.0,633.0
1719346074.3659618,0.0,633.0
1719346074.5572298,0.0,633.0
1719346074.7616334,0.0,633.0
1719346074.9179332,0.0,633.0
1719346075.0724556,0.0,633.0
1719346075.2245414,0.0,633.0
1719346075.3830261,0.0,633.0
1719346075.5186877,0.0,633.0
1719346075.6516874,0.0,633.0
1719346075.7863898,0.0,633.0
1719346075.9256058,0.0,633.0
1719346076.0598545,0.0,633.0
1719346076.1934397,0.0,633.0
1719346076.3268464,0.0,633.0
1719346076.4620116,0.0,633.0
1719346076.6053953,0.0,633.0
1719346076.7572603,0.0,633.0
1719346076.910062,0.0,633.0
1719346077.0696504,0.0,633.0
1719346077.2177792,0.0,633.0
1719346077.4084253,0.0,633.0
1719346077.560448,0.0,633.0
1719346077.7043846,0.0,633.0
1719346077.8667877,0.0,633.0
1719346078.0164263,0.0,633.0
1719346078.1864746,0.0,633.0
1719346078.346186,0.0,633.0
1719346078.507155,0.0,633.0
1719346078.7107544,0.0,633.0
1719346078.913364,0.0,633.0
1719346079.118781,0.0,633.0
1719346079.3064263,0.0,633.0
1719346079.508005,0.0,633.0
1719346079.670241,0.0,633.0
1719346079.8159683,0.0,633.0
1719346079.9713528,0.0,633.0
1719346080.1252623,0.0,633.0
1719346080.2615628,0.0,633.0
1719346080.395359,0.0,633.0
1719346080.5305622,0.0,633.0
1719346080.6648386,0.0,633.0
1719346080.7990372,0.0,633.0
1719346080.9348955,0.0,633.0
1719346081.068106,0.0,633.0
1719346081.2031536,0.0,633.0
1719346081.359246,0.0,633.0
1719346081.5116274,0.0,633.0
1719346081.6642568,0.0,633.0
1719346081.8258338,0.0,633.0
1719346081.994811,0.0,633.0
1719346082.18441,0.0,633.0
1719346082.3299038,0.0,633.0
1719346082.490055,0.0,633.0
1719346082.6546192,0.0,633.0
1719346082.7964988,0.0,633.0
1719346082.9438348,0.0,633.0
1719346083.1111834,0.0,633.0
1719346083.2568462,0.0,633.0
1719346083.415424,0.0,633.0
1719346083.6019,0.0,633.0
1719346083.7804585,0.0,633.0
1719346083.97688,0.0,633.0
1719346084.129409,0.0,633.0
1719346084.336007,0.0,633.0
1719346084.4876442,0.0,633.0
1719346084.6602995,0.0,633.0
1719346084.8212743,0.0,633.0
1719346084.9594023,0.0,633.0
1719346085.0945404,0.0,633.0
1719346085.2296154,0.0,633.0
1719346085.3625503,0.0,633.0
1719346085.4975274,0.0,633.0
1719346085.6319013,0.0,633.0
1719346085.7653484,0.0,633.0
1719346085.8990116,0.0,633.0
1719346086.0344446,0.0,633.0
1719346086.1984358,0.0,633.0
1719346086.3664484,0.0,633.0
1719346086.5264778,0.0,633.0
1719346086.6751132,0.0,633.0
1719346086.854525,0.0,633.0
1719346086.9936724,0.0,633.0
1719346087.1615272,0.0,633.0
1719346087.301691,0.0,633.0
1719346087.4614666,0.0,633.0
1719346087.630645,0.0,633.0
1719346087.7960165,0.0,633.0
1719346087.9529338,0.0,633.0
1719346088.1000497,0.0,633.0
1719346088.3060322,0.0,633.0
1719346088.5112898,0.0,633.0
1719346088.7316566,0.0,633.0
1719346088.9080946,0.0,633.0
1719346089.103103,0.0,633.0
1719346089.2694287,0.0,633.0
1719346089.4258637,0.0,633.0
1719346089.587564,0.0,633.0
1719346089.7275434,0.0,633.0
1719346089.8648791,0.0,633.0
1719346090.0030336,0.0,633.0
1719346090.135027,0.0,633.0
1719346090.2709496,0.0,633.0
1719346090.4084525,0.0,633.0
1719346090.5450099,0.0,633.0
1719346090.681698,0.0,633.0
1719346090.8241014,0.0,633.0
1719346091.0017238,0.0,633.0
1719346091.164416,0.0,633.0
1719346091.3351874,0.0,633.0
1719346091.4983823,0.0,633.0
1719346091.662777,0.0,633.0
1719346091.8103743,0.0,633.0
1719346091.9641662,0.0,633.0
1719346092.1029923,0.0,633.0
1719346092.263665,0.0,633.0
1719346092.4198139,0.0,633.0
1719346092.5858612,0.0,633.0
1719346092.7356424,0.0,633.0
1719346092.8786483,0.0,633.0
1719346093.080614,0.0,633.0
1719346093.282045,0.0,633.0
1719346093.4825544,0.0,633.0
1719346093.677955,0.0,633.0
1719346093.8644297,0.0,633.0
1719346094.0445788,0.0,633.0
1719346094.1911585,0.0,633.0
1719346094.3432822,0.0,633.0
1719346094.4925463,0.0,633.0
1719346094.6288655,0.0,633.0
1719346094.7631097,0.0,633.0
1719346094.8971732,0.0,633.0
1719346095.0299704,0.0,633.0
1719346095.1657417,0.0,633.0
1719346095.301733,0.0,633.0
1719346095.4359322,0.0,633.0
1719346095.5713458,0.0,633.0
1719346095.7060614,0.0,633.0
1719346095.8580446,0.0,633.0
1719346096.00652,0.0,633.0
1719346096.1524332,0.0,633.0
1719346096.3166466,0.0,633.0
1719346096.4819512,0.0,633.0
1719346096.64656,0.0,633.0
1719346096.787911,0.0,633.0
1719346096.9466863,0.0,633.0
1719346097.088398,0.0,633.0
1719346097.2321827,0.0,633.0
1719346097.3861663,0.0,633.0
1719346097.583291,0.0,633.0
1719346097.7888024,0.0,633.0
1719346097.9458618,0.0,633.0
1719346098.1402724,0.0,633.0
1719346098.3090641,0.0,633.0
1719346098.4736536,0.0,633.0
1719346098.6630266,0.0,633.0
1719346098.8193507,0.0,633.0
1719346098.9706395,0.0,633.0
1719346099.1296167,0.0,633.0
1719346099.2866938,0.0,633.0
1719346099.4222991,0.0,633.0
1719346099.5574915,0.0,633.0
1719346099.69142,0.0,633.0
1719346099.8261604,0.0,633.0
1719346099.9592044,0.0,633.0
1719346100.0943067,0.0,633.0
1719346100.2276976,0.0,633.0
1719346100.3618941,0.0,633.0
1719346100.5052931,0.0,633.0
1719346100.6681387,0.0,633.0
1719346100.8164463,0.0,633.0
1719346100.98063,0.0,633.0
1719346101.143848,0.0,633.0
1719346101.302739,0.0,633.0
1719346101.4597893,0.0,633.0
1719346101.6255143,0.0,633.0
1719346101.7761066,0.0,633.0
1719346101.9253018,0.0,633.0
1719346102.0803366,0.0,633.0
1719346102.230825,0.0,633.0
1719346102.37998,0.0,633.0
1719346102.5247803,0.0,633.0
1719346102.7093403,0.0,633.0
1719346102.8982697,0.0,633.0
1719346103.0933352,0.0,633.0
1719346103.2814167,0.0,633.0
1719346103.4938858,0.0,633.0
1719346103.6738958,0.0,633.0
1719346103.8211007,0.0,633.0
1719346103.9772356,0.0,633.0
1719346104.1297026,0.0,633.0
1719346104.2638404,0.0,633.0
1719346104.39821,0.0,633.0
1719346104.5311506,0.0,633.0
1719346104.6651056,0.0,633.0
1719346104.7987394,0.0,633.0
1719346104.93128,0.0,633.0
1719346105.0644898,0.0,633.0
1719346105.1999016,0.0,633.0
1719346105.3509178,0.0,633.0
1719346105.5322914,0.0,633.0
1719346105.6874156,0.0,633.0
1719346105.8577495,0.0,633.0
1719346106.019372,0.0,633.0
1719346106.1690853,0.0,633.0
1719346106.3223243,0.0,633.0
1719346106.4826782,0.0,633.0
1719346106.6456683,0.0,633.0
1719346106.79097,0.0,633.0
1719346106.951533,0.0,633.0
1719346107.1142766,0.0,633.0
1719346107.2599692,0.0,633.0
1719346107.4180331,0.0,633.0
1719346107.6223376,0.0,633.0
1719346107.7751937,0.0,633.0
1719346107.9638562,0.0,633.0
1719346108.1175077,0.0,633.0
1719346108.31827,0.0,633.0
1719346108.48928,0.0,633.0
1719346108.655578,0.0,633.0
1719346108.8127458,0.0,633.0
1719346108.9504719,0.0,633.0
1719346109.0849261,0.0,633.0
1719346109.2198238,0.0,633.0
1719346109.3527536,0.0,633.0
1719346109.487283,0.0,633.0
1719346109.6217518,0.0,633.0
1719346109.7561116,0.0,633.0
1719346109.8909786,0.0,633.0
1719346110.0406332,0.0,633.0
1719346110.222319,0.0,633.0
1719346110.371799,0.0,633.0
1719346110.5306492,0.0,633.0
1719346110.6836557,0.0,633.0
1719346110.8675296,0.0,633.0
1719346111.010898,0.0,633.0
1719346111.1646705,0.0,633.0
1719346111.3056197,0.0,633.0
1719346111.4617114,0.0,633.0
1719346111.61779,0.0,633.0
1719346111.7637537,0.0,633.0
1719346111.911235,0.0,633.0
1719346112.051916,0.0,633.0
1719346112.2597995,0.0,633.0
1719346112.4639611,0.0,633.0
1719346112.649704,0.0,633.0
1719346112.8398602,0.0,633.0
1719346113.0300522,0.0,633.0
1719346113.2002728,0.0,633.0
1719346113.3474765,0.0,633.0
1719346113.5077996,0.0,633.0
1719346113.6522846,0.0,633.0
1719346113.7937512,0.0,633.0
1719346113.9291403,0.0,633.0
1719346114.0627801,0.0,633.0
1719346114.1975727,0.0,633.0
1719346114.3318257,0.0,633.0
1719346114.4663327,0.0,633.0
1719346114.6005757,0.0,633.0
1719346114.7329168,0.0,633.0
1719346114.8949456,0.0,633.0
1719346115.0622556,0.0,633.0
1719346115.222567,0.0,633.0
1719346115.3859901,0.0,633.0
1719346115.538382,0.0,633.0
1719346115.7102187,0.0,633.0
1719346115.8582904,0.0,633.0
1719346116.0269103,0.0,633.0
1719346116.1635878,0.0,633.0
1719346116.3111422,0.0,633.0
1719346116.4567752,0.0,633.0
1719346116.6147633,0.0,633.0
1719346116.7753196,0.0,633.0
1719346116.9145863,0.0,633.0
1719346117.117902,0.0,633.0
1719346117.3224466,0.0,633.0
1719346117.5437162,0.0,633.0
1719346117.712978,0.0,633.0
1719346117.910023,0.0,633.0
1719346118.0652719,0.0,633.0
1719346118.2151515,0.0,633.0
1719346118.3780446,0.0,633.0
1719346118.5190659,0.0,633.0
1719346118.6541517,0.0,633.0
1719346118.787793,0.0,633.0
1719346118.9261706,0.0,633.0
1719346119.0589738,0.0,633.0
1719346119.1941025,0.0,633.0
1719346119.331184,0.0,633.0
1719346119.4647563,0.0,633.0
1719346119.5992525,0.0,633.0
1719346119.7544374,0.0,633.0
1719346119.9084933,0.0,633.0
1719346120.0622985,0.0,633.0
1719346120.2177117,0.0,633.0
1719346120.3662555,0.0,633.0
1719346120.5354805,0.0,633.0
1719346120.6882966,0.0,633.0
1719346120.8415918,0.0,633.0
1719346120.991904,0.0,633.0
1719346121.173405,0.0,633.0
1719346121.3154156,0.0,633.0
1719346121.482875,0.0,633.0
1719346121.636974,0.0,633.0
1719346121.8269331,0.0,633.0
1719346122.0277135,0.0,633.0
1719346122.21246,0.0,633.0
1719346122.40446,0.0,633.0
1719346122.5933673,0.0,633.0
1719346122.7620454,0.0,633.0
1719346122.9360607,0.0,633.0
1719346123.085368,0.0,633.0
1719346123.2268887,0.0,633.0
1719346123.3630219,0.0,633.0
1719346123.4968455,0.0,633.0
1719346123.6309223,0.0,633.0
1719346123.7639217,0.0,633.0
1719346123.8992143,0.0,633.0
1719346124.0378873,0.0,633.0
1719346124.1709332,0.0,633.0
1719346124.31804,0.0,633.0
1719346124.4958978,0.0,633.0
1719346124.659179,0.0,633.0
1719346124.8078852,0.0,633.0
1719346124.9834957,0.0,633.0
1719346125.1413417,0.0,633.0
1719346125.298975,0.0,633.0
1719346125.4622715,0.0,633.0
1719346125.6257539,0.0,633.0
1719346125.7914088,0.0,633.0
1719346125.9518123,0.0,633.0
1719346126.1063755,0.0,633.0
1719346126.2593043,0.0,633.0
1719346126.420034,0.0,633.0
1719346126.6246796,0.0,633.0
1719346126.8514209,0.0,633.0
1719346127.041587,0.0,633.0
1719346127.2209415,0.0,633.0
1719346127.41292,0.0,633.0
1719346127.5832632,0.0,633.0
1719346127.7551076,0.0,633.0
1719346127.9143353,0.0,633.0
1719346128.053246,0.0,633.0
1719346128.1871886,0.0,633.0
1719346128.3223078,0.0,633.0
1719346128.4552794,0.0,633.0
1719346128.5892763,0.0,633.0
1719346128.723532,0.0,633.0
1719346128.8578703,0.0,633.0
1719346128.9908686,0.0,633.0
1719346129.1248472,0.0,633.0
1719346129.2855783,0.0,633.0
1719346129.4416404,0.0,633.0
1719346129.5951746,0.0,633.0
1719346129.754828,0.0,633.0
1719346129.910999,0.0,633.0
1719346130.0798457,0.0,633.0
1719346130.230904,0.0,633.0
1719346130.3754892,0.0,633.0
1719346130.5363019,0.0,633.0
1719346130.6861844,0.0,633.0
1719346130.8485851,0.0,633.0
1719346131.0055637,0.0,633.0
1719346131.1525195,0.0,633.0
1719346131.3454416,0.0,633.0
1719346131.5384855,0.0,633.0
1719346131.6931264,0.0,633.0
1719346131.9054918,0.0,633.0
1719346132.0860217,0.0,633.0
1719346132.2461872,0.0,633.0
1719346132.3859458,0.0,633.0
1719346132.5356476,0.0,633.0
1719346132.6948183,0.0,633.0
1719346132.831955,0.0,633.0
1719346132.9700222,0.0,633.0
1719346133.1088417,0.0,633.0
1719346133.2454224,0.0,633.0
1719346133.382913,0.0,633.0
1719346133.5183918,0.0,633.0
1719346133.6530063,0.0,633.0
1719346133.7874467,0.0,633.0
1719346133.9220169,0.0,633.0
1719346134.0779657,0.0,633.0
1719346134.235535,0.0,633.0
1719346134.4022448,0.0,633.0
1719346134.5754316,0.0,633.0
1719346134.7542589,0.0,633.0
1719346134.9135199,0.0,633.0
1719346135.0603635,0.0,633.0
1719346135.21813,0.0,633.0
1719346135.3705425,0.0,633.0
1719346135.5078728,0.0,633.0
1719346135.6712155,0.0,633.0
1719346135.8260562,0.0,633.0
1719346135.9769096,0.0,633.0
1719346136.1357327,0.0,633.0
1719346136.3276567,0.0,633.0
1719346136.5122278,0.0,633.0
1719346136.700889,0.0,633.0
1719346136.8580115,0.0,633.0
1719346137.0719717,0.0,633.0
1719346137.229059,0.0,633.0
1719346137.3848414,0.0,633.0
1719346137.5356386,0.0,633.0
1719346137.6802623,0.0,633.0
1719346137.8156652,0.0,633.0
1719346137.9501479,0.0,633.0
1719346138.0834615,0.0,633.0
1719346138.216303,0.0,633.0
1719346138.351147,0.0,633.0
1719346138.484752,0.0,633.0
1719346138.618127,0.0,633.0
1719346138.751093,0.0,633.0
1719346138.884626,0.0,633.0
1719346139.0404735,0.0,633.0
1719346139.1973732,0.0,633.0
1719346139.3522847,0.0,633.0
1719346139.4987314,0.0,633.0
1719346139.6647284,0.0,633.0
1719346139.8051348,0.0,633.0
1719346139.972721,0.0,633.0
1719346140.1189773,0.0,633.0
1719346140.2628732,0.0,633.0
1719346140.4247053,0.0,633.0
1719346140.5846267,0.0,633.0
1719346140.7431097,0.0,633.0
1719346140.8876412,0.0,633.0
1719346141.0900528,0.0,633.0
1719346141.293901,0.0,633.0
1719346141.5020423,0.0,633.0
1719346141.6734197,0.0,633.0
1719346141.860672,0.0,633.0
1719346142.0365279,0.0,633.0
1719346142.191096,0.0,633.0
1719346142.342631,0.0,633.0
1719346142.4856594,0.0,633.0
1719346142.6198943,0.0,633.0
1719346142.7549353,0.0,633.0
1719346142.8895211,0.0,633.0
1719346143.0222237,0.0,633.0
1719346143.1568282,0.0,633.0
1719346143.2906463,0.0,633.0
1719346143.42521,0.0,633.0
1719346143.5587246,0.0,633.0
1719346143.7106578,0.0,633.0
1719346143.8838031,0.0,633.0
1719346144.0358615,0.0,633.0
1719346144.2064395,0.0,633.0
1719346144.3598862,0.0,633.0
1719346144.5453308,0.0,633.0
1719346144.7068756,0.0,633.0
1719346144.8554144,0.0,633.0
1719346144.999105,0.0,633.0
1719346145.1435597,0.0,633.0
1719346145.288219,0.0,633.0
1719346145.455313,0.0,633.0
1719346145.610923,0.0,633.0
1719346145.7510242,0.0,633.0
1719346145.9446852,0.0,633.0
1719346146.134569,0.0,633.0
1719346146.3149593,0.0,633.0
1719346146.5003922,0.0,633.0
1719346146.6888478,0.0,633.0
1719346146.8622115,0.0,633.0
1719346147.030257,0.0,633.0
1719346147.190521,0.0,633.0
1719346147.329671,0.0,633.0
1719346147.4637363,0.0,633.0
1719346147.5975707,0.0,633.0
1719346147.730404,0.0,633.0
1719346147.8663843,0.0,633.0
1719346147.999959,0.0,633.0
1719346148.1338804,0.0,633.0
1719346148.266839,0.0,633.0
1719346148.4035647,0.0,633.0
1719346148.574785,0.0,633.0
1719346148.7299373,0.0,633.0
1719346148.895006,0.0,633.0
1719346149.0472293,0.0,633.0
1719346149.2133822,0.0,633.0
1719346149.3744748,0.0,633.0
1719346149.544645,0.0,633.0
1719346149.6788716,0.0,633.0
1719346149.8406136,0.0,633.0
1719346149.9924064,0.0,633.0
1719346150.1572385,0.0,633.0
1719346150.3181055,0.0,633.0
1719346150.469668,0.0,633.0
1719346150.6609654,0.0,633.0
1719346150.858377,0.0,633.0
1719346151.0666165,0.0,633.0
1719346151.2229755,0.0,633.0
1719346151.436514,0.0,633.0
1719346151.5837612,0.0,633.0
1719346151.7585006,0.0,633.0
1719346151.9158351,0.0,633.0
1719346152.051975,0.0,633.0
1719346152.1859028,0.0,633.0
1719346152.3194227,0.0,633.0
1719346152.452251,0.0,633.0
1719346152.585389,0.0,633.0
1719346152.720418,0.0,633.0
1719346152.8546355,0.0,633.0
1719346152.987293,0.0,633.0
1719346153.1209261,0.0,633.0
1719346153.267595,0.0,633.0
1719346153.4167888,0.0,633.0
1719346153.5624146,0.0,633.0
1719346153.7336955,0.0,633.0
1719346153.8973253,0.0,633.0
1719346154.070879,0.0,633.0
1719346154.2105312,0.0,633.0
1719346154.3690684,0.0,633.0
1719346154.526994,0.0,633.0
1719346154.6690924,0.0,633.0
1719346154.8345008,0.0,633.0
1719346154.9937553,0.0,633.0
1719346155.1467881,0.0,633.0
1719346155.306797,0.0,633.0
1719346155.5094223,0.0,633.0
1719346155.6788926,0.0,633.0
1719346155.8678372,0.0,633.0
1719346156.0206666,0.0,633.0
1719346156.2093692,0.0,633.0
1719346156.373441,0.0,633.0
1719346156.5278504,0.0,633.0
1719346156.6839445,0.0,633.0
1719346156.8231292,0.0,633.0
1719346156.9596305,0.0,633.0
1719346157.0928724,0.0,633.0
1719346157.227635,0.0,633.0
1719346157.3605435,0.0,633.0
1719346157.499431,0.0,633.0
1719346157.6364038,0.0,633.0
1719346157.7694266,0.0,633.0
1719346157.905822,0.0,633.0
1719346158.062574,0.0,633.0
1719346158.2216253,0.0,633.0
1719346158.371616,0.0,633.0
1719346158.533737,0.0,633.0
1719346158.681328,0.0,633.0
1719346158.8546975,0.0,633.0
1719346158.9977756,0.0,633.0
1719346159.1642983,0.0,633.0
1719346159.3004718,0.0,633.0
1719346159.4445632,0.0,633.0
1719346159.5921388,0.0,633.0
1719346159.7622259,0.0,633.0
1719346159.9170299,0.0,633.0
1719346160.0588958,0.0,633.0
1719346160.2642791,0.0,633.0
1719346160.4720736,0.0,633.0
1719346160.6606152,0.0,633.0
1719346160.8230686,0.0,633.0
1719346161.0248368,0.0,633.0
1719346161.1903067,0.0,633.0
1719346161.3600998,0.0,633.0
1719346161.5101926,0.0,633.0
1719346161.6554585,0.0,633.0
1719346161.795136,0.0,633.0
1719346161.9297757,0.0,633.0
1719346162.063374,0.0,633.0
1719346162.1959777,0.0,633.0
1719346162.3288298,0.0,633.0
1719346162.4625359,0.0,633.0
1719346162.5958807,0.0,633.0
1719346162.7286923,0.0,633.0
1719346162.876002,0.0,633.0
1719346163.0347524,0.0,633.0
1719346163.1837301,0.0,633.0
1719346163.3408172,0.0,633.0
1719346163.5006268,0.0,633.0
1719346163.6672199,0.0,633.0
1719346163.8251126,0.0,633.0
1719346163.9906409,0.0,633.0
1719346164.134511,0.0,633.0
1719346164.2919633,0.0,633.0
1719346164.4396179,0.0,633.0
1719346164.610223,0.0,633.0
1719346164.7667277,0.0,633.0
1719346164.9092715,0.0,633.0
1719346165.1128254,0.0,633.0
1719346165.31999,0.0,633.0
1719346165.5132442,0.0,633.0
1719346165.6967769,0.0,633.0
1719346165.901929,0.0,633.0
1719346166.0724487,0.0,633.0
1719346166.2241871,0.0,633.0
1719346166.3857057,0.0,633.0
1719346166.525234,0.0,633.0
1719346166.6600842,0.0,633.0
1719346166.7963998,0.0,633.0
1719346166.9335487,0.0,633.0
1719346167.0685225,0.0,633.0
1719346167.2053092,0.0,633.0
1719346167.3412418,0.0,633.0
1719346167.476121,0.0,633.0
1719346167.6313238,0.0,633.0
1719346167.7808683,0.0,633.0
1719346167.9326935,0.0,633.0
1719346168.1061583,0.0,633.0
1719346168.2717733,0.0,633.0
1719346168.4761221,0.0,633.0
1719346168.61681,0.0,633.0
1719346168.7641718,0.0,633.0
1719346168.9019487,0.0,633.0
1719346169.0543892,0.0,633.0
1719346169.221733,0.0,633.0
1719346169.367244,0.0,633.0
1719346169.5206733,0.0,633.0
1719346169.6700485,0.0,633.0
1719346169.8618033,0.0,633.0
1719346170.0635889,0.0,633.0
1719346170.2726657,0.0,633.0
1719346170.4623787,0.0,633.0
1719346170.6581619,0.0,633.0
1719346170.8262017,0.0,633.0
1719346171.004658,0.0,633.0
1719346171.1620452,0.0,633.0
1719346171.3053365,0.0,633.0
1719346171.4409814,0.0,633.0
1719346171.5756378,0.0,633.0
1719346171.708839,0.0,633.0
1719346171.8435853,0.0,633.0
1719346171.9773576,0.0,633.0
1719346172.1132777,0.0,633.0
1719346172.2468772,0.0,633.0
1719346172.3807862,0.0,633.0
1719346172.5347552,0.0,633.0
1719346172.6850166,0.0,633.0
1719346172.8405135,0.0,633.0
1719346172.9963892,0.0,633.0
1719346173.1418524,0.0,633.0
1719346173.326492,0.0,633.0
1719346173.4737203,0.0,633.0
1719346173.6146991,0.0,633.0
1719346173.7516272,0.0,633.0
1719346173.9034026,0.0,633.0
1719346174.076714,0.0,633.0
1719346174.229548,0.0,633.0
1719346174.3824406,0.0,633.0
1719346174.5209703,0.0,633.0
1719346174.715977,0.0,633.0
1719346174.904084,0.0,633.0
1719346175.1060495,0.0,633.0
1719346175.2968152,0.0,633.0
1719346175.496811,0.0,633.0
1719346175.6671703,0.0,633.0
1719346175.8186471,0.0,633.0
1719346175.9680233,0.0,633.0
1719346176.1281877,0.0,633.0
1719346176.2650352,0.0,633.0
1719346176.3988965,0.0,633.0
1719346176.533894,0.0,633.0
1719346176.6673317,0.0,633.0
1719346176.8027916,0.0,633.0
1719346176.9374006,0.0,633.0
1719346177.0709212,0.0,633.0
1719346177.2079413,0.0,633.0
1719346177.3955522,0.0,633.0
1719346177.5788498,0.0,633.0
1719346177.771839,0.0,633.0
1719346177.940902,0.0,633.0
1719346178.116436,0.0,633.0
1719346178.2773514,0.0,633.0
1719346178.4227319,0.0,633.0
1719346178.5577621,0.0,633.0
1719346178.7176616,0.0,633.0
1719346178.865067,0.0,633.0
1719346179.0184062,0.0,633.0
1719346179.1794128,0.0,633.0
1719346179.3210857,0.0,633.0
1719346179.526685,0.0,633.0
1719346179.7327325,0.0,633.0
1719346179.9493062,0.0,633.0
1719346180.0987165,0.0,633.0
1719346180.2859435,0.0,633.0
1719346180.448775,0.0,633.0
1719346180.6005116,0.0,633.0
1719346180.7484913,0.0,633.0
1719346180.8940678,0.0,633.0
1719346181.0340645,0.0,633.0
1719346181.1712947,0.0,633.0
1719346181.3060844,0.0,633.0
1719346181.4407725,0.0,633.0
1719346181.5764797,0.0,633.0
1719346181.7155745,0.0,633.0
1719346181.8549078,0.0,633.0
1719346181.9965286,0.0,633.0
1719346182.1758876,0.0,633.0
1719346182.3301854,0.0,633.0
1719346182.4886599,0.0,633.0
1719346182.635757,0.0,633.0
1719346182.803151,0.0,633.0
1719346182.9886425,0.0,633.0
1719346183.136203,0.0,633.0
1719346183.294767,0.0,633.0
1719346183.438992,0.0,633.0
1719346183.5825353,0.0,633.0
1719346183.7333946,0.0,633.0
1719346183.887901,0.0,633.0
1719346184.0408514,0.0,633.0
1719346184.179907,0.0,633.0
1719346184.384567,0.0,633.0
1719346184.5968218,0.0,633.0
1719346184.7932692,0.0,633.0
1719346184.952144,0.0,633.0
1719346185.1462727,0.0,633.0
1719346185.3137681,0.0,633.0
1719346185.45611,0.0,633.0
1719346185.6310785,0.0,633.0
1719346185.7808576,0.0,633.0
1719346185.917536,0.0,633.0
1719346186.0521128,0.0,633.0
1719346186.1856265,0.0,633.0
1719346186.319268,0.0,633.0
1719346186.4515874,0.0,633.0
1719346186.5859349,0.0,633.0
1719346186.7191215,0.0,633.0
1719346186.8528848,0.0,633.0
1719346186.9889045,0.0,633.0
1719346187.1348002,0.0,633.0
1719346187.286325,0.0,633.0
1719346187.442789,0.0,633.0
1719346187.6037445,0.0,633.0
1719346187.7617822,0.0,633.0
1719346187.9311543,0.0,633.0
1719346188.0719173,0.0,633.0
1719346188.2478428,0.0,633.0
1719346188.4026766,0.0,633.0
1719346188.5568101,0.0,633.0
1719346188.7083926,0.0,633.0
1719346188.856197,0.0,633.0
1719346189.0229256,0.0,633.0
1719346189.170996,0.0,633.0
1719346189.3762388,0.0,633.0
1719346189.541368,0.0,633.0
1719346189.7348611,0.0,633.0
1719346189.8886495,0.0,633.0
1719346190.1096997,0.0,633.0
1719346190.2633312,0.0,633.0
1719346190.4318995,0.0,633.0
1719346190.5846002,0.0,633.0
1719346190.720655,0.0,633.0
1719346190.8568335,0.0,633.0
1719346190.9917364,0.0,633.0
1719346191.1261003,0.0,633.0
1719346191.2591534,0.0,633.0
1719346191.3941398,0.0,633.0
1719346191.5284843,0.0,633.0
1719346191.6616888,0.0,633.0
1719346191.796533,0.0,633.0
1719346191.9508855,0.0,633.0
1719346192.1145709,0.0,633.0
1719346192.2624042,0.0,633.0
1719346192.4162173,0.0,633.0
1719346192.5731242,0.0,633.0
1719346192.7277553,0.0,633.0
1719346192.889239,0.0,633.0
1719346193.0398748,0.0,633.0
1719346193.1891108,0.0,633.0
1719346193.3357775,0.0,633.0
1719346193.4982288,0.0,633.0
1719346193.6501698,0.0,633.0
1719346193.813123,0.0,633.0
1719346194.0098069,0.0,633.0
1719346194.2206318,0.0,633.0
1719346194.4423773,0.0,633.0
1719346194.6424034,0.0,633.0
1719346194.8333132,0.0,633.0
1719346195.001347,0.0,633.0
1719346195.149395,0.0,633.0
1719346195.3070562,0.0,633.0
1719346195.469116,0.0,633.0
1719346195.6094995,0.0,633.0
1719346195.744936,0.0,633.0
1719346195.8803325,0.0,633.0
1719346196.0141764,0.0,633.0
1719346196.1484022,0.0,633.0
1719346196.2851632,0.0,633.0
1719346196.4197521,0.0,633.0
1719346196.5551076,0.0,633.0
1719346196.7284632,0.0,633.0
1719346196.8838842,0.0,633.0
1719346197.0294077,0.0,633.0
1719346197.191809,0.0,633.0
1719346197.3570445,0.0,633.0
1719346197.5213954,0.0,633.0
1719346197.6792574,0.0,633.0
1719346197.826663,0.0,633.0
1719346197.988323,0.0,633.0
1719346198.135743,0.0,633.0
1719346198.2726593,0.0,633.0
1719346198.42581,0.0,633.0
1719346198.583735,0.0,633.0
1719346198.741143,0.0,633.0
1719346198.9497504,0.0,633.0
1719346199.1510353,0.0,633.0
1719346199.3572829,0.0,633.0
1719346199.5310686,0.0,633.0
1719346199.7493753,0.0,633.0
1719346199.9146223,0.0,633.0
1719346200.077547,0.0,633.0
1719346200.2282717,0.0,633.0
1719346200.3826103,0.0,633.0
1719346200.5183477,0.0,633.0
1719346200.6555893,0.0,633.0
1719346200.7908022,0.0,633.0
1719346200.9245355,0.0,633.0
1719346201.059779,0.0,633.0
1719346201.1951604,0.0,633.0
1719346201.3288105,0.0,633.0
1719346201.4655213,0.0,633.0
1719346201.6223426,0.0,633.0
1719346201.7769766,0.0,633.0
1719346201.924638,0.0,633.0
1719346202.0896435,0.0,633.0
1719346202.2613256,0.0,633.0
1719346202.441481,0.0,633.0
1719346202.601668,0.0,633.0
1719346202.752584,0.0,633.0
1719346202.908794,0.0,633.0
1719346203.0658734,0.0,633.0
1719346203.2313104,0.0,633.0
1719346203.3812988,0.0,633.0
1719346203.5244617,0.0,633.0
1719346203.7252696,0.0,633.0
1719346203.9259777,0.0,633.0
1719346204.1286383,0.0,633.0
1719346204.320576,0.0,633.0
1719346204.523881,0.0,633.0
1719346204.6845043,0.0,633.0
1719346204.8291037,0.0,633.0
1719346204.9782236,0.0,633.0
1719346205.1346545,0.0,633.0
1719346205.2694242,0.0,633.0
1719346205.403187,0.0,633.0
1719346205.5382984,0.0,633.0
1719346205.6716554,0.0,633.0
1719346205.8063717,0.0,633.0
1719346205.9408572,0.0,633.0
1719346206.0749052,0.0,633.0
1719346206.2111683,0.0,633.0
1719346206.3592107,0.0,633.0
1719346206.5284367,0.0,633.0
1719346206.6820593,0.0,633.0
1719346206.8416574,0.0,633.0
1719346206.9881132,0.0,633.0
1719346207.1848972,0.0,633.0
1719346207.3476667,0.0,633.0
1719346207.50763,0.0,633.0
1719346207.6660585,0.0,633.0
1719346207.8108802,0.0,633.0
1719346207.9648504,0.0,633.0
1719346208.1210957,0.0,633.0
1719346208.2851892,0.0,633.0
1719346208.4290314,0.0,633.0
1719346208.633888,0.0,633.0
1719346208.80746,0.0,633.0
1719346208.9938083,0.0,633.0
1719346209.1844401,0.0,633.0
1719346209.389257,0.0,633.0
1719346209.5626554,7.0,965.0
1719346209.7387342,7.0,1093.0
1719346209.9106557,4.0,1093.0
1719346210.060155,3.0,1221.0
1719346210.1996808,0.0,1349.0
1719346210.3363245,0.0,1477.0
1719346210.4763503,5.0,1477.0
1719346210.6119885,3.0,1605.0
1719346210.7489324,3.0,1733.0
1719346210.887617,3.0,1733.0
1719346211.0249465,3.0,1861.0
1719346211.161311,3.0,1989.0
1719346211.3305476,0.0,1989.0
1719346211.486791,3.0,2117.0
1719346211.6508963,3.0,3721.0
1719346211.8326788,2.0,3729.0
1719346211.9950376,2.0,5331.0
1719346212.176249,1.0,10901.0
1719346212.3580313,69.0,31673.0
1719346212.5313349,71.0,31673.0
1719346212.7062125,71.0,33987.0
1719346212.8723905,55.0,50893.0
1719346213.0375707,83.0,50893.0
1719346213.2104733,100.0,50895.0
1719346213.3740463,97.0,50905.0
1719346213.5935616,37.0,50911.0
1719346213.8277524,8.0,50911.0
1719346214.05606,93.0,50911.0
1719346214.2813654,100.0,50911.0
1719346214.5008934,98.0,50911.0
1719346214.6578166,100.0,50911.0
1719346214.8444748,100.0,50911.0
1719346215.012184,100.0,50911.0
1719346215.1921961,76.0,50911.0
1719346215.353441,47.0,50911.0
1719346215.5081396,100.0,50911.0
1719346215.6596487,99.0,50911.0
1719346215.8187363,100.0,50911.0
1719346215.9780283,100.0,50911.0
1719346216.139768,100.0,50911.0
1719346216.3138888,100.0,50911.0
1719346216.5158176,22.0,50911.0
1719346216.6835706,86.0,50911.0
1719346216.8624496,100.0,50911.0
1719346217.0333118,99.0,50911.0
1719346217.2488043,100.0,50911.0
1719346217.4196992,100.0,50911.0
1719346217.5888853,100.0,50911.0
1719346217.7572005,83.0,50911.0
1719346217.939185,38.0,50911.0
1719346218.1103325,100.0,50911.0
1719346218.2939146,98.0,50911.0
1719346218.45202,100.0,50911.0
1719346218.6755507,100.0,50911.0
1719346218.8954186,100.0,50911.0
1719346219.1759658,44.0,50911.0
1719346219.3662453,100.0,50911.0
1719346219.5795426,100.0,50911.0
1719346219.754338,99.0,50911.0
1719346219.9324982,100.0,50911.0
1719346220.1133885,100.0,50911.0
1719346220.2671766,100.0,50911.0
1719346220.4158976,32.0,50911.0
1719346220.5841758,32.0,50911.0
1719346220.733081,100.0,50911.0
1719346220.8852649,100.0,50911.0
1719346221.0366561,100.0,50911.0
1719346221.186458,100.0,50911.0
1719346221.3419402,100.0,50911.0
1719346221.5379357,100.0,50911.0
1719346221.727929,62.0,50911.0
1719346221.9126248,77.0,50911.0
1719346222.0919375,100.0,50911.0
1719346222.282174,90.0,50911.0
1719346222.4425454,100.0,50911.0
1719346222.640146,100.0,50911.0
1719346222.8003645,100.0,50911.0
1719346222.9629524,100.0,50911.0
1719346223.1679907,38.0,50911.0
1719346223.3572795,100.0,50911.0
1719346223.5382516,98.0,50911.0
1719346223.761928,100.0,50911.0
1719346223.9858525,100.0,50911.0
1719346224.2173793,34.0,50911.0
1719346224.4151344,85.0,50911.0
1719346224.6475494,85.0,50911.0
1719346224.8570032,100.0,50911.0
1719346225.0650332,100.0,50911.0
1719346225.243711,100.0,50911.0
1719346225.4046295,100.0,50911.0
1719346225.5648177,95.0,50911.0
1719346225.7149315,100.0,50911.0
1719346225.8649154,95.0,50911.0
1719346226.0286114,95.0,50911.0
1719346226.1921718,100.0,50911.0
1719346226.3574917,96.0,50911.0
1719346226.5465379,100.0,50911.0
1719346226.719551,92.0,50911.0
1719346226.8969479,100.0,50911.0
1719346227.0780663,94.0,50911.0
1719346227.2560189,94.0,50911.0
1719346227.4287703,100.0,50911.0
1719346227.5965052,94.0,50911.0
1719346227.7777424,100.0,50911.0
1719346227.9397717,94.0,50911.0
1719346228.102071,94.0,50911.0
1719346228.2725575,100.0,50911.0
1719346228.4614546,87.0,50911.0
1719346228.635239,98.0,50911.0
1719346228.826251,96.0,50911.0
1719346229.056538,98.0,50911.0
1719346229.223924,98.0,50911.0
1719346229.4752486,89.0,50911.0
1719346229.7250223,8.0,50911.0
1719346229.9085975,99.0,50911.0
1719346230.092111,93.0,50911.0
1719346230.277948,93.0,50911.0
1719346230.4417195,97.0,50911.0
1719346230.591305,100.0,50911.0
1719346230.7429016,100.0,50911.0
1719346230.892312,100.0,50911.0
1719346231.0853758,77.0,50911.0
1719346231.242151,66.0,50911.0
1719346231.3950264,100.0,50911.0
1719346231.546584,99.0,50911.0
1719346231.7431543,100.0,50911.0
1719346231.9199054,100.0,50911.0
1719346232.0935059,100.0,50911.0
1719346232.2675407,99.0,50911.0
1719346232.505163,7.0,50911.0
1719346232.7007577,88.0,50911.0
1719346232.9068875,98.0,50911.0
1719346233.0816526,98.0,50911.0
1719346233.2418966,100.0,50911.0
1719346233.4656746,76.0,50911.0
1719346233.7565956,7.0,50911.0
1719346233.930956,100.0,50911.0
1719346234.1601868,99.0,50911.0
1719346234.3784122,100.0,50911.0
1719346234.584934,100.0,50911.0
1719346234.7902436,100.0,50911.0
1719346234.9522696,62.0,50911.0
1719346235.164676,49.0,50911.0
1719346235.3393645,100.0,50911.0
1719346235.5105598,99.0,50911.0
1719346235.6624825,99.0,50911.0
1719346235.809113,100.0,50911.0
1719346235.9552932,100.0,50911.0
1719346236.1033309,100.0,50911.0
1719346236.2504368,100.0,50911.0
1719346236.4026263,34.0,50911.0
1719346236.5947134,100.0,50911.0
1719346236.7952697,99.0,50911.0
1719346236.976193,100.0,50911.0
1719346237.1565056,100.0,50911.0
1719346237.3339994,100.0,50911.0
1719346237.5175946,100.0,50911.0
1719346237.7420008,45.0,50911.0
1719346237.8927696,45.0,50911.0
1719346238.0617545,100.0,50911.0
1719346238.2285151,92.0,50911.0
1719346238.395546,100.0,50911.0
1719346238.5775213,100.0,50911.0
1719346238.7380295,100.0,50911.0
1719346238.98224,30.0,50911.0
1719346239.1908298,54.0,50911.0
1719346239.4103098,100.0,50911.0
1719346239.6217887,98.0,50911.0
1719346239.8294506,100.0,50911.0
1719346239.9885058,100.0,50911.0
1719346240.174983,100.0,50911.0
1719346240.3505876,100.0,50911.0
1719346240.5037026,23.0,50911.0
1719346240.6513093,100.0,50911.0
1719346240.7965636,100.0,50911.0
1719346240.9435542,99.0,50911.0
1719346241.0924,100.0,50911.0
1719346241.2398002,100.0,50911.0
1719346241.3860319,100.0,50911.0
1719346241.5824952,100.0,50911.0
1719346241.7537663,63.0,50911.0
1719346241.9495,100.0,50911.0
1719346242.1228175,99.0,50911.0
1719346242.3246396,99.0,50911.0
1719346242.4892635,100.0,50911.0
1719346242.6743193,100.0,50911.0
1719346242.8399088,100.0,50911.0
1719346242.9984868,89.0,50911.0
1719346243.1793408,89.0,50911.0
1719346243.3656833,100.0,50911.0
1719346243.5358775,95.0,50911.0
1719346243.7168953,100.0,50911.0
1719346243.9460447,96.0,50911.0
1719346244.1343389,82.0,50911.0
1719346244.367445,100.0,50911.0
1719346244.581124,96.0,50911.0
1719346244.7728012,100.0,50911.0
1719346244.947363,100.0,50911.0
1719346245.1238618,96.0,50911.0
1719346245.302806,100.0,50911.0
1719346245.4532444,97.0,50911.0
1719346245.602474,100.0,50911.0
1719346245.7490437,100.0,50911.0
1719346245.89587,97.0,50911.0
1719346246.0418434,100.0,50911.0
1719346246.1881037,100.0,50911.0
1719346246.3373356,97.0,50911.0
1719346246.527646,100.0,50911.0
1719346246.7128947,96.0,50911.0
1719346246.8888893,100.0,50911.0
1719346247.114879,25.0,50911.0
1719346247.2910044,77.0,50911.0
1719346247.4460437,100.0,50911.0
1719346247.635106,94.0,50911.0
1719346247.8102505,94.0,50911.0
1719346247.9996657,100.0,50911.0
1719346248.2042766,91.0,50911.0
1719346248.4584794,13.0,50911.0
1719346248.6471217,100.0,50911.0
1719346248.9364853,95.0,50911.0
1719346249.117221,100.0,50911.0
1719346249.3415856,100.0,50911.0
1719346249.5430267,100.0,50911.0
1719346249.7064683,64.0,50911.0
1719346249.9146125,29.0,50911.0
1719346250.0884757,100.0,50911.0
1719346250.2376652,99.0,50911.0
1719346250.38641,99.0,50911.0
1719346250.5318007,100.0,50911.0
1719346250.6778762,100.0,50911.0
1719346250.8258893,100.0,50911.0
1719346250.9717376,100.0,50911.0
1719346251.148372,41.0,50911.0
1719346251.4137883,90.0,50911.0
1719346251.5988593,100.0,50911.0
1719346251.7957,100.0,50911.0
1719346251.9765403,100.0,50911.0
1719346252.161127,100.0,50911.0
1719346252.3369286,79.0,50911.0
1719346252.4992507,35.0,50911.0
1719346252.6890829,100.0,50911.0
1719346252.8602421,99.0,50911.0
1719346253.0263019,100.0,50911.0
1719346253.2087758,100.0,50911.0
1719346253.3656325,100.0,50911.0
1719346253.6089237,35.0,50911.0
1719346253.8371232,35.0,50911.0
1719346254.0410829,100.0,50911.0
1719346254.2059126,99.0,50911.0
1719346254.435311,100.0,50911.0
1719346254.6009195,100.0,50911.0
1719346254.7970455,100.0,50911.0
1719346254.9844556,100.0,50911.0
1719346255.1479127,26.0,50911.0
1719346255.301021,100.0,50911.0
1719346255.4487252,100.0,50911.0
1719346255.5996265,99.0,50911.0
1719346255.7506895,100.0,50911.0
1719346255.8988209,100.0,50911.0
1719346256.0469947,100.0,50911.0
1719346256.2103155,100.0,50911.0
1719346256.4575412,48.0,50911.0
1719346256.6514022,100.0,50911.0
1719346256.8365738,99.0,50911.0
1719346257.0109437,99.0,50911.0
1719346257.189023,100.0,50911.0
1719346257.3719454,100.0,50911.0
1719346257.530657,100.0,50911.0
1719346257.6947393,26.0,50911.0
1719346257.9079702,82.0,50911.0
1719346258.1086671,100.0,50911.0
1719346258.2996285,89.0,50911.0
1719346258.4712863,100.0,50911.0
1719346258.746515,100.0,50911.0
1719346258.9675229,96.0,50911.0
1719346259.201477,97.0,50911.0
1719346259.4395502,97.0,50911.0
1719346259.608299,99.0,50911.0
1719346259.7915087,100.0,50911.0
1719346259.9673731,100.0,50911.0
1719346260.1206477,100.0,50911.0
1719346260.27167,100.0,50911.0
1719346260.4210908,97.0,50911.0
1719346260.566992,100.0,50911.0
1719346260.7140312,97.0,50911.0
1719346260.8617387,97.0,50911.0
1719346261.0081017,100.0,50911.0
1719346261.156152,97.0,50911.0
1719346261.305134,100.0,50911.0
1719346261.4810042,100.0,50911.0
1719346261.6706495,96.0,50911.0
1719346261.8449526,100.0,50911.0
1719346262.03371,90.0,50911.0
1719346262.2319407,100.0,50911.0
1719346262.4038103,90.0,50911.0
1719346262.577732,100.0,50911.0
1719346262.7500346,95.0,50911.0
1719346262.921401,100.0,50911.0
1719346263.0978415,100.0,50911.0
1719346263.2672112,96.0,50911.0
1719346263.4279718,100.0,50911.0
1719346263.6246264,100.0,50911.0
1719346263.8456142,82.0,50911.0
1719346264.0859444,100.0,50911.0
1719346264.2857645,82.0,50911.0
1719346264.4904675,0.0,50911.0
1719346264.6778164,87.0,50911.0
1719346264.8881254,87.0,50911.0
1719346265.1108923,100.0,50911.0
1719346265.3035362,100.0,50911.0
1719346265.454292,100.0,50911.0
1719346265.6047523,100.0,50911.0
1719346265.759065,80.0,50911.0
1719346265.921333,54.0,50911.0
1719346266.0682714,54.0,50911.0
1719346266.2231073,100.0,50911.0
1719346266.418612,91.0,50911.0
1719346266.597864,100.0,50911.0
1719346266.7716146,100.0,50911.0
1719346266.9463847,100.0,50911.0
1719346267.1338744,100.0,50911.0
1719346267.3229568,94.0,50911.0
1719346267.4889956,94.0,50911.0
1719346267.6594863,99.0,50911.0
1719346267.8254676,100.0,50911.0
1719346267.9891996,100.0,50911.0
1719346268.1625185,100.0,50911.0
1719346268.3268971,74.0,50911.0
1719346268.6065137,0.0,50911.0
1719346268.8251116,93.0,50911.0
1719346269.03804,100.0,50911.0
1719346269.2433183,98.0,50911.0
1719346269.4632976,100.0,50911.0
1719346269.6448507,100.0,50911.0
1719346269.8453827,77.0,50911.0
1719346270.0215917,33.0,50911.0
1719346270.1677177,33.0,50911.0
1719346270.314399,100.0,50911.0
1719346270.4650989,99.0,50911.0
1719346270.6125462,100.0,50911.0
1719346270.7593694,100.0,50911.0
1719346270.9065104,100.0,50911.0
1719346271.0518227,100.0,50911.0
1719346271.2159796,37.0,50911.0
1719346271.3929164,71.0,50911.0
1719346271.5575807,100.0,50911.0
1719346271.7284036,99.0,50911.0
1719346271.9097779,99.0,50911.0
1719346272.0978358,100.0,50911.0
1719346272.254458,100.0,50911.0
1719346272.4438024,97.0,50911.0
1719346272.6032655,26.0,50911.0
1719346272.7707198,100.0,50911.0
1719346272.942603,100.0,50911.0
1719346273.126497,98.0,50911.0
1719346273.3127506,100.0,50911.0
1719346273.4711294,100.0,50911.0
1719346273.6972408,100.0,50911.0
1719346273.9831238,57.0,50911.0
1719346274.2093928,100.0,50911.0
1719346274.43404,98.0,50911.0
1719346274.6209779,100.0,50911.0
1719346274.79421,100.0,50911.0
1719346274.964891,100.0,50911.0
1719346275.1317098,100.0,50911.0
1719346275.2948694,25.0,50911.0
1719346275.444525,25.0,50911.0
1719346275.5921621,100.0,50911.0
1719346275.7433653,99.0,50911.0
1719346275.8925416,100.0,50911.0
1719346276.040412,100.0,50911.0
1719346276.1915221,100.0,50911.0
1719346276.3772616,57.0,50911.0
1719346276.5957277,46.0,50911.0
1719346276.7750955,46.0,50911.0
1719346276.9984505,100.0,50911.0
1719346277.1938071,100.0,50911.0
1719346277.3579264,100.0,50911.0
1719346277.520405,100.0,50911.0
1719346277.7013538,100.0,50911.0
1719346277.8750868,96.0,50911.0
1719346278.0377145,100.0,50911.0
1719346278.2217884,94.0,50911.0
1719346278.3800302,100.0,50911.0
1719346278.596813,96.0,50911.0
1719346278.8328886,100.0,50911.0
1719346279.0578947,93.0,50911.0
1719346279.2136629,100.0,50911.0
1719346279.448957,96.0,50911.0
1719346279.6106448,96.0,50911.0
1719346279.798258,100.0,50911.0
1719346279.9765024,95.0,50911.0
1719346280.1234858,100.0,50911.0
1719346280.2713046,95.0,50911.0
1719346280.4273214,95.0,50911.0
1719346280.5751035,100.0,50911.0
1719346280.7291434,97.0,50911.0
1719346280.8803127,100.0,50911.0
1719346281.0265887,100.0,50911.0
1719346281.1738422,93.0,50911.0
1719346281.3469512,100.0,50911.0
1719346281.5193987,95.0,50911.0
1719346281.6899874,100.0,50911.0
1719346281.8577452,19.0,50911.0
1719346282.0556364,82.0,50911.0
1719346282.2364233,100.0,50911.0
1719346282.4214578,100.0,50911.0
1719346282.5831292,98.0,50911.0
1719346282.7606497,100.0,50911.0
1719346282.9387586,100.0,50911.0
1719346283.1222558,88.0,50911.0
1719346283.3007486,24.0,50911.0
1719346283.4602559,100.0,50911.0
1719346283.708553,99.0,50911.0
1719346283.9157355,100.0,50911.0
1719346284.1443064,100.0,50911.0
1719346284.3334768,100.0,50911.0
1719346284.54486,45.0,50911.0
1719346284.725898,47.0,50911.0
1719346284.9039142,100.0,50911.0
1719346285.0826955,99.0,50911.0
1719346285.2301052,99.0,50911.0
1719346285.3786526,100.0,50911.0
1719346285.530024,100.0,50911.0
1719346285.6837857,100.0,50911.0
1719346285.8374395,35.0,50911.0
1719346286.0165634,35.0,50911.0
1719346286.1681988,100.0,50911.0
1719346286.3818858,98.0,50911.0
1719346286.5591893,100.0,50911.0
1719346286.732416,100.0,50911.0
1719346286.924264,100.0,50911.0
1719346287.1252189,56.0,50911.0
1719346287.290937,51.0,50911.0
1719346287.4597921,100.0,50911.0
1719346287.6232421,100.0,50911.0
1719346287.7992792,99.0,50911.0
1719346287.96888,100.0,50911.0
1719346288.1626709,100.0,50911.0
1719346288.3583217,100.0,50911.0
1719346288.5373633,19.0,50911.0
1719346288.753757,92.0,50911.0
1719346288.9409623,100.0,50911.0
1719346289.1766112,99.0,50911.0
1719346289.3476186,100.0,50911.0
1719346289.563235,100.0,50911.0
1719346289.731818,76.0,50911.0
1719346289.919622,26.0,50911.0
1719346290.0887296,100.0,50911.0
1719346290.2406635,100.0,50911.0
1719346290.400105,93.0,50911.0
1719346290.546912,100.0,50911.0
1719346290.6935709,100.0,50911.0
1719346290.842173,100.0,50911.0
1719346290.988588,100.0,50911.0
1719346291.1342208,50.0,50911.0
1719346291.2883968,50.0,50911.0
1719346291.4831207,100.0,50911.0
1719346291.6730018,99.0,50911.0
1719346291.8487363,99.0,50911.0
1719346292.0352273,100.0,50911.0
1719346292.2370937,100.0,50911.0
1719346292.4074748,91.0,50911.0
1719346292.6009629,20.0,50911.0
1719346292.7583032,100.0,50911.0
1719346292.930753,99.0,50911.0
1719346293.1051404,100.0,50911.0
1719346293.3023565,100.0,50911.0
1719346293.4882143,100.0,50911.0
1719346293.7174625,49.0,50911.0
1719346293.997864,100.0,50911.0
1719346294.2501256,100.0,50911.0
1719346294.4386187,97.0,50911.0
1719346294.649281,100.0,50911.0
1719346294.8255966,100.0,50911.0
1719346295.0037675,100.0,50911.0
1719346295.17028,87.0,50911.0
1719346295.324152,100.0,50911.0
1719346295.4710474,100.0,50911.0
1719346295.6182868,97.0,50911.0
1719346295.7674587,100.0,50911.0
1719346295.91507,100.0,50911.0
1719346296.0608597,97.0,50911.0
1719346296.207409,100.0,50911.0
1719346296.3743055,96.0,50911.0
1719346296.5684235,100.0,50911.0
1719346296.7656438,96.0,50911.0
1719346296.9516292,100.0,50911.0
1719346297.1308842,100.0,50911.0
1719346297.3136842,96.0,50911.0
1719346297.4771638,100.0,50911.0
1719346297.6430738,97.0,50911.0
1719346297.8197422,100.0,50911.0
1719346298.0185556,82.0,50911.0
1719346298.1938183,100.0,50911.0
1719346298.3662052,100.0,50911.0
1719346298.525123,100.0,50911.0
1719346298.7652733,97.0,50911.0
1719346298.992338,100.0,50911.0
1719346299.2453442,1.0,50911.0
1719346299.5382414,93.0,50911.0
1719346299.7049472,93.0,50911.0
1719346299.8736086,99.0,50911.0
1719346300.047626,99.0,50911.0
1719346300.2040515,100.0,50911.0
1719346300.35512,100.0,50911.0
1719346300.5046854,100.0,50911.0
1719346300.6538908,75.0,50911.0
1719346300.8013697,60.0,50911.0
1719346300.949183,60.0,50911.0
1719346301.0997336,100.0,50911.0
1719346301.2468183,99.0,50911.0
1719346301.4385872,100.0,50911.0
1719346301.6092303,100.0,50911.0
1719346301.779174,100.0,50911.0
1719346301.9712083,100.0,50911.0
1719346302.1503353,89.0,50911.0
1719346302.341953,100.0,50911.0
1719346302.5145762,100.0,50911.0
1719346302.677142,99.0,50911.0
1719346302.8620512,100.0,50911.0
1719346303.0461998,100.0,50911.0
1719346303.2576318,79.0,50911.0
1719346303.448011,32.0,50911.0
1719346303.6088288,100.0,50911.0
1719346303.8443646,99.0,50911.0
1719346304.0355258,100.0,50911.0
1719346304.2570188,100.0,50911.0
1719346304.4495435,100.0,50911.0
1719346304.6715887,38.0,50911.0
1719346304.8332028,60.0,50911.0
1719346305.0148838,100.0,50911.0
1719346305.1842804,99.0,50911.0
1719346305.3339403,99.0,50911.0
1719346305.4850469,100.0,50911.0
1719346305.6314054,100.0,50911.0
1719346305.7791839,100.0,50911.0
1719346305.9291031,100.0,50911.0
1719346306.0828884,35.0,50911.0
1719346306.2334793,100.0,50911.0
1719346306.383901,97.0,50911.0
1719346306.5668871,97.0,50911.0
1719346306.7473075,100.0,50911.0
1719346306.940778,100.0,50911.0
1719346307.1085982,100.0,50911.0
1719346307.3067894,46.0,50911.0
1719346307.4715235,41.0,50911.0
1719346307.6585948,100.0,50911.0
1719346307.814992,98.0,50911.0
1719346307.9895513,100.0,50911.0
1719346308.1752326,100.0,50911.0
1719346308.3430638,100.0,50911.0
1719346308.5129538,100.0,50911.0
1719346308.7049947,28.0,50911.0
1719346308.9260406,100.0,50911.0
1719346309.1453884,99.0,50911.0
1719346309.382609,100.0,50911.0
1719346309.56974,100.0,50911.0
1719346309.786402,100.0,50911.0
1719346310.0113208,77.0,50911.0
1719346310.2013166,43.0,50911.0
1719346310.4086514,99.0,50911.0
1719346310.5661347,99.0,50911.0
1719346310.7194955,100.0,50911.0
1719346310.8724866,100.0,50911.0
1719346311.026496,100.0,50911.0
1719346311.1876535,100.0,50911.0
1719346311.4119413,29.0,50911.0
1719346311.6354373,99.0,50911.0
1719346311.8143003,100.0,50911.0
1719346312.0011072,100.0,50911.0
1719346312.1855266,100.0,50911.0
1719346312.3721998,100.0,50911.0
1719346312.5744715,78.0,50911.0
1719346312.7753215,100.0,50911.0
1719346312.9454587,97.0,50911.0
1719346313.103665,100.0,50911.0
1719346313.2781668,95.0,50911.0
1719346313.4402385,100.0,50911.0
1719346313.622693,100.0,50911.0
1719346313.7808244,96.0,50911.0
1719346313.997769,100.0,50911.0
1719346314.2253864,77.0,50911.0
1719346314.4476898,97.0,50911.0
1719346314.6206615,88.0,50911.0
1719346314.8444085,100.0,50911.0
1719346315.028485,91.0,50911.0
1719346315.210699,91.0,50911.0
1719346315.3780427,100.0,50911.0
1719346315.5317314,96.0,50911.0
1719346315.681227,100.0,50911.0
1719346315.8290224,100.0,50911.0
1719346315.976739,92.0,50911.0
1719346316.1255424,100.0,50911.0
1719346316.2723553,97.0,50911.0
1719346316.4208817,97.0,50911.0
1719346316.5933805,100.0,50911.0
1719346316.8470688,12.0,50911.0
1719346317.05286,97.0,50911.0
1719346317.2432966,93.0,50911.0
1719346317.4218936,93.0,50911.0
1719346317.5894213,100.0,50911.0
1719346317.7590501,100.0,50911.0
1719346317.934001,81.0,50911.0
1719346318.123944,32.0,50911.0
1719346318.3099546,32.0,50911.0
1719346318.4836285,99.0,50911.0
1719346318.6657674,100.0,50911.0
1719346318.8205047,100.0,50911.0
1719346319.0384448,100.0,50911.0
1719346319.2876961,36.0,50911.0
1719346319.496954,61.0,50911.0
1719346319.666227,100.0,50911.0
1719346319.8970737,100.0,50911.0
1719346320.0742846,99.0,50911.0
1719346320.2765641,100.0,50911.0
1719346320.473204,100.0,50911.0
1719346320.6306314,100.0,50911.0
1719346320.7933428,32.0,50911.0
1719346320.942586,100.0,50911.0
1719346321.088398,99.0,50911.0
1719346321.237453,99.0,50911.0
1719346321.3843703,100.0,50911.0
1719346321.5313451,100.0,50911.0
1719346321.7131894,100.0,50911.0
1719346321.904152,45.0,50911.0
1719346322.1233177,55.0,50911.0
1719346322.3115695,100.0,50911.0
1719346322.4986541,99.0,50911.0
1719346322.6663198,100.0,50911.0
1719346322.8418381,100.0,50911.0
1719346322.9969852,100.0,50911.0
1719346323.189599,100.0,50911.0
1719346323.3879426,16.0,50911.0
1719346323.5917542,100.0,50911.0
1719346323.7667508,98.0,50911.0
1719346323.9698222,100.0,50911.0
1719346324.2074506,100.0,50911.0
1719346324.4156358,100.0,50911.0
1719346324.718405,33.0,50911.0
1719346324.9584885,100.0,50911.0
1719346325.1376348,99.0,50911.0
1719346325.3128545,99.0,50911.0
1719346325.4973385,100.0,50911.0
1719346325.6514723,100.0,50911.0
1719346325.806244,100.0,50911.0
1719346325.9573193,37.0,50911.0
1719346326.1097963,37.0,50911.0
1719346326.3074143,95.0,50911.0
1719346326.4592278,99.0,50911.0
1719346326.6120236,100.0,50911.0
1719346326.7843993,100.0,50911.0
1719346326.9768767,100.0,50911.0
1719346327.158583,74.0,50911.0
1719346327.3362868,26.0,50911.0
1719346327.5072765,100.0,50911.0
1719346327.7251081,98.0,50911.0
1719346327.9100468,100.0,50911.0
1719346328.0923681,100.0,50911.0
1719346328.262514,100.0,50911.0
1719346328.4360075,100.0,50911.0
1719346328.6338253,44.0,50911.0
1719346328.8347085,49.0,50911.0
1719346329.0122151,100.0,50911.0
1719346329.2474787,91.0,50911.0
1719346329.4303403,100.0,50911.0
1719346329.6549234,100.0,50911.0
1719346329.8286135,100.0,50911.0
1719346330.0507822,96.0,50911.0
1719346330.204186,100.0,50911.0
1719346330.3878357,85.0,50911.0
1719346330.5624,85.0,50911.0
1719346330.7250721,100.0,50911.0
1719346330.8747103,97.0,50911.0
1719346331.0261457,100.0,50911.0
1719346331.1763325,100.0,50911.0
1719346331.325758,92.0,50911.0
1719346331.4751143,100.0,50911.0
1719346331.6238925,97.0,50911.0
1719346331.7890768,100.0,50911.0
1719346331.9808934,94.0,50911.0
1719346332.1540093,100.0,50911.0
1719346332.3377988,89.0,50911.0
1719346332.5298297,100.0,50911.0
1719346332.7412627,100.0,50911.0
1719346332.9129472,88.0,50911.0
1719346333.0775874,100.0,50911.0
1719346333.2552364,89.0,50911.0
1719346333.4467692,100.0,50911.0
1719346333.6499724,94.0,50911.0
1719346333.831074,100.0,50911.0
1719346334.023935,8.0,50911.0
1719346334.3222425,8.0,50911.0
1719346334.516697,96.0,50911.0
1719346334.748427,100.0,50911.0
1719346334.9708002,100.0,50911.0
1719346335.1358068,100.0,50911.0
1719346335.3237977,100.0,50911.0
1719346335.4942586,63.0,50911.0
1719346335.664462,44.0,50911.0
1719346335.811665,44.0,50911.0
1719346335.9681573,100.0,50911.0
1719346336.1233933,99.0,50911.0
1719346336.2735744,100.0,50911.0
1719346336.420538,100.0,50911.0
1719346336.573352,100.0,50911.0
1719346336.7230892,100.0,50911.0
1719346336.930703,25.0,50911.0
1719346337.1164742,75.0,50911.0
1719346337.2782073,100.0,50911.0
1719346337.4439309,99.0,50911.0
1719346337.647994,100.0,50911.0
1719346337.8129408,100.0,50911.0
1719346337.9867918,100.0,50911.0
1719346338.159124,94.0,50911.0
1719346338.389259,17.0,50911.0
1719346338.592463,99.0,50911.0
1719346338.7751963,99.0,50911.0
1719346338.9339705,100.0,50911.0
1719346339.1824632,100.0,50911.0
1719346339.409791,52.0,50911.0
1719346339.6730328,21.0,50911.0
1719346339.844258,100.0,50911.0
1719346340.0572767,100.0,50911.0
1719346340.219187,99.0,50911.0
1719346340.3982646,100.0,50911.0
1719346340.5600386,100.0,50911.0
1719346340.7256107,100.0,50911.0
1719346340.8740249,47.0,50911.0
1719346341.0243273,47.0,50911.0
1719346341.177896,87.0,50911.0
1719346341.3267193,100.0,50911.0
1719346341.4748173,99.0,50911.0
1719346341.62131,99.0,50911.0
1719346341.7680235,100.0,50911.0
1719346341.9640934,100.0,50911.0
1719346342.147774,82.0,50911.0
1719346342.3212318,30.0,50911.0
1719346342.49714,100.0,50911.0
1719346342.6592057,99.0,50911.0
1719346342.8613527,100.0,50911.0
1719346343.0355134,100.0,50911.0
1719346343.1975265,100.0,50911.0
1719346343.3636444,100.0,50911.0
1719346343.5765655,40.0,50911.0
1719346343.7497098,69.0,50911.0
1719346343.924414,100.0,50911.0
1719346344.104647,97.0,50911.0
1719346344.3310418,100.0,50911.0
1719346344.590036,100.0,50911.0
1719346344.8298314,100.0,50911.0
1719346345.0530243,1.0,50911.0
1719346345.2589285,95.0,50911.0
1719346345.4227388,98.0,50911.0
1719346345.612164,100.0,50911.0
1719346345.786208,100.0,50911.0
1719346345.9402018,100.0,50911.0
1719346346.1002877,79.0,50911.0
1719346346.2633026,63.0,50911.0
1719346346.4120197,63.0,50911.0
1719346346.5634363,100.0,50911.0
1719346346.7151234,98.0,50911.0
1719346346.8648672,100.0,50911.0
1719346347.055823,100.0,50911.0
1719346347.2453039,100.0,50911.0
1719346347.4288335,94.0,50911.0
1719346347.6336577,94.0,50911.0
1719346347.8274858,100.0,50911.0
1719346348.0043867,96.0,50911.0
1719346348.179907,100.0,50911.0
1719346348.3425593,96.0,50911.0
1719346348.5061507,100.0,50911.0
1719346348.6969292,96.0,50911.0
1719346348.9192753,100.0,50911.0
1719346349.1378748,97.0,50911.0
1719346349.315152,100.0,50911.0
1719346349.54305,97.0,50911.0
1719346349.713039,100.0,50911.0
1719346349.9093351,96.0,50911.0
1719346350.1287837,99.0,50911.0
1719346350.2919989,97.0,50911.0
1719346350.484652,96.0,50911.0
1719346350.6541643,96.0,50911.0
1719346350.804381,86.0,50911.0
1719346350.9564412,100.0,50911.0
1719346351.104713,100.0,50911.0
1719346351.2553678,97.0,50911.0
1719346351.4135604,100.0,50911.0
1719346351.5737493,25.0,50911.0
1719346351.7231848,25.0,50911.0
1719346351.8733573,99.0,50911.0
1719346352.058761,100.0,50911.0
1719346352.2382908,100.0,50911.0
1719346352.432151,100.0,50911.0
1719346352.6004946,100.0,50911.0
1719346352.7887785,52.0,50911.0
1719346352.9744391,38.0,50911.0
1719346353.161373,100.0,50911.0
1719346353.322878,98.0,50911.0
1719346353.496987,100.0,50911.0
1719346353.6616805,100.0,50911.0
1719346353.8347857,100.0,50911.0
1719346354.032773,100.0,50911.0
1719346354.190989,35.0,50911.0
1719346354.4149978,99.0,50911.0
1719346354.6674764,100.0,50911.0
1719346354.9042308,100.0,50911.0
1719346355.075082,100.0,50911.0
1719346355.2958221,100.0,50911.0
1719346355.4784324,59.0,50911.0
1719346355.666623,59.0,50911.0
1719346355.835747,100.0,50911.0
1719346355.9985254,99.0,50911.0
1719346356.1532571,100.0,50911.0
1719346356.3014307,100.0,50911.0
1719346356.4493506,100.0,50911.0
1719346356.5986068,100.0,50911.0
1719346356.7780256,30.0,50911.0
1719346356.9274914,30.0,50911.0
1719346357.1224349,99.0,50911.0
1719346357.3021832,100.0,50911.0
1719346357.4708347,100.0,50911.0
1719346357.6552231,100.0,50911.0
1719346357.835419,100.0,50911.0
1719346358.0838535,48.0,50911.0
1719346358.2510397,61.0,50911.0
1719346358.4063845,100.0,50911.0
1719346358.5730667,96.0,50911.0
1719346358.7398148,100.0,50911.0
1719346358.9038327,100.0,50911.0
1719346359.0845284,100.0,50911.0
1719346359.2667587,100.0,50911.0
1719346359.5331602,98.0,50911.0
1719346359.774215,99.0,50911.0
1719346359.9925175,100.0,50911.0
1719346360.198134,100.0,50911.0
1719346360.414972,100.0,50911.0
1719346360.5686977,69.0,50911.0
1719346360.770553,69.0,50911.0
1719346360.9568934,39.0,50911.0
1719346361.147152,99.0,50911.0
1719346361.2966971,99.0,50911.0
1719346361.4479642,100.0,50911.0
1719346361.6023078,100.0,50911.0
1719346361.761985,100.0,50911.0
1719346361.936071,31.0,50911.0
1719346362.1772087,94.0,50911.0
1719346362.3618772,99.0,50911.0
1719346362.5589397,99.0,50911.0
1719346362.7335966,99.0,50911.0
1719346362.9020789,100.0,50911.0
1719346363.0946863,100.0,50911.0
1719346363.2568994,75.0,50911.0
1719346363.424626,24.0,50911.0
1719346363.5832498,24.0,50911.0
1719346363.7658036,99.0,50911.0
1719346363.948098,100.0,50911.0
1719346364.1233573,100.0,50911.0
1719346364.3010445,100.0,50911.0
1719346364.484575,100.0,50911.0
1719346364.7038584,88.0,50911.0
1719346364.8621745,100.0,50911.0
1719346365.0806894,96.0,50911.0
1719346365.263138,100.0,50911.0
1719346365.4799757,83.0,50911.0
1719346365.647919,100.0,50911.0
1719346365.7988133,95.0,50911.0
1719346365.992437,100.0,50911.0
1719346366.1660364,100.0,50911.0
1719346366.3140972,97.0,50911.0
1719346366.4640696,100.0,50911.0
1719346366.6112258,100.0,50911.0
1719346366.760567,97.0,50911.0
1719346366.908521,100.0,50911.0
1719346367.0578766,93.0,50911.0
1719346367.204915,100.0,50911.0
1719346367.4082496,95.0,50911.0
1719346367.5782902,100.0,50911.0
1719346367.747181,96.0,50911.0
1719346367.9218614,96.0,50911.0
1719346368.1018636,100.0,50911.0
1719346368.2876692,93.0,50911.0
1719346368.4726634,100.0,50911.0
1719346368.6399584,59.0,50911.0
1719346368.8333876,57.0,50911.0
1719346369.019028,100.0,50911.0
1719346369.2165415,100.0,50911.0
1719346369.395944,100.0,50911.0
1719346369.5603435,100.0,50911.0
1719346369.789867,100.0,50911.0
1719346369.9837298,12.0,50911.0
1719346370.1983209,96.0,50911.0
1719346370.4158201,97.0,50911.0
1719346370.6240993,97.0,50911.0
1719346370.7939043,100.0,50911.0
1719346370.9774323,100.0,50911.0
1719346371.1487944,100.0,50911.0
1719346371.298932,79.0,50911.0
1719346371.4596524,79.0,50911.0
1719346371.6085942,100.0,50911.0
1719346371.7803364,100.0,50911.0
1719346371.9314413,99.0,50911.0
1719346372.080612,99.0,50911.0
1719346372.2298324,100.0,50911.0
1719346372.3850195,100.0,50911.0
1719346372.5820446,100.0,50911.0
1719346372.771529,22.0,50911.0
1719346372.9654818,89.0,50911.0
1719346373.1467943,100.0,50911.0
1719346373.3404455,99.0,50911.0
1719346373.4980392,100.0,50911.0
1719346373.682475,100.0,50911.0
1719346373.845546,79.0,50911.0
1719346374.050518,33.0,50911.0
1719346374.2277746,33.0,50911.0
1719346374.407098,100.0,50911.0
1719346374.5759394,99.0,50911.0
1719346374.7685497,100.0,50911.0
1719346375.0019565,100.0,50911.0
1719346375.181445,100.0,50911.0
1719346375.4477882,49.0,50911.0
1719346375.6764114,100.0,50911.0
1719346375.8635569,98.0,50911.0
1719346376.0457995,100.0,50911.0
1719346376.2220578,100.0,50911.0
1719346376.3765335,100.0,50911.0
1719346376.5288372,100.0,50911.0
1719346376.6769729,100.0,50911.0
1719346376.8433764,35.0,50911.0
1719346376.9897685,100.0,50911.0
1719346377.137499,99.0,50911.0
1719346377.2902982,100.0,50911.0
1719346377.4382193,100.0,50911.0
1719346377.6315067,100.0,50911.0
1719346377.8266869,54.0,50911.0
1719346378.0333645,54.0,50911.0
1719346378.2067308,65.0,50911.0
1719346378.3907847,100.0,50911.0
1719346378.5491655,99.0,50911.0
1719346378.7292948,100.0,50911.0
1719346378.8875418,100.0,50911.0
1719346379.0645077,99.0,50911.0
1719346379.2470717,99.0,50911.0
1719346379.4705417,32.0,50911.0
1719346379.6669898,99.0,50911.0
1719346379.8315592,100.0,50911.0
1719346380.0512424,100.0,50911.0
1719346380.2294896,100.0,50911.0
1719346380.4498556,43.0,50911.0
1719346380.6849527,43.0,50911.0
1719346380.878832,100.0,50911.0
1719346381.0331686,100.0,50911.0
1719346381.2158039,99.0,50911.0
1719346381.3942807,100.0,50911.0
1719346381.568699,100.0,50911.0
1719346381.7215376,100.0,50911.0
1719346381.8723063,100.0,50911.0
1719346382.0218973,91.0,50911.0
1719346382.1691573,100.0,50911.0
1719346382.31549,97.0,50911.0
1719346382.4639282,97.0,50911.0
1719346382.6120644,100.0,50911.0
1719346382.784171,97.0,50911.0
1719346382.9553602,100.0,50911.0
1719346383.1441765,94.0,50911.0
1719346383.3435385,94.0,50911.0
1719346383.5237951,88.0,50911.0
1719346383.686435,100.0,50911.0
1719346383.8705833,100.0,50911.0
1719346384.02734,96.0,50911.0
1719346384.2087262,100.0,50911.0
1719346384.3809092,96.0,50911.0
1719346384.550342,100.0,50911.0
1719346384.713859,89.0,50911.0
1719346384.8733993,100.0,50911.0
1719346385.0900142,96.0,50911.0
1719346385.310616,100.0,50911.0
1719346385.5302014,96.0,50911.0
1719346385.7019963,100.0,50911.0
1719346385.9347227,100.0,50911.0
1719346386.100492,82.0,50911.0
1719346386.3041048,100.0,50911.0
1719346386.4717185,100.0,50911.0
1719346386.6215765,99.0,50911.0
1719346386.7704039,100.0,50911.0
1719346386.9206233,100.0,50911.0
1719346387.071063,100.0,50911.0
1719346387.2217205,88.0,50911.0
1719346387.3791223,38.0,50911.0
1719346387.5281553,100.0,50911.0
1719346387.6836612,100.0,50911.0
1719346387.872414,99.0,50911.0
1719346388.0488508,100.0,50911.0
1719346388.2263222,100.0,50911.0
1719346388.4076703,100.0,50911.0
1719346388.6069942,32.0,50911.0
1719346388.7898216,60.0,50911.0
1719346388.9562347,100.0,50911.0
1719346389.127727,99.0,50911.0
1719346389.2882817,99.0,50911.0
1719346389.4626644,100.0,50911.0
1719346389.6365657,100.0,50911.0
1719346389.807048,100.0,50911.0
1719346390.0406787,9.0,50911.0
1719346390.2851694,100.0,50911.0
1719346390.5347326,98.0,50911.0
1719346390.7247,100.0,50911.0
1719346390.942011,100.0,50911.0
1719346391.1074183,100.0,50911.0
1719346391.302587,100.0,50911.0
1719346391.5407298,9.0,50911.0
1719346391.6916525,100.0,50911.0
1719346391.8437288,99.0,50911.0
1719346391.9948819,100.0,50911.0
1719346392.1466591,100.0,50911.0
1719346392.2973127,100.0,50911.0
1719346392.4469707,100.0,50911.0
1719346392.6035175,65.0,50911.0
1719346392.8163185,42.0,50911.0
1719346393.012636,100.0,50911.0
1719346393.1816177,94.0,50911.0
1719346393.3637576,100.0,50911.0
1719346393.5358105,100.0,50911.0
1719346393.7221835,100.0,50911.0
1719346393.8990436,100.0,50911.0
1719346394.1016138,31.0,50911.0
1719346394.2735,79.0,50911.0
1719346394.464789,100.0,50911.0
1719346394.6361547,99.0,50911.0
1719346394.815707,99.0,50911.0
1719346394.9710193,100.0,50911.0
1719346395.1969612,87.0,50911.0
1719346395.4573271,2.0,50911.0
1719346395.6931648,99.0,50911.0
1719346395.8830998,97.0,50911.0
1719346396.0889149,100.0,50911.0
1719346396.2405717,100.0,50911.0
1719346396.4347181,100.0,50911.0
1719346396.6030436,69.0,50911.0
1719346396.7660086,69.0,50911.0
1719346396.9154708,54.0,50911.0
1719346397.0629077,100.0,50911.0
1719346397.212422,99.0,50911.0
1719346397.3602443,99.0,50911.0
1719346397.5076156,100.0,50911.0
1719346397.6559548,100.0,50911.0
1719346397.8108332,100.0,50911.0
1719346397.9937885,100.0,50911.0
1719346398.2156253,15.0,50911.0
1719346398.4050407,100.0,50911.0
1719346398.580675,98.0,50911.0
1719346398.7785556,100.0,50911.0
1719346398.9598696,100.0,50911.0
1719346399.1233482,100.0,50911.0
1719346399.2909412,95.0,50911.0
1719346399.481729,100.0,50911.0
1719346399.6474516,96.0,50911.0
1719346399.829747,100.0,50911.0
1719346399.9963064,88.0,50911.0
1719346400.2155833,89.0,50911.0
1719346400.4341915,99.0,50911.0
1719346400.648086,83.0,50911.0
1719346400.8379266,100.0,50911.0
1719346401.08081,95.0,50911.0
1719346401.2551126,100.0,50911.0
1719346401.430486,92.0,50911.0
1719346401.619707,100.0,50911.0
1719346401.7752478,100.0,50911.0
1719346401.9264696,97.0,50911.0
1719346402.0801575,100.0,50911.0
1719346402.2297235,92.0,50911.0
1719346402.3837616,92.0,50911.0
1719346402.5350347,100.0,50911.0
1719346402.6877363,97.0,50911.0
1719346402.839405,100.0,50911.0
1719346403.0252855,100.0,50911.0
1719346403.204951,96.0,50911.0
1719346403.404668,100.0,50911.0
1719346403.6303434,18.0,50911.0
1719346403.8347573,100.0,50911.0
1719346404.0086231,99.0,50911.0
1719346404.176004,99.0,50911.0
1719346404.343915,100.0,50911.0
1719346404.5212703,100.0,50911.0
1719346404.6974497,85.0,50911.0
1719346404.8834913,25.0,50911.0
1719346405.0551062,100.0,50911.0
1719346405.2511697,99.0,50911.0
1719346405.4746966,100.0,50911.0
1719346405.695959,100.0,50911.0
1719346405.9170048,100.0,50911.0
1719346406.174588,45.0,50911.0
1719346406.345445,86.0,50911.0
1719346406.5400257,100.0,50911.0
1719346406.706386,99.0,50911.0
1719346406.8562038,100.0,50911.0
1719346407.005487,100.0,50911.0
1719346407.153642,100.0,50911.0
1719346407.3041818,83.0,50911.0
1719346407.455476,83.0,50911.0
1719346407.6029592,49.0,50911.0
1719346407.7485147,100.0,50911.0
1719346407.9024901,99.0,50911.0
1719346408.0985203,100.0,50911.0
1719346408.2713428,100.0,50911.0
1719346408.4457533,100.0,50911.0
1719346408.6332831,100.0,50911.0
1719346408.8613164,81.0,50911.0
1719346409.0265572,100.0,50911.0
1719346409.211116,100.0,50911.0
1719346409.3696337,99.0,50911.0
1719346409.5385914,100.0,50911.0
1719346409.7232866,100.0,50911.0
1719346409.9048905,87.0,50911.0
1719346410.107192,30.0,50911.0
1719346410.2777882,100.0,50911.0
1719346410.4823148,99.0,50911.0
1719346410.7100418,100.0,50911.0
1719346410.92021,100.0,50911.0
1719346411.1197972,100.0,50911.0
1719346411.3417048,40.0,50911.0
1719346411.5125122,69.0,50911.0
1719346411.7014034,100.0,50911.0
1719346411.8970404,99.0,50911.0
1719346412.0535984,99.0,50911.0
1719346412.203442,100.0,50911.0
1719346412.3531077,100.0,50911.0
1719346412.5022056,100.0,50911.0
1719346412.652195,96.0,50911.0
1719346412.7988834,48.0,50911.0
1719346412.948427,100.0,50911.0
1719346413.1317084,99.0,50911.0
1719346413.319872,100.0,50911.0
1719346413.5108032,100.0,50911.0
1719346413.6979024,100.0,50911.0
1719346413.8956199,23.0,50911.0
1719346414.0882025,23.0,50911.0
1719346414.3022106,86.0,50911.0
1719346414.5073786,99.0,50911.0
1719346414.6798127,99.0,50911.0
1719346414.841973,100.0,50911.0
1719346415.027358,100.0,50911.0
1719346415.1977582,81.0,50911.0
1719346415.4583094,100.0,50911.0
1719346415.6963873,99.0,50911.0
1719346415.9336715,100.0,50911.0
1719346416.1234412,100.0,50911.0
1719346416.3406487,100.0,50911.0
1719346416.5011172,100.0,50911.0
1719346416.6938424,95.0,50911.0
1719346416.9275162,100.0,50911.0
1719346417.0775826,95.0,50911.0
1719346417.2308471,100.0,50911.0
1719346417.3809316,100.0,50911.0
1719346417.5310888,100.0,50911.0
1719346417.6896715,100.0,50911.0
1719346417.8376563,97.0,50911.0
1719346417.9891186,100.0,50911.0
1719346418.1612303,96.0,50911.0
1719346418.343507,100.0,50911.0
1719346418.5389793,96.0,50911.0
1719346418.7384613,100.0,50911.0
1719346418.9227931,100.0,50911.0
1719346419.1122656,95.0,50911.0
1719346419.2857425,100.0,50911.0
1719346419.455349,96.0,50911.0
1719346419.6346283,100.0,50911.0
1719346419.816049,88.0,50911.0
1719346419.981751,100.0,50911.0
1719346420.1594322,95.0,50911.0
1719346420.326733,100.0,50911.0
1719346420.5632167,44.0,50911.0
1719346420.7966073,38.0,50911.0
1719346421.0216393,100.0,50911.0
1719346421.2152722,98.0,50911.0
1719346421.405271,100.0,50911.0
1719346421.5583603,100.0,50911.0
1719346421.7474687,100.0,50911.0
1719346421.9118946,100.0,50911.0
1719346422.0703242,32.0,50911.0
1719346422.2253957,93.0,50911.0
1719346422.3776746,93.0,50911.0
1719346422.543979,100.0,50911.0
1719346422.6954107,92.0,50911.0
1719346422.845693,100.0,50911.0
1719346423.0133305,100.0,50911.0
1719346423.1917136,82.0,50911.0
1719346423.4060357,82.0,50911.0
1719346423.586174,100.0,50911.0
1719346423.7730932,99.0,50911.0
1719346423.9414427,100.0,50911.0
1719346424.1452026,100.0,50911.0
1719346424.3287916,100.0,50911.0
1719346424.488679,100.0,50911.0
1719346424.668632,46.0,50911.0
1719346424.8572311,73.0,50911.0
1719346425.0443957,100.0,50911.0
1719346425.2306423,99.0,50911.0
1719346425.392457,100.0,50911.0
1719346425.6143947,100.0,50911.0
1719346425.8338115,93.0,50911.0
1719346426.145538,51.0,50911.0
1719346426.385312,100.0,50911.0
1719346426.5821865,99.0,50911.0
1719346426.7708983,99.0,50911.0
1719346426.9463363,100.0,50911.0
1719346427.1046574,100.0,50911.0
1719346427.2538564,100.0,50911.0
1719346427.4008508,100.0,50911.0
1719346427.5564883,38.0,50911.0
1719346427.7129729,100.0,50911.0
1719346427.8646572,99.0,50911.0
1719346428.0151844,99.0,50911.0
1719346428.1673412,100.0,50911.0
1719346428.357822,100.0,50911.0
1719346428.5634532,100.0,50911.0
1719346428.7759352,51.0,50911.0
1719346428.9636812,56.0,50911.0
1719346429.1403198,100.0,50911.0
1719346429.3223765,99.0,50911.0
1719346429.4904943,100.0,50911.0
1719346429.6571693,100.0,50911.0
1719346429.8506799,100.0,50911.0
1719346430.0300405,15.0,50911.0
1719346430.2200446,85.0,50911.0
1719346430.4141505,100.0,50911.0
1719346430.6559532,100.0,50911.0
1719346430.841261,100.0,50911.0
1719346431.1198287,100.0,50911.0
1719346431.338635,0.0,50911.0
1719346431.5802467,90.0,50911.0
1719346431.7804446,90.0,50911.0
1719346431.9585052,100.0,50911.0
1719346432.1257956,99.0,50911.0
1719346432.2819583,100.0,50911.0
1719346432.4299185,100.0,50911.0
1719346432.57807,100.0,50911.0
1719346432.7270784,79.0,50911.0
1719346432.880645,53.0,50911.0
1719346433.030329,53.0,50911.0
1719346433.1813703,100.0,50911.0
1719346433.3549287,99.0,50911.0
1719346433.5433655,100.0,50911.0
1719346433.7180462,100.0,50911.0
1719346433.8932202,100.0,50911.0
1719346434.0633667,85.0,50911.0
1719346434.230809,85.0,50911.0
1719346434.4065511,100.0,50911.0
1719346434.5681362,96.0,50911.0
1719346434.7429674,100.0,50911.0
1719346434.9140468,96.0,50911.0
1719346435.0870936,96.0,50911.0
1719346435.2581785,100.0,50911.0
1719346435.4149075,100.0,50911.0
1719346435.6300209,96.0,50911.0
1719346435.859395,100.0,50911.0
1719346436.0842319,96.0,50911.0
1719346436.2597702,100.0,50911.0
1719346436.497081,91.0,50911.0
1719346436.6632156,100.0,50911.0
1719346436.8385625,94.0,50911.0
1719346437.0297956,94.0,50911.0
1719346437.1799476,100.0,50911.0
1719346437.3309298,97.0,50911.0
1719346437.4808,100.0,50911.0
1719346437.6354384,100.0,50911.0
1719346437.787124,97.0,50911.0
1719346437.9394155,100.0,50911.0
1719346438.0876994,100.0,50911.0
1719346438.2485929,100.0,50911.0
1719346438.4291205,98.0,50911.0
1719346438.622544,98.0,50911.0
1719346438.7963235,100.0,50911.0
1719346438.975,100.0,50911.0
1719346439.1648483,100.0,50911.0
1719346439.3397896,63.0,50911.0
1719346439.5217037,59.0,50911.0
1719346439.6849544,100.0,50911.0
1719346439.8508475,99.0,50911.0
1719346440.0260422,100.0,50911.0
1719346440.2206256,100.0,50911.0
1719346440.4102805,100.0,50911.0
1719346440.644156,10.0,50911.0
1719346440.919862,62.0,50911.0
1719346441.1336029,100.0,50911.0
1719346441.3440053,98.0,50911.0
1719346441.5576396,100.0,50911.0
1719346441.7098267,100.0,50911.0
1719346441.902747,100.0,50911.0
1719346442.072763,100.0,50911.0
1719346442.2750235,9.0,50911.0
1719346442.4795747,96.0,50911.0
1719346442.6273408,99.0,50911.0
1719346442.77734,100.0,50911.0
1719346442.925163,100.0,50911.0
1719346443.0723135,100.0,50911.0
1719346443.2220473,100.0,50911.0
1719346443.4080303,71.0,50911.0
1719346443.693878,100.0,50911.0
1719346443.8760283,99.0,50911.0
1719346444.0586982,100.0,50911.0
1719346444.259128,100.0,50911.0
1719346444.4353476,100.0,50911.0
1719346444.6047342,100.0,50911.0
1719346444.7648025,45.0,50911.0
1719346444.9568264,68.0,50911.0
1719346445.1237712,100.0,50911.0
1719346445.3213613,99.0,50911.0
1719346445.4847198,100.0,50911.0
1719346445.729468,100.0,50911.0
1719346445.9707687,99.0,50911.0
1719346446.198313,4.0,50911.0
1719346446.3817124,100.0,50911.0
1719346446.6215084,99.0,50911.0
1719346446.7984428,100.0,50911.0
1719346446.9779134,100.0,50911.0
1719346447.15419,100.0,50911.0
1719346447.3082247,100.0,50911.0
1719346447.469732,64.0,50911.0
1719346447.6157417,67.0,50911.0
1719346447.7637885,67.0,50911.0
1719346447.9371216,99.0,50911.0
1719346448.0834157,99.0,50911.0
1719346448.2315018,100.0,50911.0
1719346448.411056,100.0,50911.0
1719346448.5861623,100.0,50911.0
1719346448.757874,2.0,50911.0
1719346448.950679,92.0,50911.0
1719346449.122563,92.0,50911.0
1719346449.2789154,100.0,50911.0
1719346449.4603589,98.0,50911.0
1719346449.613674,100.0,50911.0
1719346449.7957811,100.0,50911.0
1719346449.968459,76.0,50911.0
1719346450.1877947,76.0,50911.0
1719346450.3575776,100.0,50911.0
1719346450.5287988,84.0,50911.0
1719346450.752602,100.0,50911.0
1719346450.9408073,100.0,50911.0
1719346451.169561,100.0,50911.0
1719346451.3449283,96.0,50911.0
1719346451.5594049,96.0,50911.0
1719346451.7241805,100.0,50911.0
1719346451.900248,95.0,50911.0
1719346452.0711386,100.0,50911.0
1719346452.2192004,97.0,50911.0
1719346452.3675346,97.0,50911.0
1719346452.517084,100.0,50911.0
1719346452.6632445,97.0,50911.0
1719346452.810608,97.0,50911.0
1719346452.9581208,100.0,50911.0
1719346453.1034958,97.0,50911.0
1719346453.2555847,100.0,50911.0
1719346453.4344144,91.0,50911.0
1719346453.6078053,91.0,50911.0
1719346453.7736173,96.0,50911.0
1719346453.9685109,100.0,50911.0
1719346454.1689162,96.0,50911.0
1719346454.324122,96.0,50911.0
1719346454.488823,100.0,50911.0
1719346454.6401224,90.0,50911.0
1719346454.818299,100.0,50911.0
1719346454.9908965,97.0,50911.0
1719346455.1704252,97.0,50911.0
1719346455.3495018,100.0,50911.0
1719346455.599981,52.0,50911.0
1719346455.8234217,100.0,50911.0
1719346456.002571,98.0,50911.0
1719346456.220335,100.0,50911.0
1719346456.4388666,100.0,50911.0
1719346456.6200025,100.0,50911.0
1719346456.780769,100.0,50911.0
1719346456.9963202,19.0,50911.0
1719346457.1975565,100.0,50911.0
1719346457.3449602,96.0,50911.0
1719346457.4919157,100.0,50911.0
1719346457.6370363,100.0,50911.0
1719346457.7846773,100.0,50911.0
1719346457.9303818,100.0,50911.0
1719346458.0787838,69.0,50911.0
1719346458.2418911,68.0,50911.0
1719346458.431726,68.0,50911.0
1719346458.6173604,99.0,50911.0
1719346458.785635,99.0,50911.0
1719346458.97486,100.0,50911.0
1719346459.1662157,100.0,50911.0
1719346459.331538,100.0,50911.0
1719346459.5310278,24.0,50911.0
1719346459.6955235,100.0,50911.0
1719346459.860965,99.0,50911.0
1719346460.048464,100.0,50911.0
1719346460.2269936,100.0,50911.0
1719346460.399206,100.0,50911.0
1719346460.5822623,100.0,50911.0
1719346460.843863,45.0,50911.0
1719346461.0262575,38.0,50911.0
1719346461.260337,99.0,50911.0
1719346461.4924505,100.0,50911.0
1719346461.6863878,100.0,50911.0
1719346461.8626428,100.0,50911.0
1719346462.0481944,100.0,50911.0
1719346462.2383575,84.0,50911.0
1719346462.4081376,84.0,50911.0
1719346462.5546048,100.0,50911.0
1719346462.7036262,99.0,50911.0
1719346462.8522282,100.0,50911.0
1719346463.0161264,100.0,50911.0
1719346463.162804,100.0,50911.0
1719346463.3098507,82.0,50911.0
1719346463.5013871,30.0,50911.0
1719346463.6831615,100.0,50911.0
1719346463.8571482,99.0,50911.0
1719346464.0409286,100.0,50911.0
1719346464.2157917,100.0,50911.0
1719346464.3775394,100.0,50911.0
1719346464.5559266,100.0,50911.0
1719346464.7138844,39.0,50911.0
1719346464.8914723,76.0,50911.0
1719346465.0841362,76.0,50911.0
1719346465.2769332,99.0,50911.0
1719346465.4418857,99.0,50911.0
1719346465.6032321,100.0,50911.0
1719346465.8400025,90.0,50911.0
1719346466.1165864,25.0,50911.0
1719346466.3562272,100.0,50911.0
1719346466.623646,99.0,50911.0
1719346466.788152,100.0,50911.0
1719346466.9573019,100.0,50911.0
1719346467.1272895,100.0,50911.0
1719346467.2815979,100.0,50911.0
1719346467.4635975,45.0,50911.0
1719346467.6156633,83.0,50911.0
1719346467.7721949,100.0,50911.0
1719346467.9285195,99.0,50911.0
1719346468.08781,100.0,50911.0
1719346468.2532961,100.0,50911.0
1719346468.442842,100.0,50911.0
1719346468.6185124,95.0,50911.0
1719346468.8117027,100.0,50911.0
1719346468.9995108,96.0,50911.0
1719346469.1933014,100.0,50911.0
1719346469.3784087,96.0,50911.0
1719346469.5607026,100.0,50911.0
1719346469.715954,100.0,50911.0
1719346469.8829393,100.0,50911.0
1719346470.0624852,100.0,50911.0
1719346470.242477,95.0,50911.0
1719346470.4167166,100.0,50911.0
1719346470.571665,97.0,50911.0
1719346470.8008962,100.0,50911.0
1719346471.0388947,96.0,50911.0
1719346471.2625654,100.0,50911.0
1719346471.4456568,96.0,50911.0
1719346471.6802363,100.0,50911.0
1719346471.8327684,91.0,50911.0
1719346472.016507,100.0,50911.0
1719346472.18941,96.0,50911.0
1719346472.3381236,96.0,50911.0
1719346472.4900317,100.0,50911.0
1719346472.6384106,77.0,50911.0
1719346472.7892718,57.0,50911.0
1719346472.9414403,57.0,50911.0
1719346473.0893023,100.0,50911.0
1719346473.2388656,99.0,50911.0
1719346473.419159,100.0,50911.0
1719346473.590047,100.0,50911.0
1719346473.7623248,100.0,50911.0
1719346473.9397564,15.0,50911.0
1719346474.1282656,95.0,50911.0
1719346474.3527937,99.0,50911.0
1719346474.5227735,100.0,50911.0
1719346474.69588,100.0,50911.0
1719346474.8671443,100.0,50911.0
1719346475.0345979,100.0,50911.0
1719346475.2070699,72.0,50911.0
1719346475.3937829,28.0,50911.0
1719346475.5614476,100.0,50911.0
1719346475.8023968,99.0,50911.0
1719346476.0167193,100.0,50911.0
1719346476.2356603,100.0,50911.0
1719346476.4269526,100.0,50911.0
1719346476.6557727,40.0,50911.0
1719346476.8215969,64.0,50911.0
1719346476.9920962,64.0,50911.0
1719346477.1666074,99.0,50911.0
1719346477.3210263,99.0,50911.0
1719346477.4698184,100.0,50911.0
1719346477.626379,100.0,50911.0
1719346477.7735028,100.0,50911.0
1719346477.9228284,96.0,50911.0
1719346478.0743492,33.0,50911.0
1719346478.2228675,33.0,50911.0
1719346478.3791888,100.0,50911.0
1719346478.5805418,100.0,50911.0
1719346478.7645144,100.0,50911.0
1719346478.9535272,100.0,50911.0
1719346479.1483295,44.0,50911.0
1719346479.3801913,44.0,50911.0
1719346479.5871518,64.0,50911.0
1719346479.7718427,100.0,50911.0
1719346479.9349246,99.0,50911.0
1719346480.1014495,100.0,50911.0
1719346480.2777648,100.0,50911.0
1719346480.4548128,100.0,50911.0
1719346480.6354594,31.0,50911.0
1719346480.8421142,100.0,50911.0
1719346481.0846448,99.0,50911.0
1719346481.3188257,100.0,50911.0
1719346481.5187595,100.0,50911.0
1719346481.7542753,100.0,50911.0
1719346481.951047,82.0,50911.0
1719346482.1554282,82.0,50911.0
1719346482.332523,100.0,50911.0
1719346482.4826133,99.0,50911.0
1719346482.6332633,100.0,50911.0
1719346482.782696,100.0,50911.0
1719346482.9467094,100.0,50911.0
1719346483.1005838,88.0,50911.0
1719346483.2505386,57.0,50911.0
1719346483.3965054,57.0,50911.0
1719346483.542858,100.0,50911.0
1719346483.7272966,99.0,50911.0
1719346483.9235332,100.0,50911.0
1719346484.0829253,100.0,50911.0
1719346484.266694,100.0,50911.0
1719346484.4692638,13.0,50911.0
1719346484.6382449,87.0,50911.0
1719346484.8158484,100.0,50911.0
1719346484.9726722,100.0,50911.0
1719346485.136037,99.0,50911.0
1719346485.3216803,100.0,50911.0
1719346485.49405,100.0,50911.0
1719346485.6805208,95.0,50911.0
1719346485.8466907,100.0,50911.0
1719346486.0786216,96.0,50911.0
1719346486.2498078,100.0,50911.0
1719346486.4958968,81.0,50911.0
1719346486.746873,100.0,50911.0
1719346486.9231198,97.0,50911.0
1719346487.0924993,100.0,50911.0
1719346487.2666888,95.0,50911.0
1719346487.4335306,95.0,50911.0
1719346487.5849583,100.0,50911.0
1719346487.7404447,97.0,50911.0
1719346487.88822,100.0,50911.0
1719346488.0507736,100.0,50911.0
1719346488.2018654,97.0,50911.0
1719346488.3566098,100.0,50911.0
1719346488.5130916,97.0,50911.0
1719346488.6980414,100.0,50911.0
1719346488.8680186,96.0,50911.0
1719346489.054991,100.0,50911.0
1719346489.236587,96.0,50911.0
1719346489.4111762,100.0,50911.0
1719346489.5746665,100.0,50911.0
1719346489.7700021,81.0,50911.0
1719346489.937793,24.0,50911.0
1719346490.1083348,100.0,50911.0
1719346490.3218088,99.0,50911.0
1719346490.5354235,100.0,50911.0
1719346490.7135181,100.0,50911.0
1719346490.9030633,100.0,50911.0
1719346491.1334183,46.0,50911.0
1719346491.3085096,39.0,50911.0
1719346491.525232,100.0,50911.0
1719346491.7238219,99.0,50911.0
1719346491.9253767,100.0,50911.0
1719346492.0852747,100.0,50911.0
1719346492.255078,100.0,50911.0
1719346492.4405353,30.0,50911.0
1719346492.6235678,30.0,50911.0
1719346492.7709842,95.0,50911.0
1719346492.9178185,99.0,50911.0
1719346493.067157,99.0,50911.0
1719346493.2144756,100.0,50911.0
1719346493.3609433,100.0,50911.0
1719346493.5073864,100.0,50911.0
1719346493.6616182,72.0,50911.0
1719346493.8358908,35.0,50911.0
1719346494.022564,35.0,50911.0
1719346494.2141542,100.0,50911.0
1719346494.4026003,98.0,50911.0
1719346494.582601,100.0,50911.0
1719346494.7388654,100.0,50911.0
1719346494.900994,100.0,50911.0
1719346495.0746927,100.0,50911.0
1719346495.277248,33.0,50911.0
1719346495.4841433,100.0,50911.0
1719346495.696032,100.0,50911.0
1719346495.8877985,99.0,50911.0
1719346496.082787,100.0,50911.0
1719346496.3091981,83.0,50911.0
1719346496.4896088,15.0,50911.0
1719346496.733494,100.0,50911.0
1719346496.9660423,99.0,50911.0
1719346497.1651433,100.0,50911.0
1719346497.3473089,100.0,50911.0
1719346497.5218098,100.0,50911.0
1719346497.6781116,100.0,50911.0
1719346497.8977487,53.0,50911.0
1719346498.0972857,100.0,50911.0
1719346498.2471144,100.0,50911.0
1719346498.3965514,99.0,50911.0
1719346498.5492706,100.0,50911.0
1719346498.7044709,100.0,50911.0
1719346498.8969948,90.0,50911.0
1719346499.083442,17.0,50911.0
1719346499.285533,17.0,50911.0
1719346499.5176451,100.0,50911.0
1719346499.6855123,99.0,50911.0
1719346499.855119,100.0,50911.0
1719346500.009593,100.0,50911.0
1719346500.1862807,100.0,50911.0
1719346500.3665905,52.0,50911.0
1719346500.5452726,66.0,50911.0
1719346500.713338,100.0,50911.0
1719346500.897966,100.0,50911.0
1719346501.1400244,99.0,50911.0
1719346501.3304052,100.0,50911.0
1719346501.5532455,100.0,50911.0
1719346501.7219632,8.0,50911.0
1719346501.9626539,100.0,50911.0
1719346502.164006,98.0,50911.0
1719346502.3449557,100.0,50911.0
1719346502.516951,100.0,50911.0
1719346502.66831,100.0,50911.0
1719346502.815692,100.0,50911.0
1719346502.9619365,97.0,50911.0
1719346503.1085963,97.0,50911.0
1719346503.2562754,100.0,50911.0
1719346503.402804,97.0,50911.0
1719346503.551113,97.0,50911.0
1719346503.7010558,100.0,50911.0
1719346503.8699024,95.0,50911.0
1719346504.0399706,100.0,50911.0
1719346504.216142,96.0,50911.0
1719346504.3954146,96.0,50911.0
1719346504.5711174,89.0,50911.0
1719346504.7316883,100.0,50911.0
1719346504.8948214,100.0,50911.0
1719346505.0596068,91.0,50911.0
1719346505.2234814,100.0,50911.0
1719346505.3926113,91.0,50911.0
1719346505.5568416,100.0,50911.0
1719346505.734212,100.0,50911.0
1719346505.9129615,100.0,50911.0
1719346506.1462004,100.0,50911.0
1719346506.3149707,97.0,50911.0
1719346506.530048,100.0,50911.0
1719346506.708709,97.0,50911.0
1719346506.92091,100.0,50911.0
1719346507.077853,65.0,50911.0
1719346507.2600172,46.0,50911.0
1719346507.4370027,100.0,50911.0
1719346507.5929437,99.0,50911.0
1719346507.7550957,100.0,50911.0
1719346507.9119868,100.0,50911.0
1719346508.065813,100.0,50911.0
1719346508.2211578,100.0,50911.0
1719346508.3733296,45.0,50911.0
1719346508.5300443,45.0,50911.0
1719346508.7037964,100.0,50911.0
1719346508.8772912,92.0,50911.0
1719346509.049323,100.0,50911.0
1719346509.260617,100.0,50911.0
1719346509.447008,100.0,50911.0
1719346509.6224566,53.0,50911.0
1719346509.8046758,53.0,50911.0
1719346509.9614713,56.0,50911.0
1719346510.1284034,99.0,50911.0
1719346510.331696,99.0,50911.0
1719346510.4907718,100.0,50911.0
1719346510.669479,100.0,50911.0
1719346510.8589733,100.0,50911.0
1719346511.100586,12.0,50911.0
1719346511.3185124,80.0,50911.0
1719346511.5355697,100.0,50911.0
1719346511.7235544,96.0,50911.0
1719346511.947488,100.0,50911.0
1719346512.1176333,100.0,50911.0
1719346512.3215358,92.0,50911.0
1719346512.5126812,17.0,50911.0
1719346512.6608613,100.0,50911.0
1719346512.8138049,99.0,50911.0
1719346512.9629967,99.0,50911.0
1719346513.110156,100.0,50911.0
1719346513.2569263,100.0,50911.0
1719346513.4033375,100.0,50911.0
1719346513.5529263,100.0,50911.0
1719346513.717753,51.0,50911.0
1719346513.8904884,66.0,50911.0
1719346514.060147,100.0,50911.0
1719346514.2443516,99.0,50911.0
1719346514.4329903,99.0,50911.0
1719346514.6247299,100.0,50911.0
1719346514.780914,100.0,50911.0
1719346514.957842,15.0,50911.0
1719346515.1737847,100.0,50911.0
1719346515.387212,100.0,50911.0
1719346515.5839326,98.0,50911.0
1719346515.7677696,100.0,50911.0
1719346515.9299867,100.0,50911.0
1719346516.1547422,100.0,50911.0
1719346516.3639898,59.0,50911.0
1719346516.6184661,94.0,50911.0
1719346516.8471005,98.0,50911.0
1719346517.0404427,94.0,50911.0
1719346517.2051978,94.0,50911.0
1719346517.3690758,100.0,50911.0
1719346517.533354,100.0,50911.0
1719346517.696575,80.0,50911.0
1719346517.8727784,51.0,50911.0
1719346518.0215964,51.0,50911.0
1719346518.1700754,100.0,50911.0
1719346518.324147,99.0,50911.0
1719346518.4729435,100.0,50911.0
1719346518.6217194,100.0,50911.0
1719346518.8056374,100.0,50911.0
1719346518.9879644,100.0,50911.0
1719346519.2407203,99.0,50911.0
1719346519.4320817,98.0,50911.0
1719346519.6277997,100.0,50911.0
1719346519.8030856,100.0,50911.0
1719346519.9832768,100.0,50911.0
1719346520.1376638,100.0,50911.0
1719346520.3111818,96.0,50911.0
1719346520.4916308,100.0,50911.0
1719346520.6706688,95.0,50911.0
1719346520.8560185,100.0,50911.0
1719346521.0942185,89.0,50911.0
1719346521.3228006,100.0,50911.0
1719346521.5453703,97.0,50911.0
1719346521.7378662,100.0,50911.0
1719346521.976573,91.0,50911.0
1719346522.144203,100.0,50911.0
1719346522.3526375,96.0,50911.0
1719346522.5411167,100.0,50911.0
1719346522.691312,100.0,50911.0
1719346522.8398435,97.0,50911.0
1719346522.989172,100.0,50911.0
1719346523.1400247,97.0,50911.0
1719346523.292592,100.0,50911.0
1719346523.4418306,100.0,50911.0
1719346523.5914347,97.0,50911.0
1719346523.7428818,100.0,50911.0
1719346523.909083,96.0,50911.0
1719346524.0754943,100.0,50911.0
1719346524.248995,100.0,50911.0
1719346524.4788003,53.0,50911.0
1719346524.6533992,100.0,50911.0
1719346524.8615928,99.0,50911.0
1719346525.0202887,99.0,50911.0
1719346525.198326,100.0,50911.0
1719346525.368442,100.0,50911.0
1719346525.5431523,100.0,50911.0
1719346525.7088594,20.0,50911.0
1719346525.8867736,100.0,50911.0
1719346526.0583675,98.0,50911.0
1719346526.2661808,100.0,50911.0
1719346526.5028949,100.0,50911.0
1719346526.7224908,100.0,50911.0
1719346526.9360878,65.0,50911.0
1719346527.2205725,13.0,50911.0
1719346527.3942058,100.0,50911.0
1719346527.5769732,99.0,50911.0
1719346527.755588,100.0,50911.0
1719346527.918838,100.0,50911.0
1719346528.075779,100.0,50911.0
1719346528.2298443,100.0,50911.0
1719346528.3821533,56.0,50911.0
1719346528.5335605,56.0,50911.0
1719346528.6997728,100.0,50911.0
1719346528.8674998,99.0,50911.0
1719346529.052529,99.0,50911.0
1719346529.2358227,100.0,50911.0
1719346529.4210324,100.0,50911.0
1719346529.6230729,86.0,50911.0
1719346529.8045044,41.0,50911.0
1719346529.9931235,100.0,50911.0
1719346530.1757867,99.0,50911.0
1719346530.337645,100.0,50911.0
1719346530.508385,100.0,50911.0
1719346530.6912382,100.0,50911.0
1719346530.8539479,100.0,50911.0
1719346531.068601,28.0,50911.0
1719346531.2386973,100.0,50911.0
1719346531.535361,99.0,50911.0
1719346531.7409182,100.0,50911.0
1719346531.9654171,100.0,50911.0
1719346532.2217612,98.0,50911.0
1719346532.4145339,11.0,50911.0
1719346532.5875509,100.0,50911.0
1719346532.7759728,100.0,50911.0
1719346532.9453585,99.0,50911.0
1719346533.1030893,100.0,50911.0
1719346533.2610776,100.0,50911.0
1719346533.4157982,100.0,50911.0
1719346533.578245,57.0,50911.0
1719346533.7465324,86.0,50911.0
1719346533.908992,86.0,50911.0
1719346534.0629404,100.0,50911.0
1719346534.232988,99.0,50911.0
1719346534.4162335,100.0,50911.0
1719346534.5911398,100.0,50911.0
1719346534.7867405,81.0,50911.0
1719346534.9836235,81.0,50911.0
1719346535.1625767,100.0,50911.0
1719346535.3559198,99.0,50911.0
1719346535.521365,99.0,50911.0
1719346535.68218,100.0,50911.0
1719346535.8689551,100.0,50911.0
1719346536.0618763,100.0,50911.0
1719346536.240491,54.0,50911.0
1719346536.4382255,90.0,50911.0
1719346536.6611478,100.0,50911.0
1719346536.853308,99.0,50911.0
1719346537.0954502,100.0,50911.0
1719346537.3233905,95.0,50911.0
1719346537.5232885,95.0,50911.0
1719346537.7038083,100.0,50911.0
1719346537.8983536,95.0,50911.0
1719346538.0520182,100.0,50911.0
1719346538.2166839,97.0,50911.0
1719346538.3731518,97.0,50911.0
1719346538.5231552,100.0,50911.0
1719346538.6793182,97.0,50911.0
1719346538.83773,100.0,50911.0
1719346538.9995856,100.0,50911.0
1719346539.162722,97.0,50911.0
1719346539.3860478,94.0,50911.0
1719346539.580182,100.0,50911.0
1719346539.7549129,88.0,50911.0
1719346539.953878,100.0,50911.0
1719346540.1788435,97.0,50911.0
1719346540.3543098,97.0,50911.0
1719346540.5339446,100.0,50911.0
1719346540.7170331,97.0,50911.0
1719346540.889711,100.0,50911.0
1719346541.0740657,96.0,50911.0
1719346541.259879,100.0,50911.0
1719346541.4278677,71.0,50911.0
1719346541.7127063,2.0,50911.0
1719346541.9103148,100.0,50911.0
1719346542.150349,99.0,50911.0
1719346542.3503888,100.0,50911.0
1719346542.5652807,100.0,50911.0
1719346542.7522037,100.0,50911.0
1719346542.923731,66.0,50911.0
1719346543.1114452,62.0,50911.0
1719346543.2655947,62.0,50911.0
1719346543.4202504,99.0,50911.0
1719346543.5833151,99.0,50911.0
1719346543.7336285,100.0,50911.0
1719346543.883877,100.0,50911.0
1719346544.0359437,98.0,50911.0
1719346544.1892838,98.0,50911.0
1719346544.4200954,100.0,50911.0
1719346544.5918763,100.0,50911.0
1719346544.7587428,99.0,50911.0
1719346544.9490798,100.0,50911.0
1719346545.1512856,100.0,50911.0
1719346545.3067944,100.0,50911.0
1719346545.4773836,36.0,50911.0
1719346545.64122,36.0,50911.0
1719346545.838256,72.0,50911.0
1719346546.036466,98.0,50911.0
1719346546.205227,100.0,50911.0
1719346546.3950622,100.0,50911.0
1719346546.586391,95.0,50911.0
1719346546.8169985,2.0,50911.0
1719346547.0673504,97.0,50911.0
1719346547.2932365,99.0,50911.0
1719346547.5108826,100.0,50911.0
1719346547.703199,100.0,50911.0
1719346547.8814611,100.0,50911.0
1719346548.0537643,70.0,50911.0
1719346548.241282,70.0,50911.0
1719346548.3921714,55.0,50911.0
1719346548.5391912,100.0,50911.0
1719346548.6903386,100.0,50911.0
1719346548.8625503,100.0,50911.0
1719346549.0094447,100.0,50911.0
1719346549.1564994,100.0,50911.0
1719346549.3077006,100.0,50911.0
1719346549.4932916,12.0,50911.0
1719346549.6967986,69.0,50911.0
1719346549.9023783,100.0,50911.0
1719346550.0940526,100.0,50911.0
1719346550.2779527,99.0,50911.0
1719346550.4887147,100.0,50911.0
1719346550.6657555,99.0,50911.0
1719346550.8297892,99.0,50911.0
1719346551.0121984,2.0,50911.0
1719346551.1911933,99.0,50911.0
1719346551.352504,99.0,50911.0
1719346551.5255055,100.0,50911.0
1719346551.75084,100.0,50911.0
1719346551.92653,100.0,50911.0
1719346552.1596131,67.0,50911.0
1719346552.4089472,27.0,50911.0
1719346552.5934968,100.0,50911.0
1719346552.7592962,99.0,50911.0
1719346552.9339893,99.0,50911.0
1719346553.0900548,100.0,50911.0
1719346553.2453547,100.0,50911.0
1719346553.393652,100.0,50911.0
1719346553.544929,42.0,50911.0
1719346553.6982372,82.0,50911.0
1719346553.8628507,82.0,50911.0
1719346554.0084608,100.0,50911.0
1719346554.165559,99.0,50911.0
1719346554.34776,100.0,50911.0
1719346554.518556,100.0,50911.0
1719346554.6820447,100.0,50911.0
1719346554.9057136,85.0,50911.0
1719346555.1150432,96.0,50911.0
1719346555.2860358,92.0,50911.0
1719346555.4628298,97.0,50911.0
1719346555.6318023,100.0,50911.0
1719346555.7922277,96.0,50911.0
1719346555.9613945,100.0,50911.0
1719346556.1505094,97.0,50911.0
1719346556.3375778,97.0,50911.0
1719346556.5339456,94.0,50911.0
1719346556.7639234,100.0,50911.0
1719346556.9486473,90.0,50911.0
1719346557.1779008,100.0,50911.0
1719346557.417636,96.0,50911.0
1719346557.6108246,100.0,50911.0
1719346557.789762,97.0,50911.0
1719346557.9604056,100.0,50911.0
1719346558.1148703,100.0,50911.0
1719346558.2631981,91.0,50911.0
1719346558.410996,100.0,50911.0
1719346558.5559833,100.0,50911.0
1719346558.703991,97.0,50911.0
1719346558.8573632,100.0,50911.0
1719346559.0263512,28.0,50911.0
1719346559.2081375,100.0,50911.0
1719346559.3773856,99.0,50911.0
1719346559.5467157,100.0,50911.0
1719346559.740858,100.0,50911.0
1719346559.9248843,100.0,50911.0
1719346560.103776,49.0,50911.0
