timestamp,gpu_util,gpu_mem
1718648419.0616481,0.0,4.0
1718648419.1889138,0.0,4.0
1718648419.3165631,0.0,4.0
1718648419.4439125,0.0,21.0
1718648419.5834224,0.0,709.0
1718648419.7129502,7.0,709.0
1718648419.8379505,6.0,709.0
1718648419.9637215,6.0,709.0
1718648420.0928776,0.0,709.0
1718648420.219823,0.0,709.0
1718648420.3459167,0.0,709.0
1718648420.4720247,0.0,709.0
1718648420.5981612,0.0,709.0
1718648420.7265255,0.0,709.0
1718648420.8544846,0.0,709.0
1718648420.9806044,0.0,709.0
1718648421.1056955,0.0,709.0
1718648421.2302856,0.0,709.0
1718648421.355189,0.0,709.0
1718648421.4806051,0.0,709.0
1718648421.605537,0.0,709.0
1718648421.7321289,0.0,709.0
1718648421.861697,0.0,709.0
1718648421.9870749,0.0,709.0
1718648422.1116147,0.0,709.0
1718648422.2562284,0.0,709.0
1718648422.380702,0.0,709.0
1718648422.5051382,0.0,709.0
1718648422.6289077,0.0,709.0
1718648422.7535586,0.0,709.0
1718648422.8826394,0.0,709.0
1718648423.0081902,0.0,709.0
1718648423.133134,0.0,709.0
1718648423.2591991,0.0,709.0
1718648423.3951554,0.0,709.0
1718648423.5227673,0.0,709.0
1718648423.650773,0.0,709.0
1718648423.781977,0.0,709.0
1718648423.9107206,0.0,709.0
1718648424.0362413,0.0,709.0
1718648424.161333,0.0,709.0
1718648424.2856832,0.0,709.0
1718648424.4128633,0.0,709.0
1718648424.539641,0.0,709.0
1718648424.665431,0.0,709.0
1718648424.7907028,0.0,709.0
1718648424.9170387,0.0,709.0
1718648425.0411103,0.0,709.0
1718648425.1660268,0.0,709.0
1718648425.2923281,0.0,709.0
1718648425.4222667,0.0,709.0
1718648425.5511048,0.0,709.0
1718648425.6787531,0.0,709.0
1718648425.8084795,0.0,709.0
1718648425.9367473,0.0,709.0
1718648426.0632656,0.0,709.0
1718648426.1915166,0.0,709.0
1718648426.3187327,0.0,709.0
1718648426.446613,0.0,709.0
1718648426.5722945,0.0,709.0
1718648426.700425,0.0,709.0
1718648426.8267775,0.0,709.0
1718648426.9542954,0.0,709.0
1718648427.0842817,0.0,709.0
1718648427.2117927,0.0,709.0
1718648427.3387756,0.0,709.0
1718648427.468809,0.0,709.0
1718648427.5975142,0.0,709.0
1718648427.7259548,0.0,709.0
1718648427.8530254,0.0,709.0
1718648427.9827704,0.0,709.0
1718648428.1110685,0.0,709.0
1718648428.2396336,0.0,709.0
1718648428.3689198,0.0,709.0
1718648428.4974113,0.0,709.0
1718648428.6245215,0.0,709.0
1718648428.751968,0.0,709.0
1718648428.8792198,0.0,709.0
1718648429.006808,0.0,709.0
1718648429.1333685,0.0,709.0
1718648429.260058,0.0,709.0
1718648429.3879073,0.0,709.0
1718648429.51552,0.0,709.0
1718648429.6433632,0.0,709.0
1718648429.772396,0.0,709.0
1718648429.899068,0.0,709.0
1718648430.02826,0.0,709.0
1718648430.1569488,0.0,709.0
1718648430.2844205,0.0,709.0
1718648430.4115894,0.0,709.0
1718648430.539987,0.0,709.0
1718648430.6707876,0.0,709.0
1718648430.7978952,0.0,709.0
1718648430.9248502,0.0,709.0
1718648431.0521643,0.0,709.0
1718648431.1795726,0.0,709.0
1718648431.3061814,0.0,709.0
1718648431.434152,0.0,709.0
1718648431.5629644,0.0,709.0
1718648431.694326,0.0,709.0
1718648431.8222282,0.0,709.0
1718648431.9502745,0.0,709.0
1718648432.0782955,0.0,709.0
1718648432.2058473,0.0,709.0
1718648432.3341777,0.0,709.0
1718648432.4610944,0.0,709.0
1718648432.5893874,0.0,709.0
1718648432.719143,0.0,709.0
1718648432.8473105,0.0,709.0
1718648432.97465,0.0,709.0
1718648433.1027377,0.0,709.0
1718648433.2297282,0.0,709.0
1718648433.356265,0.0,709.0
1718648433.4828827,0.0,709.0
1718648433.612579,0.0,709.0
1718648433.742948,0.0,709.0
1718648433.8715844,0.0,709.0
1718648434.0002415,0.0,709.0
1718648434.130226,0.0,709.0
1718648434.2579231,0.0,709.0
1718648434.3846178,0.0,709.0
1718648434.5148556,0.0,709.0
1718648434.6433249,0.0,709.0
1718648434.7738552,0.0,709.0
1718648434.9007242,0.0,709.0
1718648435.0281177,0.0,709.0
1718648435.1565223,0.0,709.0
1718648435.2850542,0.0,709.0
1718648435.4137218,0.0,709.0
1718648435.5433,0.0,709.0
1718648435.6718986,0.0,709.0
1718648435.8015332,0.0,709.0
1718648435.930095,0.0,709.0
1718648436.0569193,0.0,709.0
1718648436.186054,0.0,709.0
1718648436.3150144,0.0,709.0
1718648436.4443069,0.0,709.0
1718648436.571682,0.0,709.0
1718648436.7000723,0.0,709.0
1718648436.827108,0.0,709.0
1718648436.9545488,0.0,709.0
1718648437.0823934,0.0,709.0
1718648437.2087467,0.0,709.0
1718648437.3353252,0.0,709.0
1718648437.4618676,0.0,709.0
1718648437.5892832,0.0,709.0
1718648437.7170036,0.0,709.0
1718648437.843238,0.0,709.0
1718648437.9696348,0.0,709.0
1718648438.096006,0.0,709.0
1718648438.2221723,0.0,709.0
1718648438.3514376,0.0,709.0
1718648438.4775147,0.0,709.0
1718648438.6039634,0.0,709.0
1718648438.7315214,0.0,709.0
1718648438.860583,0.0,709.0
1718648438.989854,0.0,709.0
1718648439.1189537,0.0,709.0
1718648439.2494962,0.0,709.0
1718648439.378183,0.0,709.0
1718648439.5060897,0.0,709.0
1718648439.6333313,0.0,709.0
1718648439.762835,0.0,709.0
1718648439.8903291,0.0,709.0
1718648440.0170653,0.0,709.0
1718648440.1445436,0.0,709.0
1718648440.2747118,0.0,709.0
1718648440.4029326,0.0,709.0
1718648440.530257,0.0,709.0
1718648440.657357,0.0,709.0
1718648440.7865524,0.0,709.0
1718648440.913521,0.0,709.0
1718648441.0404954,0.0,709.0
1718648441.1695075,0.0,709.0
1718648441.299376,0.0,709.0
1718648441.428612,0.0,709.0
1718648441.5577424,0.0,709.0
1718648441.6860316,0.0,709.0
1718648441.815582,0.0,709.0
1718648441.944397,0.0,709.0
1718648442.0736573,0.0,709.0
1718648442.20362,0.0,709.0
1718648442.3316746,0.0,709.0
1718648442.4591641,0.0,709.0
1718648442.5858781,0.0,709.0
1718648442.715626,0.0,709.0
1718648442.8445315,0.0,709.0
1718648442.9735672,0.0,709.0
1718648443.1029994,0.0,709.0
1718648443.231933,0.0,709.0
1718648443.3588665,0.0,709.0
1718648443.4871244,0.0,709.0
1718648443.6164238,0.0,709.0
1718648443.7463698,0.0,709.0
1718648443.8754544,0.0,709.0
1718648444.0043533,0.0,709.0
1718648444.1321907,0.0,709.0
1718648444.2598941,0.0,709.0
1718648444.3874896,0.0,709.0
1718648444.514173,0.0,709.0
1718648444.6416578,0.0,709.0
1718648444.7692294,0.0,709.0
1718648444.8957977,0.0,709.0
1718648445.0222626,0.0,709.0
1718648445.1489506,0.0,709.0
1718648445.276353,0.0,709.0
1718648445.4050953,0.0,709.0
1718648445.5313444,0.0,709.0
1718648445.6577113,0.0,709.0
1718648445.7848134,0.0,709.0
1718648445.9111133,0.0,709.0
1718648446.0398915,0.0,709.0
1718648446.1662793,0.0,709.0
1718648446.2938404,0.0,709.0
1718648446.446054,0.0,709.0
1718648446.5984054,0.0,709.0
1718648446.758194,0.0,709.0
1718648446.9076242,0.0,709.0
1718648447.0676112,0.0,709.0
1718648447.209964,0.0,709.0
1718648447.3533182,0.0,709.0
1718648447.4831893,0.0,709.0
1718648447.6282094,0.0,709.0
1718648447.7769718,0.0,709.0
1718648447.946422,0.0,709.0
1718648448.0916538,0.0,709.0
1718648448.2487926,0.0,709.0
1718648448.451668,0.0,709.0
1718648448.5879667,0.0,709.0
1718648448.7665048,0.0,709.0
1718648448.914685,0.0,709.0
1718648449.0925624,0.0,709.0
1718648449.2546413,0.0,709.0
1718648449.4148414,0.0,709.0
1718648449.570469,0.0,709.0
1718648449.7016683,0.0,709.0
1718648449.8327816,0.0,709.0
1718648449.9624932,0.0,1513.0
1718648450.0955572,0.0,1521.0
1718648450.2257872,1.0,4595.0
1718648450.3600929,70.0,16759.0
1718648450.492602,70.0,16759.0
1718648450.6280916,84.0,16767.0
1718648450.7831316,6.0,16777.0
1718648450.93109,38.0,22939.0
1718648451.08431,38.0,22939.0
1718648451.2374094,100.0,22939.0
1718648451.427535,100.0,22939.0
1718648451.571781,100.0,22939.0
1718648451.7261858,100.0,22945.0
1718648451.8912952,95.0,22945.0
1718648452.0573082,78.0,22947.0
1718648452.212774,1.0,22947.0
1718648452.3685598,1.0,22947.0
1718648452.5162985,0.0,22947.0
1718648452.7193415,0.0,22947.0
1718648452.9217713,0.0,22947.0
1718648453.0945017,0.0,22947.0
1718648453.2639532,0.0,22947.0
1718648453.45139,0.0,22947.0
1718648453.6142638,0.0,22947.0
1718648453.7632515,0.0,22947.0
1718648453.9348323,0.0,22947.0
1718648454.0709019,0.0,22947.0
1718648454.2093039,0.0,22947.0
1718648454.3470714,24.0,22947.0
1718648454.4864018,24.0,22947.0
1718648454.6284149,100.0,22949.0
1718648454.7680523,98.0,22949.0
1718648454.9116096,100.0,22949.0
1718648455.0814714,100.0,22949.0
1718648455.2542992,100.0,22949.0
1718648455.417464,100.0,22949.0
1718648455.5782704,100.0,22949.0
1718648455.7341485,100.0,22949.0
1718648455.8899016,53.0,22949.0
1718648456.0427754,0.0,22949.0
1718648456.199103,0.0,22949.0
1718648456.3636773,0.0,22949.0
1718648456.5251684,0.0,22949.0
1718648456.6805053,0.0,22949.0
1718648456.839757,0.0,22949.0
1718648457.0353832,0.0,22949.0
1718648457.2021384,0.0,22949.0
1718648457.4072554,0.0,22949.0
1718648457.575489,0.0,22949.0
1718648457.7573173,0.0,22949.0
1718648457.9267852,0.0,22949.0
1718648458.0841424,0.0,22949.0
1718648458.2350597,0.0,22949.0
1718648458.3869474,0.0,22949.0
1718648458.5241303,0.0,22949.0
1718648458.6609457,0.0,22949.0
1718648458.7970967,0.0,22949.0
1718648458.9364076,99.0,22949.0
1718648459.0731723,99.0,22949.0
1718648459.2212527,100.0,22949.0
1718648459.3758438,100.0,22949.0
1718648459.5446699,100.0,22949.0
1718648459.7178638,100.0,22949.0
1718648459.8796291,100.0,22949.0
1718648460.0657554,72.0,22949.0
1718648460.2212374,72.0,22949.0
1718648460.3744159,0.0,22949.0
1718648460.5334551,0.0,22949.0
1718648460.6997294,0.0,22949.0
1718648460.8712575,0.0,22949.0
1718648461.0211563,0.0,22949.0
1718648461.2196536,0.0,22949.0
1718648461.4438007,0.0,22949.0
1718648461.6442127,0.0,22949.0
1718648461.8272622,0.0,22949.0
1718648462.0149946,0.0,22949.0
1718648462.1849928,0.0,22949.0
1718648462.3403797,0.0,22949.0
1718648462.4994178,0.0,22949.0
1718648462.6373246,0.0,22949.0
1718648462.7750742,0.0,22949.0
1718648462.9137042,0.0,22949.0
1718648463.0513122,47.0,22949.0
1718648463.1927314,47.0,22949.0
1718648463.3315656,100.0,22949.0
1718648463.4695582,99.0,22949.0
1718648463.6172752,100.0,22949.0
1718648463.785503,100.0,22949.0
1718648463.9389749,100.0,22949.0
1718648464.104352,100.0,22949.0
1718648464.270661,100.0,22949.0
1718648464.4134355,100.0,22949.0
1718648464.566918,20.0,22949.0
1718648464.7038476,0.0,22949.0
1718648464.8543005,0.0,22949.0
1718648465.018844,0.0,22949.0
1718648465.1819272,0.0,22949.0
1718648465.3380191,0.0,22949.0
1718648465.5174153,0.0,22949.0
1718648465.7342443,0.0,22949.0
1718648465.942703,0.0,22949.0
1718648466.0995102,0.0,22949.0
1718648466.2987735,0.0,22949.0
1718648466.4451246,0.0,22949.0
1718648466.6029873,0.0,22949.0
1718648466.7780006,0.0,22949.0
1718648466.921038,0.0,22949.0
1718648467.0664904,0.0,22949.0
1718648467.2084665,0.0,22949.0
1718648467.349934,23.0,22949.0
1718648467.4950736,100.0,22949.0
1718648467.6425393,95.0,22949.0
1718648467.7887537,95.0,22949.0
1718648467.9473367,100.0,22949.0
1718648468.112031,100.0,22949.0
1718648468.2738059,100.0,22949.0
1718648468.4340417,100.0,22949.0
1718648468.6060889,100.0,22949.0
1718648468.7518485,56.0,22949.0
1718648468.9117904,0.0,22949.0
1718648469.0835538,0.0,22949.0
1718648469.2446723,0.0,22949.0
1718648469.398619,0.0,22949.0
1718648469.549742,0.0,22949.0
1718648469.701813,0.0,22949.0
1718648469.900492,0.0,22949.0
1718648470.0785935,0.0,22949.0
1718648470.2762125,0.0,22949.0
1718648470.428847,0.0,22949.0
1718648470.6288328,0.0,22949.0
1718648470.7804825,0.0,22949.0
1718648470.9490204,0.0,22949.0
1718648471.1172342,0.0,22949.0
1718648471.2540746,0.0,22949.0
1718648471.3927507,0.0,22949.0
1718648471.5312123,0.0,22949.0
1718648471.6674278,89.0,22949.0
1718648471.8060958,89.0,22949.0
1718648471.9443913,99.0,22949.0
1718648472.1061082,100.0,22949.0
1718648472.2593462,100.0,22949.0
1718648472.4338806,100.0,22949.0
1718648472.5980055,100.0,22949.0
1718648472.7654634,100.0,22949.0
1718648472.9269557,82.0,22949.0
1718648473.0804167,0.0,22949.0
1718648473.2254696,0.0,22949.0
1718648473.3832624,0.0,22949.0
1718648473.557578,0.0,22949.0
1718648473.7198467,0.0,22949.0
1718648473.8664675,0.0,22949.0
1718648474.064663,0.0,22949.0
1718648474.2718284,0.0,22949.0
1718648474.4722786,0.0,22949.0
1718648474.6507845,0.0,22949.0
1718648474.8412666,0.0,22949.0
1718648475.012244,0.0,22949.0
1718648475.185273,0.0,22949.0
1718648475.342686,0.0,22949.0
1718648475.480489,0.0,22949.0
1718648475.6201,0.0,22949.0
1718648475.7583148,0.0,22949.0
1718648475.8956087,0.0,22949.0
1718648476.0373416,76.0,22949.0
1718648476.174681,99.0,22949.0
1718648476.3140461,100.0,22949.0
1718648476.4757214,100.0,22949.0
1718648476.646898,100.0,22949.0
1718648476.8052282,100.0,22949.0
1718648476.9620426,100.0,22949.0
1718648477.141963,94.0,22949.0
1718648477.2937179,0.0,22949.0
1718648477.4498892,0.0,22949.0
1718648477.6108408,0.0,22949.0
1718648477.7747865,0.0,22949.0
1718648477.938023,0.0,22949.0
1718648478.0998204,0.0,22949.0
1718648478.255837,0.0,22949.0
1718648478.4602547,0.0,22949.0
1718648478.636212,0.0,22949.0
1718648478.8352697,0.0,22949.0
1718648479.0273435,0.0,22949.0
1718648479.188784,0.0,22949.0
1718648479.343651,0.0,22949.0
1718648479.5050154,0.0,22949.0
1718648479.6511047,0.0,22949.0
1718648479.7936087,0.0,22949.0
1718648479.936721,0.0,22949.0
1718648480.0777335,0.0,22949.0
1718648480.222598,60.0,22949.0
1718648480.3727806,99.0,22949.0
1718648480.517069,99.0,22949.0
1718648480.679859,100.0,22949.0
1718648480.8377573,100.0,22949.0
1718648481.0055451,100.0,22949.0
1718648481.1852531,100.0,22949.0
1718648481.376584,100.0,22949.0
1718648481.5358543,5.0,22949.0
1718648481.6937776,0.0,22949.0
1718648481.8595319,0.0,22949.0
1718648482.0271368,0.0,22949.0
1718648482.1932642,0.0,22949.0
1718648482.3555138,0.0,22949.0
1718648482.532213,0.0,22949.0
1718648482.7362506,0.0,22949.0
1718648482.8925061,0.0,22949.0
1718648483.0873842,0.0,22949.0
1718648483.2959688,0.0,22949.0
1718648483.4417844,0.0,22949.0
1718648483.5868385,0.0,22949.0
1718648483.7403102,0.0,22949.0
1718648483.9044282,0.0,22949.0
1718648484.042778,0.0,22949.0
1718648484.180793,0.0,22949.0
1718648484.320361,0.0,22949.0
1718648484.4593346,57.0,22949.0
1718648484.5981827,99.0,22949.0
1718648484.7397962,99.0,22949.0
1718648484.902335,100.0,22949.0
1718648485.0760763,100.0,22949.0
1718648485.236904,100.0,22949.0
1718648485.4000046,100.0,22949.0
1718648485.5928714,100.0,22949.0
1718648485.764004,5.0,22949.0
1718648485.9095366,0.0,22949.0
1718648486.0564923,0.0,22949.0
1718648486.2066183,0.0,22949.0
1718648486.3643656,0.0,22949.0
1718648486.5235136,0.0,22949.0
1718648486.6996436,0.0,22949.0
1718648486.90004,0.0,22949.0
1718648487.071059,0.0,22949.0
1718648487.2833214,0.0,22949.0
1718648487.4878328,0.0,22949.0
1718648487.662648,0.0,22949.0
1718648487.8189259,0.0,22949.0
1718648487.9809203,0.0,22949.0
1718648488.1252787,0.0,22949.0
1718648488.2665606,0.0,22949.0
1718648488.4036782,0.0,22949.0
1718648488.5421462,0.0,22949.0
1718648488.680966,79.0,22949.0
1718648488.8187826,99.0,22949.0
1718648488.9600763,99.0,22949.0
1718648489.1238387,100.0,22949.0
1718648489.2991917,100.0,22949.0
1718648489.4629583,100.0,22949.0
1718648489.6269784,100.0,22949.0
1718648489.8141341,93.0,22949.0
1718648489.9612448,0.0,22949.0
1718648490.1240268,0.0,22949.0
1718648490.270841,0.0,22949.0
1718648490.440193,0.0,22949.0
1718648490.6023178,0.0,22949.0
1718648490.7570422,0.0,22949.0
1718648490.9124675,0.0,22949.0
1718648491.104257,0.0,22949.0
1718648491.2961419,0.0,22949.0
1718648491.4961262,0.0,22949.0
1718648491.6446402,0.0,22949.0
1718648491.8442812,0.0,22949.0
1718648491.9874377,0.0,22949.0
1718648492.1462464,0.0,22949.0
1718648492.2964585,0.0,22949.0
1718648492.433755,0.0,22949.0
1718648492.5730238,0.0,22949.0
1718648492.7104738,0.0,22949.0
1718648492.8498015,64.0,22949.0
1718648492.987646,99.0,22949.0
1718648493.1255293,99.0,22949.0
1718648493.333107,100.0,22949.0
1718648493.5193114,100.0,22949.0
1718648493.6788507,100.0,22949.0
1718648493.8310964,100.0,22949.0
1718648494.0374863,100.0,22949.0
1718648494.208206,1.0,22949.0
1718648494.3537416,0.0,22949.0
1718648494.514227,0.0,22949.0
1718648494.6664653,0.0,22949.0
1718648494.829642,0.0,22949.0
1718648494.9893312,0.0,22949.0
1718648495.189613,0.0,22949.0
1718648495.39377,0.0,22949.0
1718648495.595405,0.0,22949.0
1718648495.784081,0.0,22949.0
1718648495.9721189,0.0,22949.0
1718648496.1422393,0.0,22949.0
1718648496.308329,0.0,22949.0
1718648496.4782171,0.0,22949.0
1718648496.6161668,0.0,22949.0
1718648496.75569,0.0,22949.0
1718648496.8929589,0.0,22949.0
1718648497.0329533,98.0,22949.0
1718648497.1721377,98.0,22949.0
1718648497.3115597,99.0,22949.0
1718648497.4742842,100.0,22949.0
1718648497.6489885,100.0,22949.0
1718648497.7996683,100.0,22949.0
1718648497.9685233,100.0,22949.0
1718648498.1442757,100.0,22949.0
1718648498.2912624,76.0,22949.0
1718648498.4385066,0.0,22949.0
1718648498.5751052,0.0,22949.0
1718648498.7246242,0.0,22949.0
1718648498.8774667,0.0,22949.0
1718648499.0447817,0.0,22949.0
1718648499.1924233,0.0,22949.0
1718648499.3762906,0.0,22949.0
1718648499.5860438,0.0,22949.0
1718648499.786839,0.0,22949.0
1718648499.9814484,0.0,22949.0
1718648500.1737967,0.0,22949.0
1718648500.3412635,0.0,22949.0
1718648500.5105748,0.0,22949.0
1718648500.6649818,0.0,22949.0
1718648500.8043792,0.0,22949.0
1718648500.9422474,0.0,22949.0
1718648501.0809972,0.0,22949.0
1718648501.2191026,64.0,22949.0
1718648501.3615444,64.0,22949.0
1718648501.5024981,99.0,22949.0
1718648501.6407118,100.0,22949.0
1718648501.8059494,100.0,22949.0
1718648501.9681146,100.0,22949.0
1718648502.1331234,100.0,22949.0
1718648502.293385,100.0,22949.0
1718648502.4909337,100.0,22949.0
1718648502.6413078,2.0,22949.0
1718648502.80572,0.0,22949.0
1718648502.9727905,0.0,22949.0
1718648503.1257591,0.0,22949.0
1718648503.3114889,0.0,22949.0
1718648503.4677942,0.0,22949.0
1718648503.6353664,0.0,22949.0
1718648503.8362617,0.0,22949.0
1718648504.0046177,0.0,22949.0
1718648504.210562,0.0,22949.0
1718648504.3988876,0.0,22949.0
1718648504.562848,0.0,22949.0
1718648504.7145667,0.0,22949.0
1718648504.8843555,0.0,22949.0
1718648505.031405,0.0,22949.0
1718648505.168576,0.0,22949.0
1718648505.306984,0.0,22949.0
1718648505.4444609,35.0,22949.0
1718648505.5841467,35.0,22949.0
1718648505.7234733,100.0,22949.0
1718648505.863392,99.0,22949.0
1718648506.0205028,99.0,22949.0
1718648506.176412,100.0,22949.0
1718648506.3387787,100.0,22949.0
1718648506.5103586,100.0,22949.0
1718648506.6776597,100.0,22949.0
1718648506.8484726,42.0,22949.0
1718648507.0007644,42.0,22949.0
1718648507.1383307,0.0,22949.0
1718648507.2841203,0.0,22949.0
1718648507.4484942,0.0,22949.0
1718648507.6067579,0.0,22949.0
1718648507.7589245,0.0,22949.0
1718648507.9238374,0.0,22949.0
1718648508.1275566,0.0,22949.0
1718648508.284698,0.0,22949.0
1718648508.488304,0.0,22949.0
1718648508.662875,0.0,22949.0
1718648508.8440106,0.0,22949.0
1718648508.995788,0.0,22949.0
1718648509.1489248,0.0,22949.0
1718648509.309021,0.0,22949.0
1718648509.4482937,0.0,22949.0
1718648509.5867975,0.0,22949.0
1718648509.724163,2.0,22949.0
1718648509.8612194,2.0,22949.0
1718648510.0000956,100.0,22949.0
1718648510.1367917,99.0,22949.0
1718648510.2989385,100.0,22949.0
1718648510.451018,100.0,22949.0
1718648510.6078467,100.0,22949.0
1718648510.8214676,100.0,22949.0
1718648510.978054,100.0,22949.0
1718648511.1285439,71.0,22949.0
1718648511.2787824,0.0,22949.0
1718648511.419427,0.0,22949.0
1718648511.6231313,0.0,22949.0
1718648511.769756,0.0,22949.0
1718648511.9421864,0.0,22949.0
1718648512.0897658,0.0,22949.0
1718648512.28801,0.0,22949.0
1718648512.4886525,0.0,22949.0
1718648512.6907318,0.0,22949.0
1718648512.8492491,0.0,22949.0
1718648513.0585687,0.0,22949.0
1718648513.2025993,0.0,22949.0
1718648513.3665905,0.0,22949.0
1718648513.5283153,0.0,22949.0
1718648513.6669412,0.0,22949.0
1718648513.8085847,0.0,22949.0
1718648513.9459677,0.0,22949.0
1718648514.0848458,78.0,22949.0
1718648514.2259083,78.0,22949.0
1718648514.3643546,97.0,22949.0
1718648514.5039647,100.0,22949.0
1718648514.670577,100.0,22949.0
1718648514.8234627,100.0,22949.0
1718648514.961764,100.0,22949.0
1718648515.1243176,100.0,22949.0
1718648515.2850413,92.0,22949.0
1718648515.444427,92.0,22949.0
1718648515.6132774,0.0,22949.0
1718648515.7608767,0.0,22949.0
1718648515.9068775,0.0,22949.0
1718648516.0851486,0.0,22949.0
1718648516.2441971,0.0,22949.0
1718648516.4051876,0.0,22949.0
1718648516.611302,0.0,22949.0
1718648516.8165095,0.0,22949.0
1718648517.0131738,0.0,22949.0
1718648517.181931,0.0,22949.0
1718648517.394617,0.0,22949.0
1718648517.537195,0.0,22949.0
1718648517.7110589,0.0,22949.0
1718648517.8914795,0.0,22949.0
1718648518.0295117,0.0,22949.0
1718648518.1669757,0.0,22949.0
1718648518.3048654,40.0,22949.0
1718648518.4453502,40.0,22949.0
1718648518.5835943,100.0,22949.0
1718648518.7202332,99.0,22949.0
1718648518.8695378,100.0,22949.0
1718648519.027459,100.0,22949.0
1718648519.1967213,100.0,22949.0
1718648519.375416,100.0,22949.0
1718648519.5478485,100.0,22949.0
1718648519.7016494,38.0,22949.0
1718648519.874487,38.0,22949.0
1718648520.0225189,0.0,22949.0
1718648520.1709588,0.0,22949.0
1718648520.3273907,0.0,22949.0
1718648520.501146,0.0,22949.0
1718648520.66255,0.0,22949.0
1718648520.8637803,0.0,22949.0
1718648521.0531425,0.0,22949.0
1718648521.2554934,0.0,22949.0
1718648521.4400172,0.0,22949.0
1718648521.6270049,0.0,22949.0
1718648521.788537,0.0,22949.0
1718648521.9600086,0.0,22949.0
1718648522.118375,0.0,22949.0
1718648522.2593627,0.0,22949.0
1718648522.3980517,0.0,22949.0
1718648522.5356193,0.0,22949.0
1718648522.675126,34.0,22949.0
1718648522.8156083,100.0,22949.0
1718648522.9537618,99.0,22949.0
1718648523.1269855,100.0,22949.0
1718648523.2772987,100.0,22949.0
1718648523.4289298,100.0,22949.0
1718648523.5961528,100.0,22949.0
1718648523.7424881,100.0,22949.0
1718648523.9125898,43.0,22949.0
1718648524.0850046,43.0,22949.0
1718648524.229731,0.0,22949.0
1718648524.382293,0.0,22949.0
1718648524.5373046,0.0,22949.0
1718648524.7002363,0.0,22949.0
1718648524.8756878,0.0,22949.0
1718648525.080818,0.0,22949.0
1718648525.284755,0.0,22949.0
1718648525.4587216,0.0,22949.0
1718648525.641882,0.0,22949.0
1718648525.830685,0.0,22949.0
1718648525.9914863,0.0,22949.0
1718648526.1694374,0.0,22949.0
1718648526.3240817,0.0,22949.0
1718648526.4620306,0.0,22949.0
1718648526.6006649,0.0,22949.0
1718648526.7391,0.0,22949.0
1718648526.876192,9.0,22949.0
1718648527.0179846,100.0,22949.0
1718648527.1571193,100.0,22949.0
1718648527.298659,99.0,22949.0
1718648527.4609299,100.0,22949.0
1718648527.630409,100.0,22949.0
1718648527.799604,100.0,22949.0
1718648527.9650712,100.0,22949.0
1718648528.1460009,64.0,22949.0
1718648528.3050306,64.0,22949.0
1718648528.4536307,0.0,22949.0
1718648528.5980217,0.0,22949.0
1718648528.768058,0.0,22949.0
1718648528.934582,0.0,22949.0
1718648529.1032448,0.0,22949.0
1718648529.2804372,0.0,22949.0
1718648529.4825528,0.0,22949.0
1718648529.6594048,0.0,22949.0
1718648529.855979,0.0,22949.0
1718648530.0523374,0.0,22949.0
1718648530.223851,0.0,22949.0
1718648530.369546,0.0,22949.0
1718648530.5291631,0.0,22949.0
1718648530.6737857,0.0,22949.0
1718648530.8111973,0.0,22949.0
1718648530.9494593,0.0,22949.0
1718648531.0880947,0.0,22949.0
1718648531.2265506,78.0,22949.0
1718648531.3645694,78.0,22949.0
1718648531.5030024,99.0,22949.0
1718648531.6716144,100.0,22949.0
1718648531.8228173,100.0,22949.0
1718648531.9953988,100.0,22949.0
1718648532.161235,100.0,22949.0
1718648532.3130975,100.0,22949.0
1718648532.4670925,90.0,22949.0
1718648532.6158123,0.0,22949.0
1718648532.7785811,0.0,22949.0
1718648532.9309762,0.0,22949.0
1718648533.10954,0.0,22949.0
1718648533.2589262,0.0,22949.0
1718648533.4140744,0.0,22949.0
1718648533.5735838,0.0,22949.0
1718648533.7761893,0.0,22949.0
1718648533.9427829,0.0,22949.0
1718648534.1397836,0.0,22949.0
1718648534.2911716,0.0,22949.0
1718648534.492706,0.0,22949.0
1718648534.65807,0.0,22949.0
1718648534.8229077,0.0,22949.0
1718648534.9801393,0.0,22949.0
1718648535.117004,0.0,22949.0
1718648535.2561998,0.0,22949.0
1718648535.3946571,0.0,22949.0
1718648535.5351868,15.0,22949.0
1718648535.6738968,100.0,22949.0
1718648535.8109448,100.0,22949.0
1718648535.9543533,98.0,22949.0
1718648536.1121771,100.0,22949.0
1718648536.2634656,100.0,22949.0
1718648536.4219856,100.0,22949.0
1718648536.5856586,100.0,22949.0
1718648536.759426,60.0,22949.0
1718648536.9111958,60.0,22949.0
1718648537.0686524,0.0,22949.0
1718648537.2277598,0.0,22949.0
1718648537.3931491,0.0,22949.0
1718648537.5675876,0.0,22949.0
1718648537.7450604,0.0,22949.0
1718648537.9444706,0.0,22949.0
1718648538.1457376,0.0,22949.0
1718648538.3535268,0.0,22949.0
1718648538.5402966,0.0,22949.0
1718648538.71624,0.0,22949.0
1718648538.8693328,0.0,22949.0
1718648539.0170488,0.0,22949.0
1718648539.1741192,0.0,22949.0
1718648539.3195786,0.0,22949.0
1718648539.4591153,0.0,22949.0
1718648539.5980265,0.0,22949.0
1718648539.7359085,0.0,22949.0
1718648539.8736842,82.0,22949.0
1718648540.0127947,82.0,22949.0
1718648540.1500833,99.0,22949.0
1718648540.2963128,100.0,22949.0
1718648540.4745927,100.0,22949.0
1718648540.638051,100.0,22949.0
1718648540.8036222,100.0,22949.0
1718648540.9594665,86.0,22949.0
1718648541.1376123,86.0,22949.0
1718648541.3064687,0.0,22949.0
1718648541.4561105,0.0,22949.0
1718648541.6053715,0.0,22949.0
1718648541.7580833,0.0,22949.0
1718648541.925038,0.0,22949.0
1718648542.0868504,0.0,22949.0
1718648542.2638338,0.0,22949.0
1718648542.4642854,0.0,22949.0
1718648542.6159449,0.0,22949.0
1718648542.8122842,0.0,22949.0
1718648543.0130372,0.0,22949.0
1718648543.1855874,0.0,22949.0
1718648543.3364918,0.0,22949.0
1718648543.4929032,0.0,22949.0
1718648543.6495872,0.0,22949.0
1718648543.7859573,0.0,22949.0
1718648543.9238918,0.0,22949.0
1718648544.0623376,23.0,22949.0
1718648544.2003481,23.0,22949.0
1718648544.3385334,100.0,22949.0
1718648544.4776042,99.0,22949.0
1718648544.6334388,99.0,22949.0
1718648544.7993824,100.0,22949.0
1718648544.967744,100.0,22949.0
1718648545.118745,100.0,22949.0
1718648545.2817242,100.0,22949.0
1718648545.4609625,51.0,22949.0
1718648545.6026103,0.0,22949.0
1718648545.7709608,0.0,22949.0
1718648545.9309676,0.0,22949.0
1718648546.1094394,0.0,22949.0
1718648546.2700212,0.0,22949.0
1718648546.4251554,0.0,22949.0
1718648546.5704334,0.0,22949.0
1718648546.7802498,0.0,22949.0
1718648546.9717054,0.0,22949.0
1718648547.1728857,0.0,22949.0
1718648547.3281956,0.0,22949.0
1718648547.5238476,0.0,22949.0
1718648547.674158,0.0,22949.0
1718648547.8541973,0.0,22949.0
1718648548.00852,0.0,22949.0
1718648548.1446962,0.0,22949.0
1718648548.2836094,0.0,22949.0
1718648548.4216452,0.0,22949.0
1718648548.5600388,67.0,22949.0
1718648548.6980977,99.0,22949.0
1718648548.8358595,99.0,22949.0
1718648549.032067,100.0,22949.0
1718648549.1886623,100.0,22949.0
1718648549.3596258,100.0,22949.0
1718648549.5202596,100.0,22949.0
1718648549.6885166,100.0,22949.0
1718648549.8330102,0.0,22949.0
1718648550.0037637,0.0,22949.0
1718648550.1483567,0.0,22949.0
1718648550.298922,0.0,22949.0
1718648550.4680052,0.0,22949.0
1718648550.6216543,0.0,22949.0
1718648550.7853043,0.0,22949.0
1718648550.9801059,0.0,22949.0
1718648551.1891186,0.0,22949.0
1718648551.3881264,0.0,22949.0
1718648551.5757155,0.0,22949.0
1718648551.7636664,0.0,22949.0
1718648551.935975,0.0,22949.0
1718648552.0893788,0.0,22949.0
1718648552.254995,0.0,22949.0
1718648552.392919,0.0,22949.0
1718648552.5302067,0.0,22949.0
1718648552.6681595,0.0,22949.0
1718648552.8059778,8.0,22949.0
1718648552.9487076,100.0,22949.0
1718648553.0863202,100.0,22949.0
1718648553.2244155,99.0,22949.0
1718648553.3865461,100.0,22949.0
1718648553.5481095,100.0,22949.0
1718648553.7081094,100.0,22949.0
1718648553.845576,100.0,22949.0
1718648554.0038428,100.0,22949.0
1718648554.1766496,64.0,22949.0
1718648554.3235404,0.0,22949.0
1718648554.497284,0.0,22949.0
1718648554.6448061,0.0,22949.0
1718648554.82418,0.0,22949.0
1718648555.0002708,0.0,22949.0
1718648555.154155,0.0,22949.0
1718648555.3050234,0.0,22949.0
1718648555.4962647,0.0,22949.0
1718648555.688892,0.0,22949.0
1718648555.875992,0.0,22949.0
1718648556.0382977,0.0,22949.0
1718648556.2366202,0.0,22949.0
1718648556.3793454,0.0,22949.0
1718648556.542982,0.0,22949.0
1718648556.6939893,0.0,22949.0
1718648556.8338597,0.0,22949.0
1718648556.9726517,0.0,22949.0
1718648557.1106644,0.0,22949.0
1718648557.249954,10.0,22949.0
1718648557.3904152,100.0,22949.0
1718648557.5287135,100.0,22949.0
1718648557.6683645,99.0,22949.0
1718648557.8204463,100.0,22949.0
1718648557.9720578,100.0,22949.0
1718648558.139098,100.0,22949.0
1718648558.2986372,100.0,22949.0
1718648558.4635844,100.0,22949.0
1718648558.60684,64.0,22949.0
1718648558.770558,0.0,22949.0
1718648558.9328346,0.0,22949.0
1718648559.1142647,0.0,22949.0
1718648559.2900374,0.0,22949.0
1718648559.453222,0.0,22949.0
1718648559.6209667,0.0,22949.0
1718648559.8264809,0.0,22949.0
1718648559.9698205,0.0,22949.0
1718648560.1792593,0.0,22949.0
1718648560.3553014,0.0,22949.0
1718648560.5293856,0.0,22949.0
1718648560.680608,0.0,22949.0
1718648560.8499436,0.0,22949.0
1718648560.9970505,0.0,22949.0
1718648561.14111,0.0,22949.0
1718648561.2798686,0.0,22949.0
1718648561.4183996,0.0,22949.0
1718648561.5549014,90.0,22949.0
1718648561.6946502,90.0,22949.0
1718648561.8348672,99.0,22949.0
1718648561.9899864,100.0,22949.0
1718648562.1688392,100.0,22949.0
1718648562.326177,100.0,22949.0
1718648562.5119965,100.0,22949.0
1718648562.6766775,100.0,22949.0
1718648562.8454158,80.0,22949.0
1718648563.018582,0.0,22949.0
1718648563.1831412,0.0,22949.0
1718648563.3597524,0.0,22949.0
1718648563.5462139,0.0,22949.0
1718648563.7094607,0.0,22949.0
1718648563.8854933,0.0,22949.0
1718648564.0880384,0.0,22949.0
1718648564.256588,0.0,22949.0
1718648564.4666553,0.0,22949.0
1718648564.683254,0.0,22949.0
1718648564.8718948,0.0,22949.0
1718648565.0379465,0.0,22949.0
1718648565.197033,0.0,22949.0
1718648565.3360426,0.0,22949.0
1718648565.4737349,0.0,22949.0
1718648565.6115117,0.0,22949.0
1718648565.7505856,73.0,22949.0
1718648565.8930387,73.0,22949.0
1718648566.032293,99.0,22949.0
1718648566.1711068,100.0,22949.0
1718648566.3394876,100.0,22949.0
1718648566.5118544,100.0,22949.0
1718648566.6791887,100.0,22949.0
1718648566.8339362,100.0,22949.0
1718648567.0097957,94.0,22949.0
1718648567.1646638,94.0,22949.0
1718648567.3195407,0.0,22949.0
1718648567.5159807,0.0,22949.0
1718648567.6818888,0.0,22949.0
1718648567.8447318,0.0,22949.0
1718648568.006575,0.0,22949.0
1718648568.179717,0.0,22949.0
1718648568.383975,0.0,22949.0
1718648568.5559406,0.0,22949.0
1718648568.7562897,0.0,22949.0
1718648568.9551888,0.0,22949.0
1718648569.1173437,0.0,22949.0
1718648569.2753606,0.0,22949.0
1718648569.4321961,0.0,22949.0
1718648569.5754733,0.0,22949.0
1718648569.7117772,0.0,22949.0
1718648569.849288,0.0,22949.0
1718648569.9890635,44.0,22949.0
1718648570.1280978,44.0,22949.0
1718648570.2659128,100.0,22949.0
1718648570.4038527,99.0,22949.0
1718648570.556841,99.0,22949.0
1718648570.72609,100.0,22949.0
1718648570.9135818,100.0,22949.0
1718648571.0831985,100.0,22949.0
1718648571.2418098,100.0,22949.0
1718648571.3937469,100.0,22949.0
1718648571.5303314,30.0,22949.0
1718648571.692298,0.0,22949.0
1718648571.8695776,0.0,22949.0
1718648572.0199654,0.0,22949.0
1718648572.2249897,0.0,22949.0
1718648572.4159458,0.0,22949.0
1718648572.5693295,0.0,22949.0
1718648572.778239,0.0,22949.0
1718648572.9450197,0.0,22949.0
1718648573.0951836,0.0,22949.0
1718648573.2962306,0.0,22949.0
1718648573.4538944,0.0,22949.0
1718648573.6245406,0.0,22949.0
1718648573.7780418,0.0,22949.0
1718648573.9165874,0.0,22949.0
1718648574.0545814,0.0,22949.0
1718648574.1939142,26.0,22949.0
1718648574.3311632,26.0,22949.0
1718648574.4716897,100.0,22949.0
1718648574.6124778,95.0,22949.0
1718648574.7523036,95.0,22949.0
1718648574.91329,100.0,22949.0
1718648575.0821276,100.0,22949.0
1718648575.2420006,100.0,22949.0
1718648575.4068954,100.0,22949.0
1718648575.5797327,100.0,22949.0
1718648575.7248764,55.0,22949.0
1718648575.884376,0.0,22949.0
1718648576.0380108,0.0,22949.0
1718648576.2153945,0.0,22949.0
1718648576.38541,0.0,22949.0
1718648576.536596,0.0,22949.0
1718648576.6844113,0.0,22949.0
1718648576.8891468,0.0,22949.0
1718648577.0558248,0.0,22949.0
1718648577.2438133,0.0,22949.0
1718648577.4000976,0.0,22949.0
1718648577.5959945,0.0,22949.0
1718648577.7484138,0.0,22949.0
1718648577.9089763,0.0,22949.0
1718648578.0607376,0.0,22949.0
1718648578.2029784,0.0,22949.0
1718648578.344109,0.0,22949.0
1718648578.4883525,3.0,22949.0
1718648578.6300995,3.0,22949.0
1718648578.7812967,100.0,22949.0
1718648578.92688,99.0,22949.0
1718648579.1181161,100.0,22949.0
1718648579.2747507,100.0,22949.0
1718648579.4390597,100.0,22949.0
1718648579.5915866,100.0,22949.0
1718648579.7557166,100.0,22949.0
1718648579.9063137,71.0,22949.0
1718648580.062217,0.0,22949.0
1718648580.2029753,0.0,22949.0
1718648580.3524349,0.0,22949.0
1718648580.507269,0.0,22949.0
1718648580.6654859,0.0,22949.0
1718648580.8135774,0.0,22949.0
1718648581.016026,0.0,22949.0
1718648581.2194076,0.0,22949.0
1718648581.396361,0.0,22949.0
1718648581.597424,0.0,22949.0
1718648581.7432663,0.0,22949.0
1718648581.917803,0.0,22949.0
1718648582.073302,0.0,22949.0
1718648582.2264607,0.0,22949.0
1718648582.374437,0.0,22949.0
1718648582.5113523,0.0,22949.0
1718648582.6505113,0.0,22949.0
1718648582.789647,0.0,22949.0
1718648582.9305332,89.0,22949.0
1718648583.0708938,89.0,22949.0
1718648583.2089586,99.0,22949.0
1718648583.366761,100.0,22949.0
1718648583.5291796,100.0,22949.0
1718648583.671241,100.0,22949.0
1718648583.8414807,100.0,22949.0
1718648584.0045826,100.0,22949.0
1718648584.1772182,80.0,22949.0
1718648584.3410757,0.0,22949.0
1718648584.4872932,0.0,22949.0
1718648584.6361375,0.0,22949.0
1718648584.7918553,0.0,22949.0
1718648584.956467,0.0,22949.0
1718648585.1110888,0.0,22949.0
1718648585.3113687,0.0,22949.0
1718648585.5144033,0.0,22949.0
1718648585.7137053,0.0,22949.0
1718648585.9003963,0.0,22949.0
1718648586.1002665,0.0,22949.0
1718648586.2526028,0.0,22949.0
1718648586.4321737,0.0,22949.0
1718648586.5814238,0.0,22949.0
1718648586.719569,0.0,22949.0
1718648586.8598793,0.0,22949.0
1718648586.9985049,0.0,22949.0
1718648587.1354492,51.0,22949.0
1718648587.275168,51.0,22949.0
1718648587.4127107,100.0,22949.0
1718648587.55107,99.0,22949.0
1718648587.710581,100.0,22949.0
1718648587.8823116,100.0,22949.0
1718648588.0371108,100.0,22949.0
1718648588.1979825,100.0,22949.0
1718648588.3567674,100.0,22949.0
1718648588.5098865,15.0,22949.0
1718648588.6554756,15.0,22949.0
1718648588.823341,0.0,22949.0
1718648588.9884496,0.0,22949.0
1718648589.1480541,0.0,22949.0
1718648589.3275564,0.0,22949.0
1718648589.495284,0.0,22949.0
1718648589.6962547,0.0,22949.0
1718648589.8697443,0.0,22949.0
1718648590.0721874,0.0,22949.0
1718648590.271763,0.0,22949.0
1718648590.4414322,0.0,22949.0
1718648590.5951068,0.0,22949.0
1718648590.7537568,0.0,22949.0
1718648590.9053504,0.0,22949.0
1718648591.0428238,0.0,22949.0
1718648591.1818266,0.0,22949.0
1718648591.3200593,28.0,22949.0
1718648591.4608014,28.0,22949.0
1718648591.601158,100.0,22949.0
1718648591.7468429,99.0,22949.0
1718648591.9256015,100.0,22949.0
1718648592.0927029,100.0,22949.0
1718648592.2565901,100.0,22949.0
1718648592.4224238,100.0,22949.0
1718648592.5888543,100.0,22949.0
1718648592.7379146,48.0,22949.0
1718648592.8840792,48.0,22949.0
1718648593.0204098,0.0,22949.0
1718648593.1680162,0.0,22949.0
1718648593.3348355,0.0,22949.0
1718648593.4994302,0.0,22949.0
1718648593.6535456,0.0,22949.0
1718648593.8561385,0.0,22949.0
1718648594.0496457,0.0,22949.0
1718648594.2544527,0.0,22949.0
1718648594.4410076,0.0,22949.0
1718648594.6322553,0.0,22949.0
1718648594.8030038,0.0,22949.0
1718648594.978052,0.0,22949.0
1718648595.133445,0.0,22949.0
1718648595.272035,0.0,22949.0
1718648595.41018,0.0,22949.0
1718648595.5484135,0.0,22949.0
1718648595.6883647,0.0,22949.0
1718648595.82768,98.0,22949.0
1718648595.9656982,98.0,22949.0
1718648596.1057491,100.0,22949.0
1718648596.2645655,100.0,22949.0
1718648596.4366274,100.0,22949.0
1718648596.5982306,100.0,22949.0
1718648596.7594607,100.0,22949.0
1718648596.9494572,74.0,22949.0
1718648597.108477,0.0,22949.0
1718648597.2714927,0.0,22949.0
1718648597.4290383,0.0,22949.0
1718648597.5959952,0.0,22949.0
1718648597.7587655,0.0,22949.0
1718648597.9101498,0.0,22949.0
1718648598.0577528,0.0,22949.0
1718648598.265131,0.0,22949.0
1718648598.4358327,0.0,22949.0
1718648598.637054,0.0,22949.0
1718648598.8104622,0.0,22949.0
1718648599.003047,0.0,22949.0
1718648599.167979,0.0,22949.0
1718648599.331,0.0,22949.0
1718648599.4845142,0.0,22949.0
1718648599.62223,0.0,22949.0
1718648599.7613611,0.0,22949.0
1718648599.90153,0.0,22949.0
1718648600.0376253,38.0,22949.0
1718648600.1777406,100.0,22949.0
1718648600.3165376,100.0,22949.0
1718648600.4597268,97.0,22949.0
1718648600.6357398,100.0,22949.0
1718648600.7947078,100.0,22949.0
1718648600.9737506,100.0,22949.0
1718648601.1437237,100.0,22949.0
1718648601.305489,41.0,22949.0
1718648601.4798582,41.0,22949.0
1718648601.6262834,0.0,22949.0
1718648601.7711968,0.0,22949.0
1718648601.9392016,0.0,22949.0
1718648602.1141582,0.0,22949.0
1718648602.2677646,0.0,22949.0
1718648602.4720378,0.0,22949.0
1718648602.6632278,0.0,22949.0
1718648602.8604076,0.0,22949.0
1718648603.042888,0.0,22949.0
1718648603.247146,0.0,22949.0
1718648603.4007542,0.0,22949.0
1718648603.5661867,0.0,22949.0
1718648603.719769,0.0,22949.0
1718648603.8834171,0.0,22949.0
1718648604.0212204,0.0,22949.0
1718648604.1620996,0.0,22949.0
1718648604.2995074,0.0,22949.0
1718648604.4362195,58.0,22949.0
1718648604.5764759,58.0,22949.0
1718648604.7141793,99.0,22949.0
1718648604.921982,100.0,22949.0
1718648605.0853755,100.0,22949.0
1718648605.257087,100.0,22949.0
1718648605.4150155,100.0,22949.0
1718648605.5962417,100.0,22949.0
1718648605.737556,7.0,22949.0
1718648605.8891566,7.0,22949.0
1718648606.0263643,0.0,22949.0
1718648606.1729836,0.0,22949.0
1718648606.3297462,0.0,22949.0
1718648606.4960966,0.0,22949.0
1718648606.676635,0.0,22949.0
1718648606.8769464,0.0,22949.0
1718648607.0924015,0.0,22949.0
1718648607.3039458,0.0,22949.0
1718648607.4582598,0.0,22949.0
1718648607.6648903,0.0,22949.0
1718648607.812504,0.0,22949.0
1718648607.9796808,0.0,22949.0
1718648608.1332576,0.0,22949.0
1718648608.2724745,0.0,22949.0
1718648608.4115639,0.0,22949.0
1718648608.5497105,0.0,22949.0
1718648608.6858556,39.0,22949.0
1718648608.8252172,100.0,22949.0
1718648608.9643803,97.0,22949.0
1718648609.1243412,97.0,22949.0
1718648609.287329,100.0,22949.0
1718648609.4621508,100.0,22949.0
1718648609.621352,100.0,22949.0
1718648609.781756,100.0,22949.0
1718648609.9742866,100.0,22949.0
1718648610.1192484,40.0,22949.0
1718648610.275914,0.0,22949.0
1718648610.4219685,0.0,22949.0
1718648610.5872433,0.0,22949.0
1718648610.7466571,0.0,22949.0
1718648610.9009933,0.0,22949.0
1718648611.0480251,0.0,22949.0
1718648611.2535887,0.0,22949.0
1718648611.4257462,0.0,22949.0
1718648611.6113505,0.0,22949.0
1718648611.7763588,0.0,22949.0
1718648611.976012,0.0,22949.0
1718648612.1154702,0.0,22949.0
1718648612.2829146,0.0,22949.0
1718648612.4525948,0.0,22949.0
1718648612.58964,0.0,22949.0
1718648612.7285395,0.0,22949.0
1718648612.8697064,0.0,22949.0
1718648613.007367,0.0,22949.0
1718648613.1454873,85.0,22949.0
1718648613.2827067,99.0,22949.0
1718648613.4232357,100.0,22949.0
1718648613.5782917,100.0,22949.0
1718648613.742351,100.0,22949.0
1718648613.912999,100.0,22949.0
1718648614.0739787,100.0,22949.0
1718648614.2565675,82.0,22949.0
1718648614.4171672,0.0,22949.0
1718648614.5609744,0.0,22949.0
1718648614.7692192,0.0,22949.0
1718648614.9370375,0.0,22949.0
1718648615.0941901,0.0,22949.0
1718648615.2629428,0.0,22949.0
1718648615.4610572,0.0,22949.0
1718648615.672322,0.0,22949.0
1718648615.8852546,0.0,22949.0
1718648616.0408397,0.0,22949.0
1718648616.2316952,0.0,22949.0
1718648616.3943546,0.0,22949.0
1718648616.5486562,0.0,22949.0
1718648616.7059019,0.0,22949.0
1718648616.8444886,0.0,22949.0
1718648616.9822242,0.0,22949.0
1718648617.1215596,0.0,22949.0
1718648617.2594173,53.0,22949.0
1718648617.4006805,53.0,22949.0
1718648617.5380933,100.0,22949.0
1718648617.6775417,99.0,22949.0
1718648617.865515,100.0,22949.0
1718648618.0716462,100.0,22949.0
1718648618.2508376,100.0,22949.0
1718648618.4223084,100.0,22949.0
1718648618.592539,100.0,22949.0
1718648618.7664156,11.0,22949.0
1718648618.9105225,0.0,22949.0
1718648619.0611405,0.0,22949.0
1718648619.2149446,0.0,22949.0
1718648619.3883166,0.0,22949.0
1718648619.5451207,0.0,22949.0
1718648619.747836,0.0,22949.0
1718648619.945851,0.0,22949.0
1718648620.1512668,0.0,22949.0
1718648620.3248756,0.0,22949.0
1718648620.533061,0.0,22949.0
1718648620.6794977,0.0,22949.0
1718648620.8478484,0.0,22949.0
1718648621.0091195,0.0,22949.0
1718648621.1471815,0.0,22949.0
1718648621.2856207,0.0,22949.0
1718648621.4233553,0.0,22949.0
1718648621.5622802,23.0,22949.0
1718648621.7019045,100.0,22949.0
1718648621.8410945,100.0,22949.0
1718648621.982268,99.0,22949.0
1718648622.1501813,100.0,22949.0
1718648622.3191075,100.0,22949.0
1718648622.4834037,100.0,22949.0
1718648622.6441114,100.0,22949.0
1718648622.8284318,100.0,22949.0
1718648622.986243,50.0,22949.0
1718648623.1298397,0.0,22949.0
1718648623.2869995,0.0,22949.0
1718648623.4540627,0.0,22949.0
1718648623.6047645,0.0,22949.0
1718648623.7573073,0.0,22949.0
1718648623.9253166,0.0,22949.0
1718648624.1403897,0.0,22949.0
1718648624.313124,0.0,22949.0
1718648624.5345619,0.0,22949.0
1718648624.736005,0.0,22949.0
1718648624.8940868,0.0,22949.0
1718648625.0450044,0.0,22949.0
1718648625.1971598,0.0,22949.0
1718648625.3447194,0.0,22949.0
1718648625.4821796,0.0,22949.0
1718648625.6197276,0.0,22949.0
1718648625.757969,1.0,22949.0
1718648625.8961494,1.0,22949.0
1718648626.0346816,100.0,22949.0
1718648626.1719072,99.0,22949.0
1718648626.327707,100.0,22949.0
1718648626.4834137,100.0,22949.0
1718648626.6467998,100.0,22949.0
1718648626.8509986,100.0,22949.0
1718648627.013308,100.0,22949.0
1718648627.1665826,69.0,22949.0
1718648627.3266406,0.0,22949.0
1718648627.472282,0.0,22949.0
1718648627.630258,0.0,22949.0
1718648627.7814503,0.0,22949.0
1718648627.9360504,0.0,22949.0
1718648628.0880082,0.0,22949.0
1718648628.2585917,0.0,22949.0
1718648628.467573,0.0,22949.0
1718648628.6399775,0.0,22949.0
1718648628.8412254,0.0,22949.0
1718648629.0589254,0.0,22949.0
1718648629.2608707,0.0,22949.0
1718648629.4375181,0.0,22949.0
1718648629.61017,0.0,22949.0
1718648629.7486339,0.0,22949.0
1718648629.8882673,0.0,22949.0
1718648630.026897,0.0,22949.0
1718648630.1645863,62.0,22949.0
1718648630.3029282,62.0,22949.0
1718648630.4409401,99.0,22949.0
1718648630.5843322,100.0,22949.0
1718648630.7508948,100.0,22949.0
1718648630.9153833,100.0,22949.0
1718648631.0714161,100.0,22949.0
1718648631.2271574,100.0,22949.0
1718648631.401084,100.0,22949.0
1718648631.5459104,4.0,22949.0
1718648631.7001317,0.0,22949.0
1718648631.8700159,0.0,22949.0
1718648632.0267856,0.0,22949.0
1718648632.2090719,0.0,22949.0
1718648632.3644958,0.0,22949.0
1718648632.5217957,0.0,22949.0
1718648632.7271688,0.0,22949.0
1718648632.933654,0.0,22949.0
1718648633.1378644,0.0,22949.0
1718648633.3089464,0.0,22949.0
1718648633.5156384,0.0,22949.0
1718648633.6770053,0.0,22949.0
1718648633.8375225,0.0,22949.0
1718648634.0019126,0.0,22949.0
1718648634.1448534,0.0,22949.0
1718648634.2902434,0.0,22949.0
1718648634.4327536,0.0,22949.0
1718648634.573572,68.0,22949.0
1718648634.7203515,68.0,22949.0
1718648634.8664582,99.0,22949.0
1718648635.0180197,100.0,22949.0
1718648635.1757135,100.0,22949.0
1718648635.3412514,100.0,22949.0
1718648635.5052788,100.0,22949.0
1718648635.677873,100.0,22949.0
1718648635.8397858,99.0,22949.0
1718648636.014464,0.0,22949.0
1718648636.16685,0.0,22949.0
1718648636.3138323,0.0,22949.0
1718648636.4635901,0.0,22949.0
1718648636.6273506,0.0,22949.0
1718648636.788871,0.0,22949.0
1718648636.9880164,0.0,22949.0
1718648637.1878269,0.0,22949.0
1718648637.3825004,0.0,22949.0
1718648637.5483372,0.0,22949.0
1718648637.7445385,0.0,22949.0
1718648637.9058414,0.0,22949.0
1718648638.064027,0.0,22949.0
1718648638.2254448,0.0,22949.0
1718648638.3641806,0.0,22949.0
1718648638.5033598,0.0,22949.0
1718648638.6404529,0.0,22949.0
1718648638.7789083,80.0,22949.0
1718648638.9179525,80.0,22949.0
1718648639.0562522,99.0,22949.0
1718648639.1948187,100.0,22949.0
1718648639.3579717,100.0,22949.0
1718648639.5168762,100.0,22949.0
1718648639.6761801,100.0,22949.0
1718648639.8521955,100.0,22949.0
1718648640.0420568,90.0,22949.0
1718648640.182012,0.0,22949.0
1718648640.3517091,0.0,22949.0
1718648640.514744,0.0,22949.0
1718648640.674507,0.0,22949.0
1718648640.8402648,0.0,22949.0
1718648641.0061886,0.0,22949.0
1718648641.154021,0.0,22949.0
1718648641.3448205,0.0,22949.0
1718648641.5350525,0.0,22949.0
1718648641.7312105,0.0,22949.0
1718648641.8793657,0.0,22949.0
1718648642.0747771,0.0,22949.0
1718648642.226882,0.0,22949.0
1718648642.3840933,0.0,22949.0
1718648642.5439446,0.0,22949.0
1718648642.6817265,0.0,22949.0
1718648642.8210232,0.0,22949.0
1718648642.959687,14.0,22949.0
1718648643.0977397,14.0,22949.0
1718648643.2393475,100.0,22949.0
1718648643.3779247,99.0,22949.0
1718648643.5161066,99.0,22949.0
1718648643.6885,100.0,22949.0
1718648643.8589165,100.0,22949.0
1718648644.0258396,100.0,22949.0
1718648644.1773486,100.0,22949.0
1718648644.348891,100.0,22949.0
1718648644.489012,61.0,22949.0
1718648644.6511765,0.0,22949.0
1718648644.8129814,0.0,22949.0
1718648644.9784074,0.0,22949.0
1718648645.1474516,0.0,22949.0
1718648645.3085744,0.0,22949.0
1718648645.453823,0.0,22949.0
1718648645.6447923,0.0,22949.0
1718648645.8435445,0.0,22949.0
1718648646.0438292,0.0,22949.0
1718648646.1852539,0.0,22949.0
1718648646.3885963,0.0,22949.0
1718648646.5397315,0.0,22949.0
1718648646.7027705,0.0,22949.0
1718648646.870142,0.0,22949.0
1718648647.0070262,0.0,22949.0
1718648647.1495056,0.0,22949.0
1718648647.287594,0.0,22949.0
1718648647.4236698,86.0,22949.0
1718648647.5629146,86.0,22949.0
1718648647.7006645,99.0,22949.0
1718648647.8424602,100.0,22949.0
1718648647.9911845,100.0,22949.0
1718648648.1608956,100.0,22949.0
1718648648.3229866,100.0,22949.0
1718648648.499409,100.0,22949.0
1718648648.6792815,86.0,22949.0
1718648648.8547466,0.0,22949.0
1718648648.9986506,0.0,22949.0
1718648649.161812,0.0,22949.0
1718648649.3147635,0.0,22949.0
1718648649.4838529,0.0,22949.0
1718648649.6484752,0.0,22949.0
1718648649.8543456,0.0,22949.0
1718648650.061002,0.0,22949.0
1718648650.2617557,0.0,22949.0
1718648650.431966,0.0,22949.0
1718648650.6190093,0.0,22949.0
1718648650.7812743,0.0,22949.0
1718648650.9437459,0.0,22949.0
1718648651.0948515,0.0,22949.0
1718648651.2325025,0.0,22949.0
1718648651.374575,0.0,22949.0
1718648651.5134602,0.0,22949.0
1718648651.6506295,0.0,22949.0
1718648651.7903738,66.0,22949.0
1718648651.9286842,99.0,22949.0
1718648652.0708036,100.0,22949.0
1718648652.2261283,100.0,22949.0
1718648652.3980024,100.0,22949.0
1718648652.5667784,100.0,22949.0
1718648652.7351704,99.0,22949.0
1718648652.9399586,99.0,22949.0
1718648653.101998,0.0,22949.0
1718648653.2423117,0.0,22949.0
1718648653.392417,0.0,22949.0
1718648653.5470247,0.0,22949.0
1718648653.6953032,0.0,22949.0
1718648653.857708,0.0,22949.0
1718648654.0358126,0.0,22949.0
1718648654.2400978,0.0,22949.0
1718648654.4162576,0.0,22949.0
1718648654.6118412,0.0,22949.0
1718648654.7891483,0.0,22949.0
1718648654.9463987,0.0,22949.0
1718648655.0941973,0.0,22949.0
1718648655.2573369,0.0,22949.0
1718648655.4132135,0.0,22949.0
1718648655.5503852,0.0,22949.0
1718648655.689552,0.0,22949.0
1718648655.8276544,0.0,22949.0
1718648655.9702976,48.0,22949.0
1718648656.1128845,100.0,22949.0
1718648656.2537313,100.0,22949.0
1718648656.4080205,99.0,22949.0
1718648656.564946,100.0,22949.0
1718648656.73245,100.0,22949.0
1718648656.9005716,100.0,22949.0
1718648657.0564454,100.0,22949.0
1718648657.2096941,100.0,22949.0
1718648657.3732314,16.0,22949.0
1718648657.5138674,0.0,22949.0
1718648657.6642249,0.0,22949.0
1718648657.8231022,0.0,22949.0
1718648657.9803731,0.0,22949.0
1718648658.138526,0.0,22949.0
1718648658.351114,0.0,22949.0
1718648658.5517302,0.0,22949.0
1718648658.7549121,0.0,22949.0
1718648658.9112687,0.0,22949.0
1718648659.1243505,0.0,22949.0
1718648659.2748039,0.0,22949.0
1718648659.4356267,0.0,22949.0
1718648659.6001408,0.0,22949.0
1718648659.7380857,0.0,22949.0
1718648659.877892,0.0,22949.0
1718648660.016112,0.0,22949.0
1718648660.1546626,38.0,22949.0
1718648660.2954586,100.0,22949.0
1718648660.4341004,100.0,22949.0
1718648660.5729017,99.0,22949.0
1718648660.7347343,100.0,22949.0
1718648660.8895361,100.0,22949.0
1718648661.0509648,100.0,22949.0
1718648661.220574,100.0,22949.0
1718648661.4372325,100.0,22949.0
1718648661.5796795,38.0,22949.0
1718648661.7644162,0.0,22949.0
1718648661.9258113,0.0,22949.0
1718648662.0891778,0.0,22949.0
1718648662.2448847,0.0,22949.0
1718648662.4080615,0.0,22949.0
1718648662.551833,0.0,22949.0
1718648662.7566807,0.0,22949.0
1718648662.9238327,0.0,22949.0
1718648663.1107407,0.0,22949.0
1718648663.2650614,0.0,22949.0
1718648663.469802,0.0,22949.0
1718648663.629444,0.0,22949.0
1718648663.7849617,0.0,22949.0
1718648663.9536765,0.0,22949.0
1718648664.0922236,0.0,22949.0
1718648664.2312965,0.0,22949.0
1718648664.3698878,0.0,22949.0
1718648664.505391,88.0,22949.0
1718648664.6444564,88.0,22949.0
1718648664.7822766,99.0,22949.0
1718648664.9338875,100.0,22949.0
1718648665.0900364,100.0,22949.0
1718648665.2557375,100.0,22949.0
1718648665.4310222,100.0,22949.0
1718648665.5897586,100.0,22949.0
1718648665.755307,81.0,22949.0
1718648665.9355788,0.0,22949.0
1718648666.073897,0.0,22949.0
1718648666.2190423,0.0,22949.0
1718648666.3775969,0.0,22949.0
1718648666.54009,0.0,22949.0
1718648666.714189,0.0,22949.0
1718648666.9156282,0.0,22949.0
1718648667.1033044,0.0,22949.0
1718648667.3150883,0.0,22949.0
1718648667.5023077,0.0,22949.0
1718648667.6935966,0.0,22949.0
1718648667.8474388,0.0,22949.0
1718648668.0185277,0.0,22949.0
1718648668.1706352,0.0,22949.0
1718648668.3092406,0.0,22949.0
1718648668.4480064,0.0,22949.0
1718648668.5865786,0.0,22949.0
1718648668.7236998,98.0,22949.0
1718648668.8624225,98.0,22949.0
1718648669.000754,99.0,22949.0
1718648669.1765342,100.0,22949.0
1718648669.3410373,100.0,22949.0
1718648669.5095928,100.0,22949.0
1718648669.6790915,100.0,22949.0
1718648669.8368223,100.0,22949.0
1718648669.984363,72.0,22949.0
1718648670.139487,0.0,22949.0
1718648670.286016,0.0,22949.0
1718648670.4364884,0.0,22949.0
1718648670.5909102,0.0,22949.0
1718648670.7662241,0.0,22949.0
1718648670.9144373,0.0,22949.0
1718648671.1155713,0.0,22949.0
1718648671.3162627,0.0,22949.0
1718648671.520242,0.0,22949.0
1718648671.7155492,0.0,22949.0
1718648671.9160962,0.0,22949.0
1718648672.0737088,0.0,22949.0
1718648672.2254124,0.0,22949.0
1718648672.385438,0.0,22949.0
1718648672.524832,0.0,22949.0
1718648672.6659043,0.0,22949.0
1718648672.8045819,0.0,22949.0
1718648672.9433343,0.0,22949.0
1718648673.083832,70.0,22949.0
1718648673.2241106,99.0,22949.0
1718648673.3665497,100.0,22949.0
1718648673.5462267,100.0,22949.0
1718648673.7225535,100.0,22949.0
1718648673.8700614,100.0,22949.0
1718648674.0250475,100.0,22949.0
1718648674.2333715,98.0,22949.0
1718648674.4001944,0.0,22949.0
1718648674.5482385,0.0,22949.0
1718648674.7031605,0.0,22949.0
1718648674.8625162,0.0,22949.0
1718648675.0106242,0.0,22949.0
1718648675.168008,0.0,22949.0
1718648675.3548884,0.0,22949.0
1718648675.5552883,0.0,22949.0
1718648675.722856,0.0,22949.0
1718648675.923449,0.0,22949.0
1718648676.12488,0.0,22949.0
1718648676.3044019,0.0,22949.0
1718648676.4531746,0.0,22949.0
1718648676.622373,0.0,22949.0
1718648676.7636933,0.0,22949.0
1718648676.9006915,0.0,22949.0
1718648677.038466,0.0,22949.0
1718648677.1772146,0.0,22949.0
1718648677.3165894,66.0,22949.0
1718648677.4546268,97.0,22949.0
1718648677.607385,100.0,22949.0
1718648677.7685776,100.0,22949.0
1718648677.9362226,100.0,22949.0
1718648678.0981262,100.0,22949.0
1718648678.2798445,100.0,22949.0
1718648678.4325786,100.0,22949.0
1718648678.5858946,100.0,22949.0
1718648678.7407777,4.0,22949.0
1718648678.894526,0.0,22949.0
1718648679.0569718,0.0,22949.0
1718648679.2153232,0.0,22949.0
1718648679.3678515,0.0,22949.0
1718648679.5115745,0.0,22949.0
1718648679.715994,0.0,22949.0
1718648679.8948805,0.0,22949.0
1718648680.0824807,0.0,22949.0
1718648680.2362401,0.0,22949.0
1718648680.4358544,0.0,22949.0
1718648680.5859144,0.0,22949.0
1718648680.7496316,0.0,22949.0
1718648680.8972511,0.0,22949.0
1718648681.0358052,0.0,22949.0
1718648681.177693,0.0,22949.0
1718648681.315248,0.0,22949.0
1718648681.452333,50.0,22949.0
1718648681.5918026,100.0,22949.0
1718648681.729513,100.0,22949.0
1718648681.8682227,99.0,22949.0
1718648682.0301943,100.0,22949.0
1718648682.190523,100.0,22949.0
1718648682.3550618,100.0,22949.0
1718648682.5271263,100.0,22949.0
1718648682.708248,100.0,22949.0
1718648682.857715,15.0,22949.0
1718648683.0000577,0.0,22949.0
1718648683.156701,0.0,22949.0
1718648683.3192315,0.0,22949.0
1718648683.4971719,0.0,22949.0
1718648683.6615198,0.0,22949.0
1718648683.874931,0.0,22949.0
1718648684.0654705,0.0,22949.0
1718648684.2716994,0.0,22949.0
1718648684.4546928,0.0,22949.0
1718648684.665819,0.0,22949.0
1718648684.8220603,0.0,22949.0
1718648684.9821963,0.0,22949.0
1718648685.143459,0.0,22949.0
1718648685.2838252,0.0,22949.0
1718648685.4224956,0.0,22949.0
1718648685.561937,0.0,22949.0
1718648685.700275,66.0,22949.0
1718648685.83811,99.0,22949.0
1718648685.9756446,100.0,22949.0
1718648686.1492293,100.0,22949.0
1718648686.3078501,100.0,22949.0
1718648686.477444,100.0,22949.0
1718648686.639513,100.0,22949.0
1718648686.8155274,100.0,22949.0
1718648686.9744499,100.0,22949.0
1718648687.1267006,1.0,22949.0
1718648687.2867842,0.0,22949.0
1718648687.4404905,0.0,22949.0
1718648687.59819,0.0,22949.0
1718648687.7814274,0.0,22949.0
1718648687.9837098,0.0,22949.0
1718648688.191165,0.0,22949.0
1718648688.402648,0.0,22949.0
1718648688.5727556,0.0,22949.0
1718648688.7643452,0.0,22949.0
1718648688.9319544,0.0,22949.0
1718648689.0989187,0.0,22949.0
1718648689.2497454,0.0,22949.0
1718648689.3872988,0.0,22949.0
1718648689.5264843,0.0,22949.0
1718648689.6654258,0.0,22949.0
1718648689.8054419,33.0,22949.0
1718648689.9431765,100.0,22949.0
1718648690.081609,99.0,22949.0
1718648690.2322755,100.0,22949.0
1718648690.4089031,100.0,22949.0
1718648690.5721567,100.0,22949.0
1718648690.7299576,100.0,22949.0
1718648690.891203,100.0,22949.0
1718648691.038808,43.0,22949.0
1718648691.2129319,0.0,22949.0
1718648691.3770375,0.0,22949.0
1718648691.5544798,0.0,22949.0
1718648691.744664,0.0,22949.0
1718648691.9041889,0.0,22949.0
1718648692.0884411,0.0,22949.0
1718648692.304623,0.0,22949.0
1718648692.5085897,0.0,22949.0
1718648692.7124696,0.0,22949.0
1718648692.915588,0.0,22949.0
1718648693.0627327,0.0,22949.0
1718648693.2171493,0.0,22949.0
1718648693.3773956,0.0,22949.0
1718648693.515286,0.0,22949.0
1718648693.6540205,0.0,22949.0
1718648693.7908475,0.0,22949.0
1718648693.9290018,56.0,22949.0
1718648694.0690763,56.0,22949.0
1718648694.2084672,99.0,22949.0
1718648694.3674664,99.0,22949.0
1718648694.5266309,100.0,22949.0
1718648694.6942885,100.0,22949.0
1718648694.8483555,100.0,22949.0
1718648695.0308204,100.0,22949.0
1718648695.18483,100.0,22949.0
1718648695.3492064,11.0,22949.0
1718648695.5289273,0.0,22949.0
1718648695.6860838,0.0,22949.0
1718648695.8529162,0.0,22949.0
1718648696.0177224,0.0,22949.0
1718648696.1955006,0.0,22949.0
1718648696.396901,0.0,22949.0
1718648696.567699,0.0,22949.0
1718648696.772071,0.0,22949.0
1718648696.99314,0.0,22949.0
1718648697.1618774,0.0,22949.0
1718648697.3385828,0.0,22949.0
1718648697.5048242,0.0,22949.0
1718648697.6419916,0.0,22949.0
1718648697.7811656,0.0,22949.0
1718648697.9215,35.0,22949.0
1718648698.0617802,35.0,22949.0
1718648698.1983364,100.0,22949.0
1718648698.3377593,99.0,22949.0
1718648698.5030625,100.0,22949.0
1718648698.680442,100.0,22949.0
1718648698.8423624,100.0,22949.0
1718648699.016351,100.0,22949.0
1718648699.1928015,100.0,22949.0
1718648699.361035,43.0,22949.0
1718648699.5030584,0.0,22949.0
1718648699.6592488,0.0,22949.0
1718648699.8250759,0.0,22949.0
1718648699.9988546,0.0,22949.0
1718648700.1594627,0.0,22949.0
1718648700.3605547,0.0,22949.0
1718648700.560793,0.0,22949.0
1718648700.7747138,0.0,22949.0
1718648700.936648,0.0,22949.0
1718648701.1286976,0.0,22949.0
1718648701.3085334,0.0,22949.0
1718648701.464912,0.0,22949.0
1718648701.6301858,0.0,22949.0
1718648701.772318,0.0,22949.0
1718648701.911441,0.0,22949.0
1718648702.0481958,0.0,22949.0
1718648702.186549,87.0,22949.0
1718648702.3248527,99.0,22949.0
1718648702.497666,100.0,22949.0
1718648702.6538138,100.0,22949.0
1718648702.8253593,100.0,22949.0
1718648703.0027742,100.0,22949.0
1718648703.155688,100.0,22949.0
1718648703.332961,84.0,22949.0
1718648703.4999557,0.0,22949.0
1718648703.6456835,0.0,22949.0
1718648703.7930164,0.0,22949.0
1718648703.9480286,0.0,22949.0
1718648704.1159852,0.0,22949.0
1718648704.2947228,0.0,22949.0
1718648704.4978714,0.0,22949.0
1718648704.7051451,0.0,22949.0
1718648704.908837,0.0,22949.0
1718648705.070456,0.0,22949.0
1718648705.2681723,0.0,22949.0
1718648705.431357,0.0,22949.0
1718648705.6053028,0.0,22949.0
1718648705.765395,0.0,22949.0
1718648705.9040234,0.0,22949.0
1718648706.042693,0.0,22949.0
1718648706.1795354,36.0,22949.0
1718648706.3204527,100.0,22949.0
1718648706.4572406,99.0,22949.0
1718648706.624808,99.0,22949.0
1718648706.787622,100.0,22949.0
1718648706.9584389,100.0,22949.0
1718648707.1088936,100.0,22949.0
1718648707.264799,100.0,22949.0
1718648707.43655,100.0,22949.0
1718648707.5893333,41.0,22949.0
1718648707.7353823,0.0,22949.0
1718648707.898432,0.0,22949.0
1718648708.05892,0.0,22949.0
1718648708.2252312,0.0,22949.0
1718648708.3732734,0.0,22949.0
1718648708.547062,0.0,22949.0
1718648708.7474513,0.0,22949.0
1718648708.9245768,0.0,22949.0
1718648709.1192791,0.0,22949.0
1718648709.3278399,0.0,22949.0
1718648709.4931185,0.0,22949.0
1718648709.65226,0.0,22949.0
1718648709.813191,0.0,22949.0
1718648709.955144,0.0,22949.0
1718648710.093791,0.0,22949.0
1718648710.2312315,0.0,22949.0
1718648710.3697026,85.0,22949.0
1718648710.507916,99.0,22949.0
1718648710.6743937,100.0,22949.0
1718648710.835302,100.0,22949.0
1718648711.0037324,100.0,22949.0
1718648711.1846259,100.0,22949.0
1718648711.365506,100.0,22949.0
1718648711.5127776,83.0,22949.0
1718648711.679637,0.0,22949.0
1718648711.8436203,0.0,22949.0
1718648712.025437,0.0,22949.0
1718648712.1785798,0.0,22949.0
1718648712.3314748,0.0,22949.0
1718648712.478144,0.0,22949.0
1718648712.680035,0.0,22949.0
1718648712.8807695,0.0,22949.0
1718648713.0705655,0.0,22949.0
1718648713.232195,0.0,22949.0
1718648713.4327903,0.0,22949.0
1718648713.5780811,0.0,22949.0
1718648713.737755,0.0,22949.0
1718648713.9053922,0.0,22949.0
1718648714.0445585,0.0,22949.0
1718648714.182137,0.0,22949.0
1718648714.319869,0.0,22949.0
1718648714.460214,62.0,22949.0
1718648714.598252,99.0,22949.0
1718648714.7425349,99.0,22949.0
1718648714.9063444,100.0,22949.0
1718648715.0775175,100.0,22949.0
1718648715.2353394,100.0,22949.0
1718648715.3919737,100.0,22949.0
1718648715.5633366,100.0,22949.0
1718648715.728317,100.0,22949.0
1718648715.9112399,3.0,22949.0
1718648716.0565794,0.0,22949.0
1718648716.2159758,0.0,22949.0
1718648716.3740513,0.0,22949.0
1718648716.5283027,0.0,22949.0
1718648716.7311301,0.0,22949.0
1718648716.930403,0.0,22949.0
1718648717.1294599,0.0,22949.0
1718648717.2913303,0.0,22949.0
1718648717.4802094,0.0,22949.0
1718648717.648432,0.0,22949.0
1718648717.8152285,0.0,22949.0
1718648717.9717944,0.0,22949.0
1718648718.1102245,0.0,22949.0
1718648718.2498932,0.0,22949.0
1718648718.3874798,50.0,22949.0
1718648718.5265448,50.0,22949.0
1718648718.6678307,100.0,22949.0
1718648718.8183162,99.0,22949.0
1718648718.9751542,100.0,22949.0
1718648719.12784,100.0,22949.0
1718648719.2935686,100.0,22949.0
1718648719.454602,100.0,22949.0
1718648719.6146526,100.0,22949.0
1718648719.7714672,14.0,22949.0
1718648719.921654,14.0,22949.0
1718648720.069872,0.0,22949.0
1718648720.221233,0.0,22949.0
1718648720.3963385,0.0,22949.0
1718648720.5541751,0.0,22949.0
1718648720.70072,0.0,22949.0
1718648720.9113257,0.0,22949.0
1718648721.0686164,0.0,22949.0
1718648721.2802508,0.0,22949.0
1718648721.4808254,0.0,22949.0
1718648721.6307507,0.0,22949.0
1718648721.784422,0.0,22949.0
1718648721.9362235,0.0,22949.0
1718648722.0976164,0.0,22949.0
1718648722.2341115,0.0,22949.0
1718648722.3728766,15.0,22949.0
1718648722.5105286,15.0,22949.0
1718648722.6514397,100.0,22949.0
1718648722.7901595,100.0,22949.0
1718648722.9650984,99.0,22949.0
1718648723.1277997,100.0,22949.0
1718648723.2961006,100.0,22949.0
1718648723.4546194,100.0,22949.0
1718648723.622191,100.0,22949.0
1718648723.7722592,59.0,22949.0
1718648723.9203794,59.0,22949.0
1718648724.058333,0.0,22949.0
1718648724.2100718,0.0,22949.0
1718648724.3717911,0.0,22949.0
1718648724.5238166,0.0,22949.0
1718648724.6862867,0.0,22949.0
1718648724.863843,0.0,22949.0
1718648725.068278,0.0,22949.0
1718648725.238727,0.0,22949.0
1718648725.4425232,0.0,22949.0
1718648725.6435568,0.0,22949.0
1718648725.8053086,0.0,22949.0
1718648725.9659624,0.0,22949.0
1718648726.1244998,0.0,22949.0
1718648726.2632635,0.0,22949.0
1718648726.401731,0.0,22949.0
1718648726.5402358,0.0,22949.0
1718648726.6784341,95.0,22949.0
1718648726.8263626,99.0,22949.0
1718648727.0040598,99.0,22949.0
1718648727.164843,100.0,22949.0
1718648727.3354466,100.0,22949.0
1718648727.4936752,100.0,22949.0
1718648727.6787226,100.0,22949.0
1718648727.828886,100.0,22949.0
1718648727.9974508,0.0,22949.0
1718648728.1625433,0.0,22949.0
1718648728.3375776,0.0,22949.0
1718648728.496116,0.0,22949.0
1718648728.665114,0.0,22949.0
1718648728.820292,0.0,22949.0
1718648729.033099,0.0,22949.0
1718648729.1996582,0.0,22949.0
1718648729.3915958,0.0,22949.0
1718648729.5438309,0.0,22949.0
1718648729.7399807,0.0,22949.0
1718648729.889482,0.0,22949.0
1718648730.0508652,0.0,22949.0
1718648730.21005,0.0,22949.0
1718648730.353162,0.0,22949.0
1718648730.492358,0.0,22949.0
1718648730.628944,71.0,22949.0
1718648730.7677984,71.0,22949.0
1718648730.906602,99.0,22949.0
1718648731.0957084,100.0,22949.0
1718648731.2598476,100.0,22949.0
1718648731.4297166,100.0,22949.0
1718648731.5904906,100.0,22949.0
1718648731.7574887,100.0,22949.0
1718648731.9105124,97.0,22949.0
1718648732.0747845,0.0,22949.0
1718648732.2141476,0.0,22949.0
1718648732.3621244,0.0,22949.0
1718648732.511131,0.0,22949.0
1718648732.6650543,0.0,22949.0
1718648732.8286395,0.0,22949.0
1718648733.027745,0.0,22949.0
1718648733.2366736,0.0,22949.0
1718648733.4441,0.0,22949.0
1718648733.5954227,0.0,22949.0
1718648733.7882748,0.0,22949.0
1718648733.9517426,0.0,22949.0
1718648734.1211507,0.0,22949.0
1718648734.2897093,0.0,22949.0
1718648734.4289834,0.0,22949.0
1718648734.5673213,0.0,22949.0
1718648734.703432,43.0,22949.0
1718648734.8449786,100.0,22949.0
1718648734.9813428,100.0,22949.0
1718648735.1469488,99.0,22949.0
1718648735.3112948,100.0,22949.0
1718648735.4724386,100.0,22949.0
1718648735.641632,100.0,22949.0
1718648735.795843,100.0,22949.0
1718648735.9533544,100.0,22949.0
1718648736.1234987,28.0,22949.0
1718648736.2699633,0.0,22949.0
1718648736.4220111,0.0,22949.0
1718648736.5911925,0.0,22949.0
1718648736.7586462,0.0,22949.0
1718648736.9044087,0.0,22949.0
1718648737.0987775,0.0,22949.0
1718648737.2992802,0.0,22949.0
1718648737.5010898,0.0,22949.0
1718648737.6826594,0.0,22949.0
1718648737.8787267,0.0,22949.0
1718648738.0370498,0.0,22949.0
1718648738.201947,0.0,22949.0
1718648738.3547413,0.0,22949.0
1718648738.4924805,0.0,22949.0
1718648738.6317468,0.0,22949.0
1718648738.7690318,0.0,22949.0
1718648738.9073265,87.0,22949.0
1718648739.0450308,87.0,22949.0
1718648739.1830466,99.0,22949.0
1718648739.3383286,100.0,22949.0
1718648739.4949899,100.0,22949.0
1718648739.665041,100.0,22949.0
1718648739.821614,100.0,22949.0
1718648739.9758434,100.0,22949.0
1718648740.1383927,85.0,22949.0
1718648740.301438,0.0,22949.0
1718648740.44115,0.0,22949.0
1718648740.5863578,0.0,22949.0
1718648740.7491028,0.0,22949.0
1718648740.916751,0.0,22949.0
1718648741.0709107,0.0,22949.0
1718648741.2802155,0.0,22949.0
1718648741.4834862,0.0,22949.0
1718648741.6835034,0.0,22949.0
1718648741.84701,0.0,22949.0
1718648742.0492256,0.0,22949.0
1718648742.198005,0.0,22949.0
1718648742.355843,0.0,22949.0
1718648742.5190103,0.0,22949.0
1718648742.6575665,0.0,22949.0
1718648742.795537,0.0,22949.0
1718648742.937691,34.0,22949.0
1718648743.0790992,34.0,22949.0
1718648743.2199183,100.0,22949.0
1718648743.3764467,99.0,22949.0
1718648743.564402,100.0,22949.0
1718648743.7315414,100.0,22949.0
1718648743.919403,100.0,22949.0
1718648744.0949585,100.0,22949.0
1718648744.2526922,100.0,22949.0
1718648744.422569,41.0,22949.0
1718648744.578876,0.0,22949.0
1718648744.7437665,0.0,22949.0
1718648744.9176538,0.0,22949.0
1718648745.0817566,0.0,22949.0
1718648745.2387712,0.0,22949.0
1718648745.443955,0.0,22949.0
1718648745.618513,0.0,22949.0
1718648745.8174658,0.0,22949.0
1718648745.9603527,0.0,22949.0
1718648746.1592543,0.0,22949.0
1718648746.3158462,0.0,22949.0
1718648746.4820864,0.0,22949.0
1718648746.6455867,0.0,22949.0
1718648746.7841098,0.0,22949.0
1718648746.9232714,0.0,22949.0
1718648747.063503,0.0,22949.0
1718648747.201952,78.0,22949.0
1718648747.3403654,99.0,22949.0
1718648747.477721,99.0,22949.0
1718648747.6557882,100.0,22949.0
1718648747.8274212,100.0,22949.0
1718648748.0036614,100.0,22949.0
1718648748.1618657,100.0,22949.0
1718648748.335021,93.0,22949.0
1718648748.5109785,93.0,22949.0
1718648748.6518505,0.0,22949.0
1718648748.8053548,0.0,22949.0
1718648748.9817402,0.0,22949.0
1718648749.1852887,0.0,22949.0
1718648749.4040473,0.0,22949.0
1718648749.5769324,0.0,22949.0
1718648749.7809966,0.0,22949.0
1718648749.96372,0.0,22949.0
1718648750.168013,0.0,22949.0
1718648750.3347268,0.0,22949.0
1718648750.5020192,0.0,22949.0
1718648750.6574864,0.0,22949.0
1718648750.7959664,0.0,22949.0
1718648750.9363015,0.0,22949.0
1718648751.0740733,0.0,22949.0
1718648751.214924,73.0,22949.0
1718648751.354379,99.0,22949.0
1718648751.4920542,100.0,22949.0
1718648751.6657681,100.0,22949.0
1718648751.8360481,100.0,22949.0
1718648752.0228257,100.0,22949.0
1718648752.1878154,100.0,22949.0
1718648752.3608677,93.0,22949.0
1718648752.5284731,93.0,22949.0
1718648752.6868277,0.0,22949.0
1718648752.8358552,0.0,22949.0
1718648752.9920156,0.0,22949.0
1718648753.1960254,0.0,22949.0
1718648753.4041116,0.0,22949.0
1718648753.6089284,0.0,22949.0
1718648753.7979763,0.0,22949.0
1718648753.984947,0.0,22949.0
1718648754.1846924,0.0,22949.0
1718648754.3478525,0.0,22949.0
1718648754.507002,0.0,22949.0
1718648754.6714933,0.0,22949.0
1718648754.8097575,0.0,22949.0
1718648754.9509225,0.0,22949.0
1718648755.095714,0.0,22949.0
1718648755.2354438,95.0,22949.0
1718648755.372007,99.0,22949.0
1718648755.5113869,99.0,22949.0
1718648755.6665726,100.0,22949.0
1718648755.8131082,100.0,22949.0
1718648755.959054,100.0,22949.0
1718648756.1181638,100.0,22949.0
1718648756.2832007,100.0,22949.0
1718648756.4251146,78.0,22949.0
1718648756.5898001,0.0,22949.0
1718648756.7556994,0.0,22949.0
1718648756.9351852,0.0,22949.0
1718648757.0866933,0.0,22949.0
1718648757.245743,0.0,22949.0
1718648757.391341,0.0,22949.0
1718648757.5940058,0.0,22949.0
1718648757.7957962,0.0,22949.0
1718648757.9830441,0.0,22949.0
1718648758.1336203,0.0,22949.0
1718648758.336674,0.0,22949.0
1718648758.4796987,0.0,22949.0
1718648758.6423044,0.0,22949.0
1718648758.7935016,0.0,22949.0
1718648758.9334142,0.0,22949.0
1718648759.0722299,0.0,22949.0
1718648759.2107182,39.0,22949.0
1718648759.3516486,100.0,22949.0
1718648759.488703,100.0,22949.0
1718648759.625719,99.0,22949.0
1718648759.786806,100.0,22949.0
1718648759.9580855,100.0,22949.0
1718648760.1183202,100.0,22949.0
1718648760.276651,100.0,22949.0
1718648760.4575572,100.0,22949.0
1718648760.6132429,38.0,22949.0
1718648760.7652729,0.0,22949.0
1718648760.9208293,0.0,22949.0
1718648761.0825405,0.0,22949.0
1718648761.25506,0.0,22949.0
1718648761.4134805,0.0,22949.0
1718648761.580902,0.0,22949.0
1718648761.785276,0.0,22949.0
1718648761.9515808,0.0,22949.0
1718648762.1560063,0.0,22949.0
1718648762.351479,0.0,22949.0
1718648762.507474,0.0,22949.0
1718648762.653644,0.0,22949.0
1718648762.8165803,0.0,22949.0
1718648762.9684234,0.0,22949.0
1718648763.106615,0.0,22949.0
1718648763.2454858,0.0,22949.0
1718648763.3841214,0.0,22949.0
1718648763.5232093,86.0,22949.0
1718648763.6626964,97.0,22949.0
1718648763.8134103,100.0,22949.0
1718648763.9783347,100.0,22949.0
1718648764.127149,100.0,22949.0
1718648764.2830374,100.0,22949.0
1718648764.434693,100.0,22949.0
1718648764.6157205,100.0,22949.0
1718648764.7782137,0.0,22949.0
1718648764.9292943,0.0,22949.0
1718648765.078945,0.0,22949.0
1718648765.2416878,0.0,22949.0
1718648765.4436898,0.0,22949.0
1718648765.6478457,0.0,22949.0
1718648765.8559551,0.0,22949.0
1718648766.0609808,0.0,22949.0
1718648766.2179408,0.0,22949.0
1718648766.4205866,0.0,22949.0
1718648766.5892353,0.0,22949.0
1718648766.7568521,0.0,22949.0
1718648766.906771,0.0,22949.0
1718648767.0480285,0.0,22949.0
1718648767.1870785,0.0,22949.0
1718648767.323735,0.0,22949.0
1718648767.4636674,83.0,22949.0
1718648767.6030126,83.0,22949.0
1718648767.7421381,99.0,22949.0
1718648767.8911073,100.0,22949.0
1718648768.0555897,100.0,22949.0
1718648768.2178628,100.0,22949.0
1718648768.3812711,100.0,22949.0
1718648768.5463169,100.0,22949.0
1718648768.6949854,87.0,22949.0
1718648768.8639672,0.0,22949.0
1718648769.0198352,0.0,22949.0
1718648769.1707077,0.0,22949.0
1718648769.3170595,0.0,22949.0
1718648769.4847035,0.0,22949.0
1718648769.6352942,0.0,22949.0
1718648769.8434699,0.0,22949.0
1718648770.0401857,0.0,22949.0
1718648770.2442183,0.0,22949.0
1718648770.4051774,0.0,22949.0
1718648770.6088085,0.0,22949.0
1718648770.760595,0.0,22949.0
1718648770.9228528,0.0,22949.0
1718648771.0935185,0.0,22949.0
1718648771.2323208,0.0,22949.0
1718648771.3708587,0.0,22949.0
1718648771.5091977,34.0,22949.0
1718648771.6478715,100.0,22949.0
1718648771.7868905,100.0,22949.0
1718648771.9313326,99.0,22949.0
1718648772.0918577,100.0,22949.0
1718648772.2445867,100.0,22949.0
1718648772.4216394,100.0,22949.0
1718648772.5841389,100.0,22949.0
1718648772.762004,100.0,22949.0
1718648772.914511,43.0,22949.0
1718648773.0700796,0.0,22949.0
1718648773.2184792,0.0,22949.0
1718648773.3807251,0.0,22949.0
1718648773.530526,0.0,22949.0
1718648773.6812093,0.0,22949.0
1718648773.8592334,0.0,22949.0
1718648774.060211,0.0,22949.0
1718648774.216132,0.0,22949.0
1718648774.4166195,0.0,22949.0
1718648774.6216893,0.0,22949.0
1718648774.7872567,0.0,22949.0
1718648774.9330869,0.0,22949.0
1718648775.0861065,0.0,22949.0
1718648775.2423189,0.0,22949.0
1718648775.38439,0.0,22949.0
1718648775.5266466,0.0,22949.0
1718648775.6671295,0.0,22949.0
1718648775.8154857,95.0,22949.0
1718648775.9610374,95.0,22949.0
1718648776.1360304,100.0,22949.0
1718648776.303113,100.0,22949.0
1718648776.459855,100.0,22949.0
1718648776.6369631,100.0,22949.0
1718648776.7882023,100.0,22949.0
1718648776.9475138,100.0,22949.0
1718648777.1113696,6.0,22949.0
1718648777.2570198,6.0,22949.0
1718648777.4256413,0.0,22949.0
1718648777.596165,0.0,22949.0
1718648777.7594953,0.0,22949.0
1718648777.9143405,0.0,22949.0
1718648778.115323,0.0,22949.0
1718648778.317085,0.0,22949.0
1718648778.5205545,0.0,22949.0
1718648778.6877127,0.0,22949.0
1718648778.876548,0.0,22949.0
1718648779.0342367,0.0,22949.0
1718648779.2122836,0.0,22949.0
1718648779.3620205,0.0,22949.0
1718648779.5004787,0.0,22949.0
1718648779.638831,0.0,22949.0
1718648779.776993,0.0,22949.0
1718648779.9167235,91.0,22949.0
1718648780.0607433,91.0,22949.0
1718648780.199829,99.0,22949.0
1718648780.3684125,100.0,22949.0
1718648780.5373874,100.0,22949.0
1718648780.7033582,100.0,22949.0
1718648780.870292,100.0,22949.0
1718648781.063064,77.0,22949.0
1718648781.2153463,77.0,22949.0
1718648781.3804746,0.0,22949.0
1718648781.540163,0.0,22949.0
1718648781.7036135,0.0,22949.0
1718648781.8678646,0.0,22949.0
1718648782.0284605,0.0,22949.0
1718648782.1929867,0.0,22949.0
1718648782.4003692,0.0,22949.0
1718648782.552821,0.0,22949.0
1718648782.7630517,0.0,22949.0
1718648782.954547,0.0,22949.0
1718648783.129541,0.0,22949.0
1718648783.2904267,0.0,22949.0
1718648783.4607432,0.0,22949.0
1718648783.606413,0.0,22949.0
1718648783.745302,0.0,22949.0
1718648783.8835962,0.0,22949.0
1718648784.0249407,35.0,22949.0
1718648784.1632016,100.0,22949.0
1718648784.301176,99.0,22949.0
1718648784.4622817,99.0,22949.0
1718648784.6268334,100.0,22949.0
1718648784.8111653,100.0,22949.0
1718648784.963418,100.0,22949.0
1718648785.1287014,100.0,22949.0
1718648785.2976277,100.0,22949.0
1718648785.4714825,40.0,22949.0
1718648785.6162152,0.0,22949.0
1718648785.7790165,0.0,22949.0
1718648785.935859,0.0,22949.0
1718648786.102551,0.0,22949.0
1718648786.2725005,0.0,22949.0
1718648786.447553,0.0,22949.0
1718648786.6525347,0.0,22949.0
1718648786.8235543,0.0,22949.0
1718648787.0239615,0.0,22949.0
1718648787.2202537,0.0,22949.0
1718648787.3862388,0.0,22949.0
1718648787.5297072,0.0,22949.0
1718648787.682188,0.0,22949.0
1718648787.837166,0.0,22949.0
1718648787.9763174,0.0,22949.0
1718648788.113954,18.0,22949.0
1718648788.2523484,18.0,22949.0
1718648788.3920484,100.0,22949.0
1718648788.5316432,99.0,22949.0
1718648788.6868594,99.0,22949.0
1718648788.8447568,100.0,22949.0
1718648789.0099237,100.0,22949.0
1718648789.1731343,100.0,22949.0
1718648789.3434474,100.0,22949.0
1718648789.512811,100.0,22949.0
1718648789.666285,55.0,22949.0
1718648789.811159,0.0,22949.0
1718648789.9548109,0.0,22949.0
1718648790.1174772,0.0,22949.0
1718648790.2935202,0.0,22949.0
1718648790.508783,0.0,22949.0
1718648790.7208378,0.0,22949.0
1718648790.900048,0.0,22949.0
1718648791.0792794,0.0,22949.0
1718648791.2792912,0.0,22949.0
1718648791.4572406,0.0,22949.0
1718648791.6251087,0.0,22949.0
1718648791.7826214,0.0,22949.0
1718648791.91982,0.0,22949.0
1718648792.0575593,0.0,22949.0
1718648792.1990657,0.0,22949.0
1718648792.3398507,100.0,22949.0
1718648792.477511,100.0,22949.0
1718648792.6158378,99.0,22949.0
1718648792.7801306,100.0,22949.0
1718648792.9412296,100.0,22949.0
1718648793.095322,100.0,22949.0
1718648793.249952,100.0,22949.0
1718648793.4179842,100.0,22949.0
1718648793.5671616,46.0,22949.0
1718648793.7222438,46.0,22949.0
1718648793.8782167,0.0,22949.0
1718648794.0544088,0.0,22949.0
1718648794.231573,0.0,22949.0
1718648794.3822389,0.0,22949.0
1718648794.55227,0.0,22949.0
1718648794.75312,0.0,22949.0
1718648794.908661,0.0,22949.0
1718648795.1009464,0.0,22949.0
1718648795.2402058,0.0,22949.0
1718648795.439578,0.0,22949.0
1718648795.5941484,0.0,22949.0
1718648795.7591376,0.0,22949.0
1718648795.922681,0.0,22949.0
1718648796.0638688,0.0,22949.0
1718648796.202584,0.0,22949.0
1718648796.3396459,0.0,22949.0
1718648796.4801707,83.0,22949.0
1718648796.6177585,99.0,22949.0
1718648796.7918487,100.0,22949.0
1718648796.9543285,100.0,22949.0
1718648797.1125047,100.0,22949.0
1718648797.2766035,100.0,22949.0
1718648797.448602,100.0,22949.0
1718648797.5940766,100.0,22949.0
1718648797.7585151,0.0,22949.0
1718648797.9097195,0.0,22949.0
1718648798.0559678,0.0,22949.0
1718648798.2102628,0.0,22949.0
1718648798.3664057,0.0,22949.0
1718648798.519416,0.0,22949.0
1718648798.6958332,0.0,22949.0
1718648798.903831,0.0,22949.0
1718648799.0762014,0.0,22949.0
1718648799.271412,0.0,22949.0
1718648799.4668686,0.0,22949.0
1718648799.6398544,0.0,22949.0
1718648799.798744,0.0,22949.0
1718648799.9502015,0.0,22949.0
1718648800.0950582,0.0,22949.0
1718648800.235248,0.0,22949.0
1718648800.3735826,0.0,22949.0
1718648800.5135355,33.0,22949.0
1718648800.652807,100.0,22949.0
1718648800.7926302,99.0,22949.0
1718648800.964686,99.0,22949.0
1718648801.1241515,100.0,22949.0
1718648801.293188,100.0,22949.0
1718648801.459385,100.0,22949.0
1718648801.6226792,100.0,22949.0
1718648801.7701154,100.0,22949.0
1718648801.9461224,43.0,22949.0
1718648802.091317,0.0,22949.0
1718648802.236105,0.0,22949.0
1718648802.407846,0.0,22949.0
1718648802.5649536,0.0,22949.0
1718648802.7238226,0.0,22949.0
1718648802.8998322,0.0,22949.0
1718648803.1121547,0.0,22949.0
1718648803.3147438,0.0,22949.0
1718648803.4910645,0.0,22949.0
1718648803.6803935,0.0,22949.0
1718648803.8488202,0.0,22949.0
1718648804.0367563,0.0,22949.0
1718648804.2053044,0.0,22949.0
1718648804.3434453,0.0,22949.0
1718648804.4819615,0.0,22949.0
1718648804.6213236,65.0,22949.0
1718648804.7626579,65.0,22949.0
1718648804.8992476,99.0,22949.0
1718648805.066383,100.0,22949.0
1718648805.2328045,100.0,22949.0
1718648805.3952007,100.0,22949.0
1718648805.55138,100.0,22949.0
1718648805.7183807,100.0,22949.0
1718648805.8799524,100.0,22949.0
1718648806.04167,1.0,22949.0
1718648806.1791897,1.0,22949.0
1718648806.3263493,0.0,22949.0
1718648806.4931507,0.0,22949.0
1718648806.653208,0.0,22949.0
1718648806.8136656,0.0,22949.0
1718648807.0171075,0.0,22949.0
1718648807.2211957,0.0,22949.0
1718648807.419455,0.0,22949.0
1718648807.5941017,0.0,22949.0
1718648807.7847083,0.0,22949.0
1718648807.9426906,0.0,22949.0
1718648808.1012743,0.0,22949.0
1718648808.2537267,0.0,22949.0
1718648808.3929484,0.0,22949.0
1718648808.5318882,0.0,22949.0
1718648808.6700974,0.0,22949.0
1718648808.8087604,20.0,22949.0
1718648808.9473975,100.0,22949.0
1718648809.0872195,99.0,22949.0
1718648809.258403,100.0,22949.0
1718648809.4154112,100.0,22949.0
1718648809.5733035,100.0,22949.0
1718648809.7348568,100.0,22949.0
1718648809.9207847,100.0,22949.0
1718648810.0632207,55.0,22949.0
1718648810.229183,0.0,22949.0
1718648810.375332,0.0,22949.0
1718648810.5498376,0.0,22949.0
1718648810.695697,0.0,22949.0
1718648810.86017,0.0,22949.0
1718648811.0054445,0.0,22949.0
1718648811.2275136,0.0,22949.0
1718648811.4107366,0.0,22949.0
1718648811.5986555,0.0,22949.0
1718648811.7563188,0.0,22949.0
1718648811.9736242,0.0,22949.0
1718648812.1424851,0.0,22949.0
1718648812.3140926,0.0,22949.0
1718648812.4586549,0.0,22949.0
1718648812.5982215,0.0,22949.0
1718648812.7366607,0.0,22949.0
1718648812.8762345,0.0,22949.0
1718648813.013803,86.0,22949.0
1718648813.1518283,99.0,22949.0
1718648813.313281,100.0,22949.0
1718648813.4661033,100.0,22949.0
1718648813.6276386,100.0,22949.0
1718648813.7849364,100.0,22949.0
1718648813.9565291,100.0,22949.0
1718648814.1032436,86.0,22949.0
1718648814.2608688,0.0,22949.0
1718648814.4065967,0.0,22949.0
1718648814.5552728,0.0,22949.0
1718648814.720258,0.0,22949.0
1718648814.8872974,0.0,22949.0
1718648815.0570264,0.0,22949.0
1718648815.2677996,0.0,22949.0
1718648815.4697576,0.0,22949.0
1718648815.6468327,0.0,22949.0
1718648815.8358219,0.0,22949.0
1718648816.0231771,0.0,22949.0
1718648816.1979074,0.0,22949.0
1718648816.3901067,0.0,22949.0
1718648816.5421133,0.0,22949.0
1718648816.6791377,0.0,22949.0
1718648816.817746,0.0,22949.0
1718648816.9573245,11.0,22949.0
1718648817.100331,100.0,22949.0
1718648817.2389607,100.0,22949.0
1718648817.3842306,99.0,22949.0
1718648817.541384,100.0,22949.0
1718648817.714063,100.0,22949.0
1718648817.8770134,100.0,22949.0
1718648818.0354133,100.0,22949.0
1718648818.2050805,100.0,22949.0
1718648818.3621762,63.0,22949.0
1718648818.4988823,0.0,22949.0
1718648818.6446304,0.0,22949.0
1718648818.7929826,0.0,22949.0
1718648818.9681954,0.0,22949.0
1718648819.138246,0.0,22949.0
1718648819.3406503,0.0,22949.0
1718648819.5448878,0.0,22949.0
1718648819.7481263,0.0,22949.0
1718648819.9146564,0.0,22949.0
1718648820.1029093,0.0,22949.0
1718648820.261842,0.0,22949.0
1718648820.420764,0.0,22949.0
1718648820.5751967,0.0,22949.0
1718648820.7130654,0.0,22949.0
1718648820.851373,0.0,22949.0
1718648820.9904728,25.0,22949.0
1718648821.132523,100.0,22949.0
1718648821.2695527,100.0,22949.0
1718648821.4363933,99.0,22949.0
1718648821.6052735,100.0,22949.0
1718648821.7816536,100.0,22949.0
1718648821.9415703,100.0,22949.0
1718648822.0972223,100.0,22949.0
1718648822.2555315,51.0,22949.0
1718648822.4303126,0.0,22949.0
1718648822.6386995,0.0,22949.0
1718648822.788776,0.0,22949.0
1718648822.9587512,0.0,22949.0
1718648823.137299,0.0,22949.0
1718648823.3163931,0.0,22949.0
1718648823.5254982,0.0,22949.0
1718648823.6946695,0.0,22949.0
1718648823.8919861,0.0,22949.0
1718648824.086636,0.0,22949.0
1718648824.2756736,0.0,22949.0
1718648824.4321318,0.0,22949.0
1718648824.5918846,0.0,22949.0
1718648824.7306733,0.0,22949.0
1718648824.8695395,0.0,22949.0
1718648825.0101314,6.0,22949.0
1718648825.149202,100.0,22949.0
1718648825.2881708,100.0,22949.0
1718648825.42817,99.0,22949.0
1718648825.614983,100.0,22949.0
1718648825.7712436,100.0,22949.0
1718648825.9459403,100.0,22949.0
1718648826.1153288,100.0,22949.0
1718648826.3047092,65.0,22949.0
1718648826.4566433,65.0,22949.0
1718648826.6061087,0.0,22949.0
1718648826.7575781,0.0,22949.0
1718648826.9232135,0.0,22949.0
1718648827.0820673,0.0,22949.0
1718648827.246582,0.0,22949.0
1718648827.4117324,0.0,22949.0
1718648827.6155038,0.0,22949.0
1718648827.7846634,0.0,22949.0
1718648827.9872746,0.0,22949.0
1718648828.1800277,0.0,22949.0
1718648828.3438632,0.0,22949.0
1718648828.503631,0.0,22949.0
1718648828.655224,0.0,22949.0
1718648828.8108308,0.0,22949.0
1718648828.9484506,0.0,22949.0
1718648829.0856557,0.0,22949.0
1718648829.2255547,57.0,22949.0
1718648829.3657377,99.0,22949.0
1718648829.5028408,99.0,22949.0
1718648829.6629858,100.0,22949.0
1718648829.8333778,100.0,22949.0
1718648830.0129771,100.0,22949.0
1718648830.1682181,100.0,22949.0
1718648830.3556776,100.0,22949.0
1718648830.5076609,100.0,22949.0
1718648830.6721272,8.0,22949.0
1718648830.827705,0.0,22949.0
1718648830.9873126,0.0,22949.0
1718648831.1481698,0.0,22949.0
1718648831.3131568,0.0,22949.0
1718648831.458148,0.0,22949.0
1718648831.661283,0.0,22949.0
1718648831.8642814,0.0,22949.0
1718648832.054825,0.0,22949.0
1718648832.2124329,0.0,22949.0
1718648832.4160438,0.0,22949.0
1718648832.5588403,0.0,22949.0
1718648832.7212644,0.0,22949.0
1718648832.8789568,0.0,22949.0
1718648833.015451,0.0,22949.0
1718648833.1549153,0.0,22949.0
1718648833.2923868,0.0,22949.0
1718648833.430689,98.0,22949.0
1718648833.5681689,99.0,22949.0
1718648833.7247732,100.0,22949.0
1718648833.8939388,100.0,22949.0
1718648834.0615761,100.0,22949.0
1718648834.2194881,100.0,22949.0
1718648834.386696,100.0,22949.0
1718648834.5447247,100.0,22949.0
1718648834.7099962,73.0,22949.0
1718648834.8609402,0.0,22949.0
1718648835.023419,0.0,22949.0
1718648835.1711173,0.0,22949.0
1718648835.3466423,0.0,22949.0
1718648835.5029557,0.0,22949.0
1718648835.6791961,0.0,22949.0
1718648835.8883822,0.0,22949.0
1718648836.0960836,0.0,22949.0
1718648836.303825,0.0,22949.0
1718648836.492373,0.0,22949.0
1718648836.651455,0.0,22949.0
1718648836.811136,0.0,22949.0
1718648836.9730551,0.0,22949.0
1718648837.1122882,0.0,22949.0
1718648837.252764,0.0,22949.0
1718648837.3906233,0.0,22949.0
1718648837.5309143,58.0,22949.0
1718648837.669341,99.0,22949.0
1718648837.806689,100.0,22949.0
1718648837.9841058,100.0,22949.0
1718648838.151332,100.0,22949.0
1718648838.3174498,100.0,22949.0
1718648838.4699411,100.0,22949.0
1718648838.6521654,100.0,22949.0
1718648838.8156664,7.0,22949.0
1718648838.951833,7.0,22949.0
1718648839.1422477,0.0,22949.0
1718648839.305256,0.0,22949.0
1718648839.4658039,0.0,22949.0
1718648839.6159728,0.0,22949.0
1718648839.8193088,0.0,22949.0
1718648840.0201247,0.0,22949.0
1718648840.2228258,0.0,22949.0
1718648840.3773289,0.0,22949.0
1718648840.575958,0.0,22949.0
1718648840.7299252,0.0,22949.0
1718648840.887993,0.0,22949.0
1718648841.0378993,0.0,22949.0
1718648841.1775873,0.0,22949.0
1718648841.3151624,0.0,22949.0
1718648841.4528852,7.0,22949.0
1718648841.5935776,100.0,22949.0
1718648841.7339966,100.0,22949.0
1718648841.8722377,99.0,22949.0
1718648842.0559802,100.0,22949.0
1718648842.2090886,100.0,22949.0
1718648842.3731267,100.0,22949.0
1718648842.5595224,100.0,22949.0
1718648842.7487838,100.0,22949.0
1718648842.9173927,64.0,22949.0
1718648843.060885,0.0,22949.0
1718648843.2251875,0.0,22949.0
1718648843.3770924,0.0,22949.0
1718648843.5318165,0.0,22949.0
1718648843.6909597,0.0,22949.0
1718648843.8609982,0.0,22949.0
1718648844.064078,0.0,22949.0
1718648844.2120423,0.0,22949.0
1718648844.4127076,0.0,22949.0
1718648844.588164,0.0,22949.0
1718648844.7731616,0.0,22949.0
1718648844.9359927,0.0,22949.0
1718648845.0879526,0.0,22949.0
1718648845.2547266,0.0,22949.0
1718648845.396264,0.0,22949.0
1718648845.5354106,0.0,22949.0
1718648845.67364,73.0,22949.0
1718648845.8115656,73.0,22949.0
1718648845.9505785,99.0,22949.0
1718648846.1098602,100.0,22949.0
1718648846.2823288,100.0,22949.0
1718648846.443668,100.0,22949.0
1718648846.6065192,100.0,22949.0
1718648846.773018,100.0,22949.0
1718648846.9170873,96.0,22949.0
1718648847.0787609,0.0,22949.0
1718648847.2448177,0.0,22949.0
1718648847.4210205,0.0,22949.0
1718648847.5686176,0.0,22949.0
1718648847.7221417,0.0,22949.0
1718648847.8729174,0.0,22949.0
1718648848.084183,0.0,22949.0
1718648848.2612789,0.0,22949.0
1718648848.4516926,0.0,22949.0
1718648848.6091356,0.0,22949.0
1718648848.8140728,0.0,22949.0
1718648848.9777684,0.0,22949.0
1718648849.1539938,0.0,22949.0
1718648849.3170261,0.0,22949.0
1718648849.4545474,0.0,22949.0
1718648849.5932357,0.0,22949.0
1718648849.7315092,26.0,22949.0
1718648849.870143,100.0,22949.0
1718648850.0096786,100.0,22949.0
1718648850.1602962,99.0,22949.0
1718648850.3226557,100.0,22949.0
1718648850.4793432,100.0,22949.0
1718648850.6427727,100.0,22949.0
1718648850.8048131,100.0,22949.0
1718648850.9834306,100.0,22949.0
1718648851.1491432,49.0,22949.0
1718648851.2965763,0.0,22949.0
1718648851.4595141,0.0,22949.0
1718648851.63158,0.0,22949.0
1718648851.7951336,0.0,22949.0
1718648851.9556756,0.0,22949.0
1718648852.1591287,0.0,22949.0
1718648852.3629966,0.0,22949.0
1718648852.5634465,0.0,22949.0
1718648852.7193458,0.0,22949.0
1718648852.927583,0.0,22949.0
1718648853.072336,0.0,22949.0
1718648853.233725,0.0,22949.0
1718648853.3888662,0.0,22949.0
1718648853.5276694,0.0,22949.0
1718648853.6657956,0.0,22949.0
1718648853.802412,0.0,22949.0
1718648853.9420986,97.0,22949.0
1718648854.0800176,99.0,22949.0
1718648854.240557,100.0,22949.0
1718648854.3941703,100.0,22949.0
1718648854.5564337,100.0,22949.0
1718648854.7181914,100.0,22949.0
1718648854.8814533,100.0,22949.0
1718648855.069911,71.0,22949.0
1718648855.2311792,71.0,22949.0
1718648855.4315903,0.0,22949.0
1718648855.5755782,0.0,22949.0
1718648855.7249513,0.0,22949.0
1718648855.8916755,0.0,22949.0
1718648856.0476134,0.0,22949.0
1718648856.2452574,0.0,22949.0
1718648856.453914,0.0,22949.0
1718648856.6389196,0.0,22949.0
1718648856.8362029,0.0,22949.0
1718648857.0238478,0.0,22949.0
1718648857.2154214,0.0,22949.0
1718648857.3750548,0.0,22949.0
1718648857.5533407,0.0,22949.0
1718648857.6922407,0.0,22949.0
1718648857.8304513,0.0,22949.0
1718648857.968234,32.0,22949.0
1718648858.1093915,100.0,22949.0
1718648858.2477124,100.0,22949.0
1718648858.392182,99.0,22949.0
1718648858.5549893,100.0,22949.0
1718648858.726702,100.0,22949.0
1718648858.8902204,100.0,22949.0
1718648859.0458696,100.0,22949.0
1718648859.2292812,100.0,22949.0
1718648859.3798325,46.0,22949.0
1718648859.5347602,0.0,22949.0
1718648859.696841,0.0,22949.0
1718648859.847568,0.0,22949.0
1718648860.0046444,0.0,22949.0
1718648860.1685061,0.0,22949.0
1718648860.3121119,0.0,22949.0
1718648860.5170999,0.0,22949.0
1718648860.6892428,0.0,22949.0
1718648860.9024498,0.0,22949.0
1718648861.1075702,0.0,22949.0
1718648861.2759066,0.0,22949.0
1718648861.4162838,0.0,22949.0
1718648861.57765,0.0,22949.0
1718648861.737829,0.0,22949.0
1718648861.8769913,0.0,22949.0
1718648862.015657,0.0,22949.0
1718648862.1543958,0.0,22949.0
1718648862.2930028,52.0,22949.0
1718648862.430447,100.0,22949.0
1718648862.5913644,99.0,22949.0
1718648862.7417605,100.0,22949.0
1718648862.90025,100.0,22949.0
1718648863.0680437,100.0,22949.0
1718648863.2326667,100.0,22949.0
1718648863.3885098,100.0,22949.0
1718648863.5560064,14.0,22949.0
1718648863.7005913,0.0,22949.0
1718648863.8504183,0.0,22949.0
1718648864.0105767,0.0,22949.0
1718648864.1875694,0.0,22949.0
1718648864.3394248,0.0,22949.0
1718648864.515297,0.0,22949.0
1718648864.7244148,0.0,22949.0
1718648864.934643,0.0,22949.0
1718648865.1355917,0.0,22949.0
1718648865.323836,0.0,22949.0
1718648865.4858763,0.0,22949.0
1718648865.6447868,0.0,22949.0
1718648865.8051376,0.0,22949.0
1718648865.9441295,0.0,22949.0
1718648866.0816388,0.0,22949.0
1718648866.2193463,21.0,22949.0
1718648866.3579218,21.0,22949.0
1718648866.4960978,100.0,22949.0
1718648866.635749,99.0,22949.0
1718648866.803308,100.0,22949.0
1718648866.977755,100.0,22949.0
1718648867.1450748,100.0,22949.0
1718648867.309568,100.0,22949.0
1718648867.514715,54.0,22949.0
1718648867.6807098,54.0,22949.0
1718648867.8238463,0.0,22949.0
1718648867.98475,0.0,22949.0
1718648868.1409965,0.0,22949.0
1718648868.30685,0.0,22949.0
1718648868.461226,0.0,22949.0
1718648868.6408083,0.0,22949.0
1718648868.8457782,0.0,22949.0
1718648869.0009904,0.0,22949.0
1718648869.2152205,0.0,22949.0
1718648869.4124572,0.0,22949.0
1718648869.5638385,0.0,22949.0
1718648869.7044938,0.0,22949.0
1718648869.842901,0.0,22949.0
1718648869.9965057,0.0,22949.0
1718648870.1403537,0.0,22949.0
1718648870.2798784,0.0,22949.0
1718648870.4183931,0.0,22949.0
1718648870.5552485,0.0,22949.0
1718648870.6936553,82.0,22949.0
1718648870.832188,96.0,22949.0
1718648870.9948132,100.0,22949.0
1718648871.157398,100.0,22949.0
1718648871.32926,100.0,22949.0
1718648871.4908051,100.0,22949.0
1718648871.6461282,100.0,22949.0
1718648871.8108177,89.0,22949.0
1718648871.9724069,0.0,22949.0
1718648872.1118515,0.0,22949.0
1718648872.2645428,0.0,22949.0
1718648872.4144528,0.0,22949.0
1718648872.568815,0.0,22949.0
1718648872.741349,0.0,22949.0
1718648872.9393334,0.0,22949.0
1718648873.140112,0.0,22949.0
1718648873.3403866,0.0,22949.0
1718648873.5055277,0.0,22949.0
1718648873.6927621,0.0,22949.0
1718648873.8646724,0.0,22949.0
1718648874.038666,0.0,22949.0
1718648874.2039502,0.0,22949.0
1718648874.3443801,0.0,22949.0
1718648874.4830425,0.0,22949.0
1718648874.6195173,53.0,22949.0
1718648874.761084,53.0,22949.0
1718648874.898846,100.0,22949.0
1718648875.0584962,99.0,22949.0
1718648875.2348425,100.0,22949.0
1718648875.3996823,100.0,22949.0
1718648875.5546706,100.0,22949.0
1718648875.7320328,100.0,22949.0
1718648875.8753917,100.0,22949.0
1718648876.0459023,12.0,22949.0
1718648876.1948097,0.0,22949.0
1718648876.3436613,0.0,22949.0
1718648876.4996731,0.0,22949.0
1718648876.657922,0.0,22949.0
1718648876.8078182,0.0,22949.0
1718648876.9843047,0.0,22949.0
1718648877.1887503,0.0,22949.0
1718648877.3586423,0.0,22949.0
1718648877.5628557,0.0,22949.0
1718648877.7358305,0.0,22949.0
1718648877.8832645,0.0,22949.0
1718648878.036683,0.0,22949.0
1718648878.189497,0.0,22949.0
1718648878.3385313,0.0,22949.0
1718648878.478694,0.0,22949.0
1718648878.6198978,0.0,22949.0
1718648878.7571719,0.0,22949.0
1718648878.8962266,96.0,22949.0
1718648879.0341733,99.0,22949.0
1718648879.1926284,100.0,22949.0
1718648879.361383,100.0,22949.0
1718648879.5131686,100.0,22949.0
1718648879.6789596,100.0,22949.0
1718648879.8364148,100.0,22949.0
1718648880.0077415,74.0,22949.0
1718648880.1988406,0.0,22949.0
1718648880.3385098,0.0,22949.0
1718648880.4947965,0.0,22949.0
1718648880.6517699,0.0,22949.0
1718648880.8202047,0.0,22949.0
1718648880.9710164,0.0,22949.0
1718648881.1629696,0.0,22949.0
1718648881.360652,0.0,22949.0
1718648881.5265439,0.0,22949.0
1718648881.7250755,0.0,22949.0
1718648881.9289093,0.0,22949.0
1718648882.097572,0.0,22949.0
1718648882.2626662,0.0,22949.0
1718648882.4197958,0.0,22949.0
1718648882.5570865,0.0,22949.0
1718648882.6962588,0.0,22949.0
1718648882.834661,0.0,22949.0
1718648882.974165,47.0,22949.0
1718648883.1110039,100.0,22949.0
1718648883.2472928,99.0,22949.0
1718648883.4115603,99.0,22949.0
1718648883.5784645,100.0,22949.0
1718648883.73834,100.0,22949.0
1718648883.8955774,100.0,22949.0
1718648884.0985558,100.0,22949.0
1718648884.2556362,100.0,22949.0
1718648884.4036772,18.0,22949.0
1718648884.5581372,0.0,22949.0
1718648884.739286,0.0,22949.0
1718648884.8947027,0.0,22949.0
1718648885.050547,0.0,22949.0
1718648885.251256,0.0,22949.0
1718648885.459424,0.0,22949.0
1718648885.658679,0.0,22949.0
1718648885.820467,0.0,22949.0
1718648886.0129073,0.0,22949.0
1718648886.1872745,0.0,22949.0
1718648886.3598635,0.0,22949.0
1718648886.515317,0.0,22949.0
1718648886.6546092,0.0,22949.0
1718648886.7926476,0.0,22949.0
1718648886.931572,41.0,22949.0
1718648887.0709002,100.0,22949.0
1718648887.2082317,100.0,22949.0
1718648887.375,99.0,22949.0
1718648887.534109,100.0,22949.0
1718648887.7061944,100.0,22949.0
1718648887.8784716,100.0,22949.0
1718648888.0594258,100.0,22949.0
1718648888.20793,100.0,22949.0
1718648888.3693547,34.0,22949.0
1718648888.5164516,0.0,22949.0
1718648888.6610885,0.0,22949.0
1718648888.810575,0.0,22949.0
1718648888.9844468,0.0,22949.0
1718648889.1469479,0.0,22949.0
1718648889.3477762,0.0,22949.0
1718648889.5445292,0.0,22949.0
1718648889.7457082,0.0,22949.0
1718648889.9321244,0.0,22949.0
1718648890.1397033,0.0,22949.0
1718648890.3007421,0.0,22949.0
1718648890.463565,0.0,22949.0
1718648890.620212,0.0,22949.0
1718648890.7577984,0.0,22949.0
1718648890.8961887,0.0,22949.0
1718648891.0347085,0.0,22949.0
1718648891.1736383,64.0,22949.0
1718648891.3113785,99.0,22949.0
1718648891.4489481,99.0,22949.0
1718648891.637182,100.0,22949.0
1718648891.7970543,100.0,22949.0
1718648891.965693,100.0,22949.0
1718648892.1228857,100.0,22949.0
1718648892.312984,100.0,22949.0
1718648892.4661858,0.0,22949.0
1718648892.608955,0.0,22949.0
1718648892.7646863,0.0,22949.0
1718648892.926739,0.0,22949.0
1718648893.1132128,0.0,22949.0
1718648893.276924,0.0,22949.0
1718648893.4752116,0.0,22949.0
1718648893.6815565,0.0,22949.0
1718648893.8861163,0.0,22949.0
1718648894.070156,0.0,22949.0
1718648894.2600927,0.0,22949.0
1718648894.4284537,0.0,22949.0
1718648894.6026328,0.0,22949.0
1718648894.75855,0.0,22949.0
1718648894.8980002,0.0,22949.0
1718648895.036419,0.0,22949.0
1718648895.17497,1.0,22949.0
1718648895.3159423,100.0,22949.0
1718648895.4548674,100.0,22949.0
1718648895.5922964,99.0,22949.0
1718648895.7363663,100.0,22949.0
1718648895.8966966,100.0,22949.0
1718648896.0678353,100.0,22949.0
1718648896.2648969,100.0,22949.0
1718648896.4262078,100.0,22949.0
1718648896.5837271,71.0,22949.0
1718648896.7545266,0.0,22949.0
1718648896.8988483,0.0,22949.0
1718648897.057437,0.0,22949.0
1718648897.2096324,0.0,22949.0
1718648897.3620462,0.0,22949.0
1718648897.513208,0.0,22949.0
1718648897.6634474,0.0,22949.0
1718648897.8602128,0.0,22949.0
1718648898.0325465,0.0,22949.0
1718648898.242839,0.0,22949.0
1718648898.4068975,0.0,22949.0
1718648898.5999746,0.0,22949.0
1718648898.749248,0.0,22949.0
1718648898.910755,0.0,22949.0
1718648899.0848243,0.0,22949.0
1718648899.223331,0.0,22949.0
1718648899.3621652,0.0,22949.0
1718648899.498832,0.0,22949.0
1718648899.6400359,82.0,22949.0
1718648899.7781665,99.0,22949.0
1718648899.917658,99.0,22949.0
1718648900.0677154,100.0,22949.0
1718648900.2267408,100.0,22949.0
1718648900.395064,100.0,22949.0
1718648900.5665753,100.0,22949.0
1718648900.7441194,100.0,22949.0
1718648900.9080822,87.0,22949.0
1718648901.0538526,0.0,22949.0
1718648901.2182193,0.0,22949.0
1718648901.3810782,0.0,22949.0
1718648901.5845768,0.0,22949.0
1718648901.7878535,0.0,22949.0
1718648901.9818683,0.0,22949.0
1718648902.1928608,0.0,22949.0
1718648902.3427207,0.0,22949.0
1718648902.5481563,0.0,22949.0
1718648902.7183337,0.0,22949.0
1718648902.8652275,0.0,22949.0
1718648903.0198226,0.0,22949.0
1718648903.162959,0.0,22949.0
1718648903.3046331,0.0,22949.0
1718648903.4435356,0.0,22949.0
1718648903.5834725,85.0,22949.0
1718648903.7234483,85.0,22949.0
1718648903.8638349,99.0,22949.0
1718648904.0258512,100.0,22949.0
1718648904.2021675,100.0,22949.0
1718648904.3780417,100.0,22949.0
1718648904.530478,100.0,22949.0
1718648904.7126958,100.0,22949.0
1718648904.8610506,85.0,22949.0
1718648905.0128407,0.0,22949.0
1718648905.1652772,0.0,22949.0
1718648905.3267715,0.0,22949.0
1718648905.501535,0.0,22949.0
1718648905.6641686,0.0,22949.0
1718648905.8320978,0.0,22949.0
1718648906.0355606,0.0,22949.0
1718648906.1881864,0.0,22949.0
1718648906.3890774,0.0,22949.0
1718648906.5630155,0.0,22949.0
1718648906.7457657,0.0,22949.0
1718648906.8881502,0.0,22949.0
1718648907.0546734,0.0,22949.0
1718648907.2148514,0.0,22949.0
1718648907.3529031,0.0,22949.0
1718648907.4924543,0.0,22949.0
1718648907.6290362,28.0,22949.0
1718648907.768895,100.0,22949.0
1718648907.9066634,100.0,22949.0
1718648908.0627637,99.0,22949.0
1718648908.2278457,100.0,22949.0
1718648908.3808925,100.0,22949.0
1718648908.5427315,100.0,22949.0
1718648908.7042255,100.0,22949.0
1718648908.9169688,46.0,22949.0
1718648909.0952015,46.0,22949.0
1718648909.2493708,0.0,22949.0
1718648909.39953,0.0,22949.0
1718648909.5652204,0.0,22949.0
1718648909.7166672,0.0,22949.0
1718648909.8738868,0.0,22949.0
1718648910.052002,0.0,22949.0
1718648910.2598324,0.0,22949.0
1718648910.436444,0.0,22949.0
1718648910.627767,0.0,22949.0
1718648910.8389022,0.0,22949.0
1718648911.023179,0.0,22949.0
1718648911.1805866,0.0,22949.0
1718648911.3377805,0.0,22949.0
1718648911.4751742,0.0,22949.0
1718648911.6164458,0.0,22949.0
1718648911.755338,0.0,22949.0
1718648911.8956838,63.0,22949.0
1718648912.03616,99.0,22949.0
1718648912.1772974,99.0,22949.0
1718648912.3440676,100.0,22949.0
1718648912.5067046,100.0,22949.0
1718648912.6784687,100.0,22949.0
1718648912.834573,100.0,22949.0
1718648913.0066502,100.0,22949.0
1718648913.1495898,3.0,22949.0
1718648913.3138545,3.0,22949.0
1718648913.4648213,0.0,22949.0
1718648913.613972,0.0,22949.0
1718648913.775602,0.0,22949.0
1718648913.942518,0.0,22949.0
1718648914.1079588,0.0,22949.0
1718648914.3110373,0.0,22949.0
1718648914.5138164,0.0,22949.0
1718648914.7172456,0.0,22949.0
1718648914.8742487,0.0,22949.0
1718648915.0753028,0.0,22949.0
1718648915.2227566,0.0,22949.0
1718648915.3929636,0.0,22949.0
1718648915.557329,0.0,22949.0
1718648915.6982706,0.0,22949.0
1718648915.8377762,0.0,22949.0
1718648915.9750488,0.0,22949.0
1718648916.1146414,95.0,22949.0
