timestamp,gpu_util,gpu_mem
1719348424.4288063,0.0,4.0
1719348424.5646565,0.0,4.0
1719348424.703719,0.0,4.0
1719348424.850048,0.0,21.0
1719348425.0098848,0.0,633.0
1719348425.149556,7.0,633.0
1719348425.3371205,1.0,633.0
1719348425.4790967,0.0,633.0
1719348425.619359,0.0,633.0
1719348425.76157,0.0,633.0
1719348425.8995996,0.0,633.0
1719348426.0398228,0.0,965.0
1719348426.1800053,0.0,965.0
1719348426.3194323,9.0,1093.0
1719348426.4599252,9.0,1221.0
1719348426.6018765,3.0,1221.0
1719348426.7431695,3.0,1349.0
1719348426.8826346,3.0,1477.0
1719348427.0222807,3.0,1477.0
1719348427.168191,3.0,6227.0
1719348427.309503,17.0,9877.0
1719348427.4497907,92.0,31033.0
1719348427.5906408,92.0,31033.0
1719348427.727503,95.0,33347.0
1719348427.8693647,81.0,50253.0
1719348428.0101528,81.0,50253.0
1719348428.1926835,100.0,50257.0
1719348428.343014,98.0,50257.0
1719348428.493215,93.0,50271.0
1719348428.642074,93.0,50271.0
1719348428.7970867,98.0,50271.0
1719348428.9666061,98.0,50271.0
1719348429.1175766,99.0,50271.0
1719348429.3037057,99.0,50271.0
1719348429.4529166,100.0,50271.0
1719348429.606155,100.0,50271.0
1719348429.7578967,100.0,50271.0
1719348429.9181712,70.0,50271.0
1719348430.07893,31.0,50271.0
1719348430.227526,31.0,50271.0
1719348430.3809185,100.0,50271.0
1719348430.5345569,99.0,50271.0
1719348430.6849356,100.0,50271.0
1719348430.8367019,100.0,50271.0
1719348430.9863672,100.0,50271.0
1719348431.1407752,100.0,50271.0
1719348431.2929053,39.0,50271.0
1719348431.4411075,91.0,50271.0
1719348431.6074734,91.0,50271.0
1719348431.7649007,100.0,50271.0
1719348431.9118314,99.0,50271.0
1719348432.0591724,100.0,50271.0
1719348432.2036333,100.0,50271.0
1719348432.3517547,100.0,50271.0
1719348432.5028732,77.0,50271.0
1719348432.6711142,45.0,50271.0
1719348432.8233397,45.0,50271.0
1719348433.0172162,100.0,50271.0
1719348433.1661966,99.0,50271.0
1719348433.313848,100.0,50271.0
1719348433.4644244,100.0,50271.0
1719348433.6141803,100.0,50271.0
1719348433.7616184,100.0,50271.0
1719348433.9396515,25.0,50271.0
1719348434.0928607,25.0,50271.0
1719348434.2454727,97.0,50271.0
1719348434.3972065,95.0,50271.0
1719348434.5501063,100.0,50271.0
1719348434.7045763,100.0,50271.0
1719348434.8605878,100.0,50271.0
1719348435.0101535,100.0,50271.0
1719348435.163929,74.0,50271.0
1719348435.3196216,44.0,50271.0
1719348435.4702945,44.0,50271.0
1719348435.6220436,100.0,50271.0
1719348435.774412,99.0,50271.0
1719348435.9251218,100.0,50271.0
1719348436.0747328,100.0,50271.0
1719348436.2237844,100.0,50271.0
1719348436.3721008,100.0,50271.0
1719348436.5187907,27.0,50271.0
1719348436.6683874,27.0,50271.0
1719348436.8497155,99.0,50271.0
1719348436.999873,99.0,50271.0
1719348437.1480231,100.0,50271.0
1719348437.3010745,100.0,50271.0
1719348437.4531646,100.0,50271.0
1719348437.6040788,100.0,50271.0
1719348437.7656753,67.0,50271.0
1719348437.9278402,37.0,50271.0
1719348438.0766242,100.0,50271.0
1719348438.226048,100.0,50271.0
1719348438.3767514,99.0,50271.0
1719348438.5259914,100.0,50271.0
1719348438.6779206,100.0,50271.0
1719348438.832578,100.0,50271.0
1719348438.9864888,100.0,50271.0
1719348439.1883337,31.0,50271.0
1719348439.3454027,31.0,50271.0
1719348439.5042036,92.0,50271.0
1719348439.6595337,100.0,50271.0
1719348439.8206275,93.0,50271.0
1719348439.98563,100.0,50271.0
1719348440.1364398,100.0,50271.0
1719348440.2889228,83.0,50271.0
1719348440.4435937,83.0,50271.0
1719348440.598276,49.0,50271.0
1719348440.7475886,100.0,50271.0
1719348440.8972142,100.0,50271.0
1719348441.0485215,99.0,50271.0
1719348441.1982718,100.0,50271.0
1719348441.34567,100.0,50271.0
1719348441.4926312,100.0,50271.0
1719348441.6437752,100.0,50271.0
1719348441.8007026,48.0,50271.0
1719348441.9573097,100.0,50271.0
1719348442.1105778,100.0,50271.0
1719348442.2683637,99.0,50271.0
1719348442.419951,100.0,50271.0
1719348442.574917,100.0,50271.0
1719348442.7281656,100.0,50271.0
1719348442.8804104,100.0,50271.0
1719348443.0867026,93.0,50271.0
1719348443.263253,93.0,50271.0
1719348443.4213722,100.0,50271.0
1719348443.574555,99.0,50271.0
1719348443.7323036,100.0,50271.0
1719348443.8853874,100.0,50271.0
1719348444.0420625,100.0,50271.0
1719348444.2007303,77.0,50271.0
1719348444.3708346,38.0,50271.0
1719348444.52204,100.0,50271.0
1719348444.6741397,100.0,50271.0
1719348444.8298,99.0,50271.0
1719348444.9853268,100.0,50271.0
1719348445.1386743,100.0,50271.0
1719348445.2901082,100.0,50271.0
1719348445.4409082,100.0,50271.0
1719348445.5929742,33.0,50271.0
1719348445.7437916,98.0,50271.0
1719348445.90281,98.0,50271.0
1719348446.0565462,99.0,50271.0
1719348446.2061627,100.0,50271.0
1719348446.3614945,100.0,50271.0
1719348446.5174365,100.0,50271.0
1719348446.6739042,100.0,50271.0
1719348446.8323624,69.0,50271.0
1719348446.9862585,60.0,50271.0
1719348447.1388462,60.0,50271.0
1719348447.3235378,100.0,50271.0
1719348447.528922,100.0,50271.0
1719348447.6817894,100.0,50271.0
1719348447.8376646,100.0,50271.0
1719348447.9916773,100.0,50271.0
1719348448.1443515,40.0,50271.0
1719348448.2969775,40.0,50271.0
1719348448.4487047,100.0,50271.0
1719348448.6387477,99.0,50271.0
1719348448.7929401,100.0,50271.0
1719348448.947372,100.0,50271.0
1719348449.1066668,100.0,50271.0
1719348449.2616858,100.0,50271.0
1719348449.416871,44.0,50271.0
1719348449.5725374,44.0,50271.0
1719348449.7433288,92.0,50271.0
1719348449.9024305,92.0,50271.0
1719348450.0525808,100.0,50271.0
1719348450.2037528,100.0,50271.0
1719348450.3535109,100.0,50271.0
1719348450.5012367,100.0,50271.0
1719348450.6503227,69.0,50271.0
1719348450.803445,69.0,50271.0
1719348450.958721,79.0,50271.0
1719348451.1562262,99.0,50271.0
1719348451.3188722,99.0,50271.0
1719348451.4713275,100.0,50271.0
1719348451.6232903,100.0,50271.0
1719348451.7751043,100.0,50271.0
1719348451.9577115,88.0,50271.0
1719348452.108753,58.0,50271.0
1719348452.2631447,100.0,50271.0
1719348452.4243705,93.0,50271.0
1719348452.582177,100.0,50271.0
1719348452.7345014,100.0,50271.0
1719348452.8926961,100.0,50271.0
1719348453.0450544,100.0,50271.0
1719348453.2023232,44.0,50271.0
1719348453.356733,44.0,50271.0
1719348453.5093818,100.0,50271.0
1719348453.6655,99.0,50271.0
1719348453.8185797,100.0,50271.0
1719348453.9724164,100.0,50271.0
1719348454.130271,100.0,50271.0
1719348454.2822704,100.0,50271.0
1719348454.4387407,43.0,50271.0
1719348454.5924792,43.0,50271.0
1719348454.7438931,75.0,50271.0
1719348454.893213,100.0,50271.0
1719348455.0402908,100.0,50271.0
1719348455.1906989,99.0,50271.0
1719348455.3456414,100.0,50271.0
1719348455.497068,100.0,50271.0
1719348455.6518674,92.0,50271.0
1719348455.8087416,46.0,50271.0
1719348455.9616404,46.0,50271.0
1719348456.1147013,100.0,50271.0
1719348456.2705503,92.0,50271.0
1719348456.4232337,92.0,50271.0
1719348456.5729284,100.0,50271.0
1719348456.7224684,100.0,50271.0
1719348456.8789814,100.0,50271.0
1719348457.0339315,30.0,50271.0
1719348457.193197,97.0,50271.0
1719348457.3664262,97.0,50271.0
1719348457.518581,99.0,50271.0
1719348457.6758978,100.0,50271.0
1719348457.881563,100.0,50271.0
1719348458.0375335,100.0,50271.0
1719348458.1905053,100.0,50271.0
1719348458.3448367,71.0,50271.0
1719348458.4956307,60.0,50271.0
1719348458.651107,100.0,50271.0
1719348458.8060923,100.0,50271.0
1719348459.0189335,99.0,50271.0
1719348459.171739,100.0,50271.0
1719348459.3238838,100.0,50271.0
1719348459.4736655,100.0,50271.0
1719348459.6216786,36.0,50271.0
1719348459.782123,36.0,50271.0
1719348459.9289827,100.0,50271.0
1719348460.0823505,99.0,50271.0
1719348460.2374043,100.0,50271.0
1719348460.3948534,100.0,50271.0
1719348460.547926,100.0,50271.0
1719348460.7009642,100.0,50271.0
1719348460.8518658,100.0,50271.0
1719348461.032242,52.0,50271.0
1719348461.2277124,100.0,50271.0
1719348461.3806696,99.0,50271.0
1719348461.536554,100.0,50271.0
1719348461.6931064,100.0,50271.0
1719348461.8461008,100.0,50271.0
1719348462.0001392,100.0,50271.0
1719348462.1562963,57.0,50271.0
1719348462.3095553,81.0,50271.0
1719348462.461334,81.0,50271.0
1719348462.6531863,99.0,50271.0
1719348462.8076985,99.0,50271.0
1719348462.9593012,100.0,50271.0
1719348463.1137109,100.0,50271.0
1719348463.2701626,86.0,50271.0
1719348463.424823,86.0,50271.0
1719348463.5774026,58.0,50271.0
1719348463.7281704,100.0,50271.0
1719348463.879539,100.0,50271.0
1719348464.030665,99.0,50271.0
1719348464.178492,100.0,50271.0
1719348464.3289428,100.0,50271.0
1719348464.4766834,100.0,50271.0
1719348464.6338918,100.0,50271.0
1719348464.790613,54.0,50271.0
1719348464.9461863,100.0,50271.0
1719348465.0987208,99.0,50271.0
1719348465.2612283,100.0,50271.0
1719348465.41311,100.0,50271.0
1719348465.5678535,100.0,50271.0
1719348465.7174485,100.0,50271.0
1719348465.8713892,52.0,50271.0
1719348466.0237322,52.0,50271.0
1719348466.1810162,100.0,50271.0
1719348466.3349261,99.0,50271.0
1719348466.4888933,100.0,50271.0
1719348466.6419706,100.0,50271.0
1719348466.797731,100.0,50271.0
1719348466.95389,100.0,50271.0
1719348467.1075852,100.0,50271.0
1719348467.2775822,54.0,50271.0
1719348467.4312732,100.0,50271.0
1719348467.5848043,99.0,50271.0
1719348467.7386086,100.0,50271.0
1719348467.8938901,100.0,50271.0
1719348468.0477827,100.0,50271.0
1719348468.2015066,100.0,50271.0
1719348468.3513231,100.0,50271.0
1719348468.5030408,57.0,50271.0
1719348468.6953301,100.0,50271.0
1719348468.8464143,100.0,50271.0
1719348468.9978986,99.0,50271.0
1719348469.1498969,100.0,50271.0
1719348469.306851,100.0,50271.0
1719348469.4602056,100.0,50271.0
1719348469.6146708,79.0,50271.0
1719348469.7649863,60.0,50271.0
1719348469.9203093,100.0,50271.0
1719348470.070995,100.0,50271.0
1719348470.2266529,99.0,50271.0
1719348470.37967,100.0,50271.0
1719348470.5330348,100.0,50271.0
1719348470.6898324,100.0,50271.0
1719348470.8485558,100.0,50271.0
1719348471.0024989,52.0,50271.0
1719348471.1564791,52.0,50271.0
1719348471.309238,100.0,50271.0
1719348471.4614573,99.0,50271.0
1719348471.61387,100.0,50271.0
1719348471.767204,100.0,50271.0
1719348471.9211838,100.0,50271.0
1719348472.075674,100.0,50271.0
1719348472.2387567,47.0,50271.0
1719348472.3957589,100.0,50271.0
1719348472.548827,100.0,50271.0
1719348472.7051563,100.0,50271.0
1719348472.8627295,100.0,50271.0
1719348473.017612,100.0,50271.0
1719348473.1740963,100.0,50271.0
1719348473.332919,50.0,50271.0
1719348473.4881818,50.0,50271.0
1719348473.647885,99.0,50271.0
1719348473.8026695,99.0,50271.0
1719348473.960343,100.0,50271.0
1719348474.1126144,100.0,50271.0
1719348474.2686481,100.0,50271.0
1719348474.4206889,100.0,50271.0
1719348474.5768974,100.0,50271.0
1719348474.7313828,68.0,50271.0
1719348474.8804064,83.0,50271.0
1719348475.0315573,100.0,50271.0
1719348475.187822,99.0,50271.0
1719348475.3455973,100.0,50271.0
1719348475.4972076,100.0,50271.0
1719348475.6514893,100.0,50271.0
1719348475.8118768,86.0,50271.0
1719348475.9779444,86.0,50271.0
1719348476.1289995,49.0,50271.0
1719348476.2845683,100.0,50271.0
1719348476.4397876,99.0,50271.0
1719348476.590024,100.0,50271.0
1719348476.7418458,100.0,50271.0
1719348476.8958771,100.0,50271.0
1719348477.0531025,100.0,50271.0
1719348477.2083185,44.0,50271.0
1719348477.36024,100.0,50271.0
1719348477.5198576,100.0,50271.0
1719348477.6704173,93.0,50271.0
1719348477.8211386,100.0,50271.0
1719348477.97089,100.0,50271.0
1719348478.1189768,100.0,50271.0
1719348478.2673411,100.0,50271.0
1719348478.4145844,100.0,50271.0
1719348478.5675483,52.0,50271.0
1719348478.764103,98.0,50271.0
1719348478.9220016,98.0,50271.0
1719348479.0729423,100.0,50271.0
1719348479.2262206,100.0,50271.0
1719348479.377664,100.0,50271.0
1719348479.530183,100.0,50271.0
1719348479.6810956,70.0,50271.0
1719348479.8334825,78.0,50271.0
1719348479.989589,100.0,50271.0
1719348480.144947,100.0,50271.0
1719348480.2989948,99.0,50271.0
1719348480.4539158,100.0,50271.0
1719348480.6078382,100.0,50271.0
1719348480.7594872,100.0,50271.0
1719348480.9151115,92.0,50271.0
1719348481.067333,60.0,50271.0
1719348481.2195163,100.0,50271.0
1719348481.3707814,100.0,50271.0
1719348481.5261414,99.0,50271.0
1719348481.681128,100.0,50271.0
1719348481.8342652,100.0,50271.0
1719348481.9857981,100.0,50271.0
1719348482.1401567,100.0,50271.0
1719348482.291589,51.0,50271.0
1719348482.4406815,51.0,50271.0
1719348482.5914335,100.0,50271.0
1719348482.7426898,99.0,50271.0
1719348482.8917086,100.0,50271.0
1719348483.046839,100.0,50271.0
1719348483.2028306,100.0,50271.0
1719348483.3576555,100.0,50271.0
1719348483.5175633,49.0,50271.0
1719348483.6709566,100.0,50271.0
1719348483.823551,99.0,50271.0
1719348483.9777055,99.0,50271.0
1719348484.128496,100.0,50271.0
1719348484.2798457,100.0,50271.0
1719348484.4331172,100.0,50271.0
1719348484.59643,48.0,50271.0
1719348484.770229,48.0,50271.0
1719348484.992382,90.0,50271.0
1719348485.1459067,100.0,50271.0
1719348485.3033917,99.0,50271.0
1719348485.4564052,99.0,50271.0
1719348485.610704,100.0,50271.0
1719348485.762776,100.0,50271.0
1719348485.9177265,78.0,50271.0
1719348486.069335,78.0,50271.0
1719348486.2279954,100.0,50271.0
1719348486.3812194,100.0,50271.0
1719348486.5348992,99.0,50271.0
1719348486.6853027,100.0,50271.0
1719348486.8361475,100.0,50271.0
1719348486.9869766,100.0,50271.0
1719348487.134228,95.0,50271.0
1719348487.2846272,54.0,50271.0
1719348487.43516,100.0,50271.0
1719348487.5898545,100.0,50271.0
1719348487.7457798,99.0,50271.0
1719348487.899593,100.0,50271.0
1719348488.0536573,100.0,50271.0
1719348488.2048986,100.0,50271.0
1719348488.359856,100.0,50271.0
1719348488.5139117,51.0,50271.0
1719348488.6652443,100.0,50271.0
1719348488.8189664,100.0,50271.0
1719348488.9793084,99.0,50271.0
1719348489.1338775,100.0,50271.0
1719348489.2879813,100.0,50271.0
1719348489.4422066,100.0,50271.0
1719348489.6032133,100.0,50271.0
1719348489.7661192,40.0,50271.0
1719348489.9198408,100.0,50271.0
1719348490.0702393,99.0,50271.0
1719348490.2275233,100.0,50271.0
1719348490.3805785,100.0,50271.0
1719348490.535052,100.0,50271.0
1719348490.6887565,100.0,50271.0
1719348490.844182,100.0,50271.0
1719348491.0312052,65.0,50271.0
1719348491.1860287,74.0,50271.0
1719348491.3343282,100.0,50271.0
1719348491.4836981,99.0,50271.0
1719348491.64149,100.0,50271.0
1719348491.8035235,100.0,50271.0
1719348491.9549882,100.0,50271.0
1719348492.1108272,93.0,50271.0
1719348492.2654734,93.0,50271.0
1719348492.4174552,52.0,50271.0
1719348492.567516,100.0,50271.0
1719348492.7189527,99.0,50271.0
1719348492.871157,99.0,50271.0
1719348493.0235178,100.0,50271.0
1719348493.1749618,100.0,50271.0
1719348493.3275812,100.0,50271.0
1719348493.484349,100.0,50271.0
1719348493.655259,100.0,50271.0
1719348493.820929,100.0,50271.0
1719348493.978705,99.0,50271.0
1719348494.1309686,100.0,50271.0
1719348494.2853875,100.0,50271.0
1719348494.43703,100.0,50271.0
1719348494.5922682,100.0,50271.0
1719348494.7462757,45.0,50271.0
1719348494.898965,45.0,50271.0
1719348495.0609558,100.0,50271.0
1719348495.2166688,98.0,50271.0
1719348495.3670332,100.0,50271.0
1719348495.5146673,100.0,50271.0
1719348495.6609948,100.0,50271.0
1719348495.8062897,100.0,50271.0
1719348495.9513588,65.0,50271.0
1719348496.09637,89.0,50271.0
1719348496.2408998,89.0,50271.0
1719348496.3817203,100.0,50271.0
1719348496.5322065,99.0,50271.0
1719348496.682854,99.0,50271.0
1719348496.8347943,100.0,50271.0
1719348496.9874785,100.0,50271.0
1719348497.1408627,79.0,50271.0
1719348497.2969122,79.0,50271.0
1719348497.4453855,66.0,50271.0
1719348497.5958323,100.0,50271.0
1719348497.7447414,100.0,50271.0
1719348497.8926873,100.0,50271.0
1719348498.0452232,100.0,50271.0
1719348498.1965058,100.0,50271.0
1719348498.348775,100.0,50271.0
1719348498.514282,45.0,50271.0
1719348498.6661906,45.0,50271.0
1719348498.814293,100.0,50271.0
1719348498.9665143,100.0,50271.0
1719348499.1164322,100.0,50271.0
1719348499.2678351,100.0,50271.0
1719348499.4154303,100.0,50271.0
1719348499.5645492,100.0,50271.0
1719348499.7117922,51.0,50271.0
1719348499.8580894,51.0,50271.0
1719348500.0115952,100.0,50271.0
1719348500.159182,99.0,50271.0
1719348500.307884,100.0,50271.0
1719348500.4589274,100.0,50271.0
1719348500.6059594,100.0,50271.0
1719348500.7511868,100.0,50271.0
1719348500.9025428,46.0,50271.0
1719348501.0795896,46.0,50271.0
1719348501.2288358,96.0,50271.0
1719348501.3755064,99.0,50271.0
1719348501.5307648,99.0,50271.0
1719348501.6800148,100.0,50271.0
1719348501.8310425,100.0,50271.0
1719348501.9810119,100.0,50271.0
1719348502.1376848,100.0,50271.0
1719348502.2930257,72.0,50271.0
1719348502.510732,0.0,50271.0
1719348502.6634505,0.0,50271.0
1719348502.816562,0.0,50271.0
1719348502.9668632,0.0,50271.0
1719348503.1177475,0.0,50271.0
1719348503.2692122,0.0,50271.0
1719348503.419388,0.0,50271.0
1719348503.5704613,0.0,50271.0
1719348503.7202766,0.0,50271.0
1719348503.8744414,0.0,50271.0
1719348504.0263884,0.0,50271.0
1719348504.1736135,0.0,50271.0
1719348504.3219318,0.0,50271.0
1719348504.4711568,0.0,50271.0
1719348504.6158018,0.0,50271.0
1719348504.7572293,0.0,50271.0
1719348504.9007974,0.0,50271.0
1719348505.0429878,0.0,50271.0
1719348505.190981,0.0,50271.0
1719348505.3453794,0.0,50271.0
1719348505.4989607,0.0,50271.0
1719348505.6521945,0.0,50271.0
1719348505.8003883,0.0,50271.0
1719348505.9488788,0.0,50271.0
1719348506.0971746,0.0,50271.0
1719348506.2464607,0.0,50271.0
1719348506.3941386,0.0,50271.0
1719348506.5422466,0.0,50271.0
1719348506.6959522,0.0,50271.0
1719348506.8485165,0.0,50271.0
1719348507.0017102,0.0,50271.0
1719348507.1532269,0.0,50271.0
1719348507.3032935,0.0,50271.0
1719348507.4580913,0.0,50271.0
1719348507.6070192,0.0,50271.0
1719348507.7563152,0.0,50271.0
1719348507.9082108,0.0,50271.0
1719348508.061005,0.0,50271.0
1719348508.2163658,0.0,50271.0
1719348508.3681676,0.0,50271.0
1719348508.5191052,0.0,50271.0
1719348508.6662273,0.0,50271.0
1719348508.8133566,0.0,50271.0
1719348508.959902,0.0,50271.0
1719348509.1053166,0.0,50271.0
1719348509.248578,0.0,50271.0
1719348509.3908699,0.0,50271.0
1719348509.5426219,0.0,50271.0
1719348509.6956189,0.0,50271.0
1719348509.8518777,0.0,50271.0
1719348510.0013692,0.0,50271.0
1719348510.149298,0.0,50271.0
1719348510.2991283,0.0,50271.0
1719348510.446617,0.0,50271.0
1719348510.5951848,0.0,50271.0
1719348510.7402008,0.0,50271.0
1719348510.8927598,0.0,50271.0
1719348511.0443776,0.0,50271.0
1719348511.1981108,0.0,50271.0
1719348511.350699,0.0,50271.0
1719348511.5044181,0.0,50271.0
1719348511.6556728,0.0,50271.0
1719348511.8179584,0.0,50271.0
1719348511.9684932,0.0,50271.0
1719348512.1195738,0.0,50271.0
1719348512.269922,0.0,50271.0
1719348512.421975,0.0,50271.0
1719348512.5757143,0.0,50271.0
1719348512.7257986,0.0,50271.0
1719348512.8732235,0.0,50271.0
1719348513.0215263,0.0,50271.0
1719348513.1675344,0.0,50271.0
1719348513.3128893,0.0,50271.0
1719348513.4557953,0.0,50271.0
1719348513.599216,0.0,50271.0
1719348513.7412446,0.0,50271.0
1719348513.8901842,0.0,50271.0
1719348514.0439708,0.0,50271.0
1719348514.195857,0.0,50271.0
1719348514.3463566,0.0,50271.0
1719348514.4968529,0.0,50271.0
1719348514.6451476,0.0,50271.0
1719348514.7918367,0.0,50271.0
1719348514.938744,0.0,50271.0
1719348515.087099,0.0,50271.0
1719348515.2355864,0.0,50271.0
1719348515.390179,0.0,50271.0
1719348515.541932,0.0,50271.0
1719348515.6955667,0.0,50271.0
1719348515.8479402,0.0,50271.0
1719348515.9988055,0.0,50271.0
1719348516.1489735,0.0,50271.0
1719348516.300147,0.0,50271.0
1719348516.4483137,0.0,50271.0
1719348516.5984573,0.0,50271.0
1719348516.751184,0.0,50271.0
1719348516.9048846,0.0,50271.0
1719348517.058268,0.0,50271.0
1719348517.210278,0.0,50271.0
1719348517.3598099,0.0,50271.0
1719348517.5062366,0.0,50271.0
1719348517.6532784,0.0,50271.0
1719348517.7982266,0.0,50271.0
1719348517.9432456,0.0,50271.0
1719348518.0875883,0.0,50271.0
1719348518.2303991,0.0,50271.0
1719348518.382694,0.0,50271.0
1719348518.5358856,0.0,50271.0
1719348518.6883337,0.0,50271.0
1719348518.84008,0.0,50271.0
1719348518.9902723,0.0,50271.0
1719348519.1405504,0.0,50271.0
1719348519.2910948,0.0,50271.0
1719348519.43948,0.0,50271.0
1719348519.588201,0.0,50271.0
1719348519.740506,0.0,50271.0
1719348519.8962135,0.0,50271.0
1719348520.0474193,0.0,50271.0
1719348520.2010179,0.0,50271.0
1719348520.3515928,0.0,50271.0
1719348520.5016599,0.0,50271.0
1719348520.6544158,0.0,50271.0
1719348520.804891,0.0,50271.0
1719348520.9575002,0.0,50271.0
1719348521.107343,0.0,50271.0
1719348521.2587824,0.0,50271.0
1719348521.4143171,0.0,50271.0
1719348521.5657272,0.0,50271.0
1719348521.7138972,0.0,50271.0
1719348521.861418,0.0,50271.0
1719348522.0086126,0.0,50271.0
1719348522.1560094,0.0,50271.0
1719348522.2991178,0.0,50271.0
1719348522.4433463,0.0,50271.0
1719348522.5851588,0.0,50271.0
1719348522.7341614,0.0,50271.0
1719348522.8874211,0.0,50271.0
1719348523.0404708,0.0,50271.0
1719348523.1937444,0.0,50271.0
1719348523.3432455,0.0,50271.0
1719348523.4938214,0.0,50271.0
1719348523.643406,0.0,50271.0
1719348523.7906873,0.0,50271.0
1719348523.9375892,0.0,50271.0
1719348524.0897536,0.0,50271.0
1719348524.2431588,0.0,50271.0
1719348524.3966296,0.0,50271.0
1719348524.550297,0.0,50271.0
1719348524.7034547,0.0,50271.0
1719348524.8547456,0.0,50271.0
1719348525.0069613,0.0,50271.0
1719348525.1579125,0.0,50271.0
1719348525.3090346,0.0,50271.0
1719348525.4598572,0.0,50271.0
1719348525.6092618,0.0,50271.0
1719348525.7612417,0.0,50271.0
1719348525.9132884,0.0,50271.0
1719348526.0618916,0.0,50271.0
1719348526.210385,0.0,50271.0
1719348526.3574426,0.0,50271.0
1719348526.504204,0.0,50271.0
1719348526.650265,0.0,50271.0
1719348526.7935936,0.0,50271.0
1719348526.9343758,0.0,50271.0
1719348527.0837274,0.0,50271.0
1719348527.2364523,0.0,50271.0
1719348527.390653,0.0,50271.0
1719348527.5415707,0.0,50271.0
1719348527.690646,0.0,50271.0
1719348527.8414254,0.0,50271.0
1719348527.989329,0.0,50271.0
1719348528.1408684,0.0,50271.0
1719348528.2883167,0.0,50271.0
1719348528.4373703,0.0,50271.0
1719348528.592756,0.0,50271.0
1719348528.745019,0.0,50271.0
1719348528.8979466,0.0,50271.0
1719348529.0512476,0.0,50271.0
1719348529.2017136,0.0,50271.0
1719348529.3546786,0.0,50271.0
1719348529.504823,0.0,50271.0
1719348529.656729,0.0,50271.0
1719348529.810103,0.0,50271.0
1719348529.9633586,0.0,50271.0
1719348530.1177878,0.0,50271.0
1719348530.2702723,0.0,50271.0
1719348530.4205875,0.0,50271.0
1719348530.5684566,0.0,50271.0
1719348530.7150857,0.0,50271.0
1719348530.8605354,0.0,50271.0
1719348531.0036943,0.0,50271.0
1719348531.1462636,0.0,50271.0
1719348531.2911358,0.0,50271.0
1719348531.4396756,0.0,50271.0
1719348531.5907216,0.0,50271.0
1719348531.7448099,0.0,50271.0
1719348531.8947442,0.0,50271.0
1719348532.0440118,0.0,50271.0
1719348532.1969273,0.0,50271.0
1719348532.3445578,0.0,50271.0
1719348532.4962742,0.0,50271.0
1719348532.6439168,0.0,50271.0
1719348532.7917175,0.0,50271.0
1719348532.944413,0.0,50271.0
1719348533.0998664,0.0,50271.0
1719348533.2518709,0.0,50271.0
1719348533.4059012,0.0,50271.0
1719348533.557209,0.0,50271.0
1719348533.7093482,0.0,50271.0
1719348533.8598518,0.0,50271.0
1719348534.0115798,0.0,50271.0
1719348534.1641521,0.0,50271.0
1719348534.315102,0.0,50271.0
1719348534.4670367,0.0,50271.0
1719348534.6188166,0.0,50271.0
1719348534.7678802,0.0,50271.0
1719348534.9171336,0.0,50271.0
1719348535.0644658,0.0,50271.0
1719348535.2102737,0.0,50271.0
1719348535.3574402,0.0,50271.0
1719348535.501423,0.0,50271.0
1719348535.6469045,0.0,50271.0
1719348535.7887275,0.0,50271.0
1719348535.939731,0.0,50271.0
1719348536.0937614,0.0,50271.0
1719348536.244105,0.0,50271.0
1719348536.3948805,0.0,50271.0
1719348536.5451465,0.0,50271.0
1719348536.6930974,0.0,50271.0
1719348536.8417318,0.0,50271.0
1719348536.990136,0.0,50271.0
1719348537.137972,0.0,50271.0
1719348537.2886727,0.0,50271.0
1719348537.4457252,0.0,50271.0
1719348537.5959134,0.0,50271.0
1719348537.7482667,0.0,50271.0
1719348537.9004722,0.0,50271.0
1719348538.0517128,0.0,50271.0
1719348538.2047462,0.0,50271.0
1719348538.3563304,0.0,50271.0
1719348538.5088303,0.0,50271.0
1719348538.6598623,0.0,50271.0
1719348538.8090425,0.0,50271.0
1719348538.9634073,0.0,50271.0
1719348539.1140928,0.0,50271.0
1719348539.261775,0.0,50271.0
1719348539.4080772,0.0,50271.0
1719348539.5553946,0.0,50271.0
1719348539.699884,0.0,50271.0
1719348539.8436124,0.0,50271.0
1719348539.9893994,0.0,50271.0
1719348540.1326406,0.0,50271.0
1719348540.2826042,0.0,50271.0
1719348540.4354506,0.0,50271.0
1719348540.5888493,0.0,50271.0
1719348540.73971,0.0,50271.0
1719348540.889878,0.0,50271.0
1719348541.0389352,0.0,50271.0
1719348541.1897352,0.0,50271.0
1719348541.3378997,0.0,50271.0
1719348541.4847784,0.0,50271.0
1719348541.6324122,0.0,50271.0
1719348541.7855096,0.0,50271.0
1719348541.9527278,0.0,50271.0
1719348542.1068256,0.0,50271.0
1719348542.2615802,0.0,50271.0
1719348542.4117153,0.0,50271.0
1719348542.564253,0.0,50271.0
1719348542.716122,0.0,50271.0
1719348542.8680499,0.0,50271.0
1719348543.0183744,0.0,50271.0
1719348543.1720572,0.0,50271.0
1719348543.3241599,0.0,50271.0
1719348543.4773781,0.0,50271.0
1719348543.623404,0.0,50271.0
1719348543.769641,0.0,50271.0
1719348543.9162672,0.0,50271.0
1719348544.062475,0.0,50271.0
1719348544.2061756,0.0,50271.0
1719348544.3514526,0.0,50271.0
1719348544.495713,0.0,50271.0
1719348544.644687,0.0,50271.0
1719348544.796492,0.0,50271.0
1719348544.9487972,0.0,50271.0
1719348545.1004264,0.0,50271.0
1719348545.2497463,0.0,50271.0
1719348545.3996384,0.0,50271.0
1719348545.548912,0.0,50271.0
1719348545.7258291,0.0,50271.0
1719348545.873932,0.0,50271.0
1719348546.0285513,0.0,50271.0
1719348546.184463,0.0,50271.0
1719348546.3364403,0.0,50271.0
1719348546.4908667,0.0,50271.0
1719348546.642524,0.0,50271.0
1719348546.791296,0.0,50271.0
1719348546.9415781,0.0,50271.0
1719348547.094756,0.0,50271.0
1719348547.2458081,0.0,50271.0
1719348547.39802,0.0,50271.0
1719348547.5490866,0.0,50271.0
1719348547.7032042,0.0,50271.0
1719348547.8541362,0.0,50271.0
1719348548.0031254,0.0,50271.0
1719348548.1519709,0.0,50271.0
1719348548.2996397,0.0,50271.0
1719348548.4460874,0.0,50271.0
1719348548.5897775,0.0,50271.0
1719348548.7341459,0.0,50271.0
1719348548.8766725,0.0,50271.0
1719348549.0270019,0.0,50271.0
1719348549.181031,0.0,50271.0
1719348549.3338194,0.0,50271.0
1719348549.4859052,0.0,50271.0
1719348549.6343353,0.0,50271.0
1719348549.7817965,0.0,50271.0
1719348549.930715,0.0,50271.0
1719348550.0782826,0.0,50271.0
1719348550.2259655,0.0,50271.0
1719348550.3736773,0.0,50271.0
1719348550.5273209,0.0,50271.0
1719348550.6790483,0.0,50271.0
1719348550.8326871,0.0,50271.0
1719348550.9842696,0.0,50271.0
1719348551.1356068,0.0,50271.0
1719348551.2871175,0.0,50271.0
1719348551.4381416,0.0,50271.0
1719348551.5919504,0.0,50271.0
1719348551.7412348,0.0,50271.0
1719348551.8911083,0.0,50271.0
1719348552.0437133,0.0,50271.0
1719348552.1954255,0.0,50271.0
1719348552.3478894,0.0,50271.0
1719348552.4967768,0.0,50271.0
1719348552.642397,0.0,50271.0
1719348552.7883031,0.0,50271.0
1719348552.930444,0.0,50271.0
1719348553.0731077,0.0,50271.0
1719348553.2201285,0.0,50271.0
1719348553.3689308,0.0,50271.0
1719348553.5228782,0.0,50271.0
1719348553.6745923,0.0,50271.0
1719348553.8251023,0.0,50271.0
1719348553.9743402,0.0,50271.0
1719348554.1264396,0.0,50271.0
1719348554.2768788,0.0,50271.0
1719348554.4273536,0.0,50271.0
1719348554.575944,0.0,50271.0
1719348554.72737,0.0,50271.0
1719348554.8806186,0.0,50271.0
1719348555.0325816,0.0,50271.0
1719348555.1848648,0.0,50271.0
1719348555.3360932,0.0,50271.0
1719348555.4863698,0.0,50271.0
1719348555.6378956,0.0,50271.0
1719348555.7878885,0.0,50271.0
1719348555.9394412,0.0,50271.0
1719348556.0901227,0.0,50271.0
1719348556.2411165,0.0,50271.0
1719348556.3954003,0.0,50271.0
1719348556.5456939,0.0,50271.0
1719348556.6928487,0.0,50271.0
1719348556.8417075,0.0,50271.0
1719348556.9891348,0.0,50271.0
1719348557.1341789,0.0,50271.0
1719348557.277687,0.0,50271.0
1719348557.4223423,0.0,50271.0
1719348557.565084,0.0,50271.0
1719348557.7133696,0.0,50271.0
1719348557.8661778,0.0,50271.0
1719348558.019516,0.0,50271.0
1719348558.1721454,0.0,50271.0
1719348558.3223557,0.0,50271.0
1719348558.4716427,0.0,50271.0
1719348558.623553,0.0,50271.0
1719348558.7744176,0.0,50271.0
1719348558.9231024,0.0,50271.0
1719348559.075811,0.0,50271.0
1719348559.2287993,0.0,50271.0
1719348559.3807852,0.0,50271.0
1719348559.5346088,0.0,50271.0
1719348559.687669,0.0,50271.0
1719348559.8374567,0.0,50271.0
1719348559.9873562,0.0,50271.0
1719348560.139388,0.0,50271.0
1719348560.2904449,0.0,50271.0
1719348560.4405944,0.0,50271.0
1719348560.5915515,0.0,50271.0
1719348560.7383053,0.0,50271.0
1719348560.88738,0.0,50271.0
1719348561.0353777,0.0,50271.0
1719348561.1890264,0.0,50271.0
1719348561.3373654,0.0,50271.0
1719348561.4893794,0.0,50271.0
1719348561.638593,0.0,50271.0
1719348561.7851734,0.0,50271.0
1719348561.9405932,0.0,50271.0
1719348562.0909855,0.0,50271.0
1719348562.2439082,0.0,50271.0
1719348562.39694,0.0,50271.0
1719348562.5485892,0.0,50271.0
1719348562.6984951,0.0,50271.0
1719348562.8461359,0.0,50271.0
1719348562.9956954,0.0,50271.0
1719348563.144119,0.0,50271.0
1719348563.2935753,0.0,50271.0
1719348563.4484544,0.0,50271.0
1719348563.6032784,0.0,50271.0
1719348563.7550106,0.0,50271.0
1719348563.9089372,0.0,50271.0
1719348564.0601406,0.0,50271.0
1719348564.2160726,0.0,50271.0
1719348564.3676703,0.0,50271.0
1719348564.5202322,0.0,50271.0
1719348564.6730974,0.0,50271.0
1719348564.8228724,0.0,50271.0
1719348564.9746673,0.0,50271.0
1719348565.1264648,0.0,50271.0
1719348565.2792475,0.0,50271.0
1719348565.4282176,0.0,50271.0
1719348565.5747602,0.0,50271.0
1719348565.7196233,0.0,50271.0
1719348565.8633304,0.0,50271.0
1719348566.0067935,0.0,50271.0
1719348566.1532254,0.0,50271.0
1719348566.3026352,0.0,50271.0
1719348566.4530208,0.0,50271.0
1719348566.605044,0.0,50271.0
1719348566.7546377,0.0,50271.0
1719348566.904952,0.0,50271.0
1719348567.0553887,0.0,50271.0
1719348567.2039027,0.0,50271.0
1719348567.3528044,0.0,50271.0
1719348567.5021563,0.0,50271.0
1719348567.651399,0.0,50271.0
1719348567.8037817,0.0,50271.0
1719348567.9593618,0.0,50271.0
1719348568.1103263,0.0,50271.0
1719348568.263637,0.0,50271.0
1719348568.4146538,0.0,50271.0
1719348568.5658627,0.0,50271.0
1719348568.7158659,0.0,50271.0
1719348568.870049,0.0,50271.0
1719348569.0225575,0.0,50271.0
1719348569.1758482,0.0,50271.0
1719348569.32639,0.0,50271.0
1719348569.4796355,0.0,50271.0
1719348569.63053,0.0,50271.0
1719348569.7756538,0.0,50271.0
1719348569.9228628,0.0,50271.0
1719348570.069907,0.0,50271.0
1719348570.2147489,0.0,50271.0
1719348570.359019,0.0,50271.0
1719348570.5044866,0.0,50271.0
1719348570.649345,0.0,50271.0
1719348570.7986825,0.0,50271.0
1719348570.9515758,0.0,50271.0
1719348571.1034799,0.0,50271.0
1719348571.2541199,0.0,50271.0
1719348571.4028478,0.0,50271.0
1719348571.5503004,0.0,50271.0
1719348571.7004843,0.0,50271.0
1719348571.8476446,0.0,50271.0
1719348571.9979978,0.0,50271.0
1719348572.1519887,0.0,50271.0
1719348572.3047922,0.0,50271.0
1719348572.4583416,0.0,50271.0
1719348572.6112196,0.0,50271.0
1719348572.7725847,0.0,50271.0
1719348572.9365451,0.0,50271.0
1719348573.0875187,0.0,50271.0
1719348573.237521,0.0,50271.0
1719348573.3884044,0.0,50271.0
1719348573.5408838,0.0,50271.0
1719348573.6952477,0.0,50271.0
1719348573.8473992,0.0,50271.0
1719348573.9937227,0.0,50271.0
1719348574.1409342,0.0,50271.0
1719348574.2881253,0.0,50271.0
1719348574.4354005,0.0,50271.0
1719348574.578955,0.0,50271.0
1719348574.724107,0.0,50271.0
1719348574.8703816,0.0,50271.0
1719348575.020153,0.0,50271.0
1719348575.1740508,0.0,50271.0
1719348575.3276844,0.0,50271.0
1719348575.4798913,0.0,50271.0
1719348575.6274107,0.0,50271.0
1719348575.7745352,0.0,50271.0
1719348575.9233487,0.0,50271.0
1719348576.0726135,0.0,50271.0
1719348576.2211955,0.0,50271.0
1719348576.3703241,0.0,50271.0
1719348576.524961,0.0,50271.0
1719348576.6756935,0.0,50271.0
1719348576.8291316,0.0,50271.0
1719348576.9809237,0.0,50271.0
1719348577.1335444,0.0,50271.0
1719348577.2858503,0.0,50271.0
1719348577.436558,0.0,50271.0
1719348577.5869179,0.0,50271.0
1719348577.7353,0.0,50271.0
1719348577.8864439,0.0,50271.0
1719348578.040632,0.0,50271.0
1719348578.1925304,0.0,50271.0
1719348578.344389,0.0,50271.0
1719348578.4920459,0.0,50271.0
1719348578.640569,0.0,50271.0
1719348578.787359,0.0,50271.0
1719348578.9337316,0.0,50271.0
1719348579.0783668,0.0,50271.0
1719348579.2228532,0.0,50271.0
1719348579.3723567,0.0,50271.0
1719348579.5256472,0.0,50271.0
1719348579.6800966,0.0,50271.0
1719348579.830436,0.0,50271.0
1719348579.9811046,0.0,50271.0
1719348580.1325917,0.0,50271.0
1719348580.2845376,0.0,50271.0
1719348580.433711,0.0,50271.0
1719348580.5821915,0.0,50271.0
1719348580.7366977,0.0,50271.0
1719348580.8913307,0.0,50271.0
1719348581.0463076,0.0,50271.0
1719348581.2012086,0.0,50271.0
1719348581.3839774,0.0,50271.0
1719348581.5381186,0.0,50271.0
1719348581.6893334,0.0,50271.0
1719348581.8426313,0.0,50271.0
1719348581.995939,0.0,50271.0
1719348582.153005,0.0,50271.0
1719348582.3042915,0.0,50271.0
1719348582.4594283,0.0,50271.0
1719348582.610207,0.0,50271.0
1719348582.7568948,0.0,50271.0
1719348582.9053903,0.0,50271.0
1719348583.052314,0.0,50271.0
1719348583.198071,0.0,50271.0
1719348583.3416266,0.0,50271.0
1719348583.48685,0.0,50271.0
1719348583.6304414,0.0,50271.0
1719348583.7804186,0.0,50271.0
1719348583.9346547,0.0,50271.0
1719348584.0861433,0.0,50271.0
1719348584.2380333,0.0,50271.0
1719348584.3878956,0.0,50271.0
1719348584.5366404,0.0,50271.0
1719348584.6886544,0.0,50271.0
1719348584.838808,0.0,50271.0
1719348585.0481708,0.0,50271.0
1719348585.2030067,0.0,50271.0
1719348585.3553054,0.0,50271.0
1719348585.5076835,0.0,50271.0
1719348585.6594253,0.0,50271.0
1719348585.8133368,0.0,50271.0
1719348585.9635618,0.0,50271.0
1719348586.114379,0.0,50271.0
1719348586.2669823,0.0,50271.0
1719348586.419558,0.0,50271.0
1719348586.5715044,0.0,50271.0
1719348586.7219634,0.0,50271.0
1719348586.8767161,0.0,50271.0
1719348587.0281403,0.0,50271.0
1719348587.1767616,0.0,50271.0
1719348587.3232684,0.0,50271.0
1719348587.4687963,0.0,50271.0
1719348587.6144123,0.0,50271.0
1719348587.7579417,0.0,50271.0
1719348587.9018323,0.0,50271.0
1719348588.0469158,0.0,50271.0
1719348588.1975224,0.0,50271.0
1719348588.3514218,0.0,50271.0
1719348588.5034728,0.0,50271.0
1719348588.6551437,0.0,50271.0
1719348588.8098905,0.0,50271.0
1719348588.9597955,0.0,50271.0
1719348589.10989,0.0,50271.0
1719348589.2569368,0.0,50271.0
1719348589.4077406,0.0,50271.0
1719348589.5606446,0.0,50271.0
1719348589.7144413,0.0,50271.0
1719348589.863939,0.0,50271.0
1719348590.0125754,0.0,50271.0
1719348590.1648135,0.0,50271.0
1719348590.3145785,0.0,50271.0
1719348590.470182,0.0,50271.0
1719348590.6216412,0.0,50271.0
1719348590.7726288,0.0,50271.0
1719348590.9248698,0.0,50271.0
1719348591.0770679,0.0,50271.0
1719348591.2316744,0.0,50271.0
1719348591.3820074,0.0,50271.0
1719348591.5278206,0.0,50271.0
1719348591.6759057,0.0,50271.0
1719348591.8227112,0.0,50271.0
1719348591.9681766,0.0,50271.0
1719348592.1117327,0.0,50271.0
1719348592.2548227,0.0,50271.0
1719348592.3959823,0.0,50271.0
1719348592.544685,0.0,50271.0
1719348592.6989336,0.0,50271.0
1719348592.851285,0.0,50271.0
1719348593.0017798,0.0,50271.0
1719348593.1494968,0.0,50271.0
1719348593.2978742,0.0,50271.0
1719348593.4436278,0.0,50271.0
1719348593.5915213,0.0,50271.0
1719348593.7373445,0.0,50271.0
1719348593.8874586,0.0,50271.0
1719348594.039685,0.0,50271.0
1719348594.1934502,0.0,50271.0
1719348594.3435671,0.0,50271.0
1719348594.4956334,0.0,50271.0
1719348594.6472754,0.0,50271.0
1719348594.796397,0.0,50271.0
1719348594.946895,0.0,50271.0
1719348595.099391,0.0,50271.0
1719348595.250658,0.0,50271.0
1719348595.4014244,0.0,50271.0
1719348595.5522044,0.0,50271.0
1719348595.7067308,0.0,50271.0
1719348595.8579204,0.0,50271.0
1719348596.006309,0.0,50271.0
1719348596.1535082,0.0,50271.0
1719348596.2997332,0.0,50271.0
1719348596.4453666,0.0,50271.0
1719348596.5888872,0.0,50271.0
1719348596.7355123,0.0,50271.0
1719348596.8806,0.0,50271.0
1719348597.029832,0.0,50271.0
1719348597.1838942,0.0,50271.0
1719348597.3339932,0.0,50271.0
1719348597.4828236,0.0,50271.0
1719348597.6325283,0.0,50271.0
1719348597.7796311,0.0,50271.0
1719348597.9316769,0.0,50271.0
1719348598.0814085,0.0,50271.0
1719348598.229616,0.0,50271.0
1719348598.3857903,0.0,50271.0
1719348598.538154,0.0,50271.0
1719348598.689311,0.0,50271.0
1719348598.841503,0.0,50271.0
1719348598.9912717,0.0,50271.0
1719348599.1434655,0.0,50271.0
1719348599.2934136,0.0,50271.0
1719348599.4429,0.0,50271.0
1719348599.5939193,0.0,50271.0
1719348599.7459772,0.0,50271.0
1719348599.9005816,0.0,50271.0
1719348600.053528,0.0,50271.0
1719348600.2053523,0.0,50271.0
1719348600.353015,0.0,50271.0
1719348600.4997983,0.0,50271.0
1719348600.6452513,0.0,50271.0
1719348600.7866135,0.0,50271.0
1719348600.9286792,0.0,50271.0
1719348601.072367,0.0,50271.0
1719348601.2393382,0.0,50271.0
1719348601.3936367,0.0,50271.0
1719348601.5466218,0.0,50271.0
1719348601.6975224,0.0,50271.0
1719348601.8464756,0.0,50271.0
1719348601.9955118,0.0,50271.0
1719348602.1423879,0.0,50271.0
1719348602.291596,0.0,50271.0
1719348602.4374313,0.0,50271.0
1719348602.5865293,0.0,50271.0
1719348602.7401445,0.0,50271.0
1719348602.9129024,0.0,50271.0
1719348603.0643232,0.0,50271.0
1719348603.2159886,0.0,50271.0
1719348603.3665879,0.0,50271.0
1719348603.5175378,0.0,50271.0
1719348603.6655915,0.0,50271.0
1719348603.8160117,0.0,50271.0
1719348603.9664888,0.0,50271.0
1719348604.1143467,0.0,50271.0
1719348604.2675996,0.0,50271.0
1719348604.4219005,0.0,50271.0
1719348604.5731473,0.0,50271.0
1719348604.718915,0.0,50271.0
1719348604.8663511,0.0,50271.0
1719348605.0156827,0.0,50271.0
1719348605.162178,0.0,50271.0
1719348605.3060954,0.0,50271.0
1719348605.4498994,0.0,50271.0
1719348605.592478,0.0,50271.0
1719348605.740386,0.0,50271.0
1719348605.893209,0.0,50271.0
1719348606.0455065,0.0,50271.0
1719348606.1954174,0.0,50271.0
1719348606.3439975,0.0,50271.0
1719348606.4931283,0.0,50271.0
1719348606.6384451,0.0,50271.0
1719348606.7881956,0.0,50271.0
1719348606.934864,0.0,50271.0
1719348607.0844982,0.0,50271.0
1719348607.2383282,0.0,50271.0
1719348607.3913794,0.0,50271.0
1719348607.544588,0.0,50271.0
1719348607.6967788,0.0,50271.0
1719348607.8462937,0.0,50271.0
1719348607.9997435,0.0,50271.0
1719348608.1501687,0.0,50271.0
1719348608.2977803,0.0,50271.0
1719348608.4519958,0.0,50271.0
1719348608.6019046,0.0,50271.0
1719348608.7545521,0.0,50271.0
1719348608.9066985,0.0,50271.0
1719348609.0592697,0.0,50271.0
1719348609.2055655,0.0,50271.0
1719348609.353596,0.0,50271.0
1719348609.4971836,0.0,50271.0
1719348609.638912,0.0,50271.0
1719348609.7803638,0.0,50271.0
1719348609.923339,0.0,50271.0
1719348610.0729196,0.0,50271.0
1719348610.224821,0.0,50271.0
1719348610.380848,0.0,50271.0
1719348610.531481,0.0,50271.0
1719348610.6798236,0.0,50271.0
1719348610.8269875,0.0,50271.0
1719348610.9738598,0.0,50271.0
1719348611.1241252,0.0,50271.0
1719348611.2706776,0.0,50271.0
1719348611.4190235,0.0,50271.0
1719348611.5729964,0.0,50271.0
1719348611.7254543,0.0,50271.0
1719348611.8759022,0.0,50271.0
1719348612.0306396,0.0,50271.0
1719348612.180235,0.0,50271.0
1719348612.3341749,0.0,50271.0
1719348612.4853532,0.0,50271.0
1719348612.6344712,0.0,50271.0
1719348612.7877629,0.0,50271.0
1719348612.9416716,0.0,50271.0
1719348613.095446,0.0,50271.0
1719348613.2491045,0.0,50271.0
1719348613.3985565,0.0,50271.0
1719348613.5458722,0.0,50271.0
1719348613.692182,0.0,50271.0
1719348613.836347,0.0,50271.0
1719348613.9771883,0.0,50271.0
1719348614.119942,0.0,50271.0
1719348614.2654793,0.0,50271.0
1719348614.4157379,0.0,50271.0
1719348614.5688581,0.0,50271.0
1719348614.724542,0.0,50271.0
1719348614.8746705,0.0,50271.0
1719348615.0239472,0.0,50271.0
1719348615.1721516,0.0,50271.0
1719348615.3181188,0.0,50271.0
1719348615.4654021,0.0,50271.0
1719348615.6294653,0.0,50271.0
1719348615.7773938,0.0,50271.0
1719348615.9319801,0.0,50271.0
1719348616.0838697,0.0,50271.0
1719348616.2386553,0.0,50271.0
1719348616.3913393,0.0,50271.0
1719348616.5420322,0.0,50271.0
1719348616.6911275,0.0,50271.0
1719348616.840568,0.0,50271.0
1719348616.991757,0.0,50271.0
1719348617.143447,0.0,50271.0
1719348617.2942786,0.0,50271.0
1719348617.4475453,0.0,50271.0
1719348617.600312,0.0,50271.0
1719348617.750685,0.0,50271.0
1719348617.8980398,0.0,50271.0
1719348618.0451293,0.0,50271.0
1719348618.191735,0.0,50271.0
1719348618.3352008,0.0,50271.0
1719348618.4775245,0.0,50271.0
1719348618.620892,0.0,50271.0
1719348618.7621841,0.0,50271.0
1719348618.911079,0.0,50271.0
1719348619.067397,0.0,50271.0
1719348619.219809,0.0,50271.0
1719348619.371449,0.0,50271.0
1719348619.5206366,0.0,50271.0
1719348619.6681163,0.0,50271.0
1719348619.8183386,0.0,50271.0
1719348619.9661674,0.0,50271.0
1719348620.113582,0.0,50271.0
1719348620.2694626,0.0,50271.0
1719348620.422522,0.0,50271.0
1719348620.5722604,0.0,50271.0
1719348620.7266743,0.0,50271.0
1719348620.8786907,0.0,50271.0
1719348621.031872,0.0,50271.0
1719348621.182233,0.0,50271.0
1719348621.3351862,0.0,50271.0
1719348621.4857497,0.0,50271.0
1719348621.6375587,0.0,50271.0
1719348621.7876654,0.0,50271.0
1719348621.9445682,0.0,50271.0
1719348622.0951636,0.0,50271.0
1719348622.24453,0.0,50271.0
1719348622.3904445,0.0,50271.0
1719348622.5379014,0.0,50271.0
1719348622.6824408,0.0,50271.0
1719348622.8271892,0.0,50271.0
1719348622.9708948,0.0,50271.0
1719348623.1132948,0.0,50271.0
1719348623.2644098,0.0,50271.0
1719348623.4189672,0.0,50271.0
1719348623.5723698,0.0,50271.0
1719348623.7250488,0.0,50271.0
1719348623.8763998,0.0,50271.0
1719348624.0256188,0.0,50271.0
1719348624.1781564,0.0,50271.0
1719348624.3277407,0.0,50271.0
1719348624.4789505,0.0,50271.0
1719348624.6322575,0.0,50271.0
1719348624.7848625,0.0,50271.0
1719348624.937317,0.0,50271.0
1719348625.0908933,0.0,50271.0
1719348625.2425225,0.0,50271.0
1719348625.3928106,0.0,50271.0
1719348625.5421875,0.0,50271.0
1719348625.6935341,0.0,50271.0
1719348625.8434048,0.0,50271.0
1719348625.9939811,0.0,50271.0
1719348626.1457334,0.0,50271.0
1719348626.2985594,0.0,50271.0
1719348626.4498286,0.0,50271.0
1719348626.5967066,0.0,50271.0
1719348626.743298,0.0,50271.0
1719348626.8901684,0.0,50271.0
1719348627.0372567,0.0,50271.0
1719348627.1821113,0.0,50271.0
1719348627.3255057,0.0,50271.0
1719348627.4664764,0.0,50271.0
1719348627.6172252,0.0,50271.0
1719348627.7677128,0.0,50271.0
1719348627.92125,0.0,50271.0
1719348628.0723677,0.0,50271.0
1719348628.2238102,0.0,50271.0
1719348628.3724985,0.0,50271.0
1719348628.522363,0.0,50271.0
1719348628.6709058,0.0,50271.0
1719348628.817826,0.0,50271.0
1719348628.9721236,0.0,50271.0
1719348629.1261775,0.0,50271.0
1719348629.2790806,0.0,50271.0
1719348629.4307306,0.0,50271.0
1719348629.5833955,0.0,50271.0
1719348629.7318912,0.0,50271.0
1719348629.8819976,0.0,50271.0
1719348630.0342526,0.0,50271.0
1719348630.182644,0.0,50271.0
1719348630.3324466,0.0,50271.0
1719348630.4861197,0.0,50271.0
1719348630.6394544,0.0,50271.0
1719348630.7895124,0.0,50271.0
1719348630.9370346,0.0,50271.0
1719348631.082313,0.0,50271.0
1719348631.2284088,0.0,50271.0
1719348631.372445,0.0,50271.0
1719348631.5149612,0.0,50271.0
1719348631.6591058,0.0,50271.0
1719348631.8006992,0.0,50271.0
1719348631.9492614,0.0,50271.0
1719348632.103318,0.0,50271.0
1719348632.2559476,0.0,50271.0
1719348632.4077685,0.0,50271.0
1719348632.557674,0.0,50271.0
1719348632.7064812,0.0,50271.0
1719348632.8568485,0.0,50271.0
1719348633.0046737,0.0,50271.0
1719348633.1521442,0.0,50271.0
1719348633.3057477,0.0,50271.0
1719348633.4590993,0.0,50271.0
1719348633.6121774,0.0,50271.0
1719348633.7640955,0.0,50271.0
1719348633.9175522,0.0,50271.0
1719348634.0683942,0.0,50271.0
1719348634.2190218,0.0,50271.0
1719348634.3706965,0.0,50271.0
1719348634.5226593,0.0,50271.0
1719348634.6736128,0.0,50271.0
1719348634.823621,0.0,50271.0
1719348634.9763863,0.0,50271.0
1719348635.1289482,0.0,50271.0
1719348635.2791345,0.0,50271.0
1719348635.4274433,0.0,50271.0
1719348635.5738182,0.0,50271.0
1719348635.722139,0.0,50271.0
1719348635.8658168,0.0,50271.0
1719348636.0089414,0.0,50271.0
1719348636.151672,0.0,50271.0
1719348636.300606,0.0,50271.0
1719348636.455187,0.0,50271.0
1719348636.6069033,0.0,50271.0
1719348636.7600143,0.0,50271.0
1719348636.9093752,0.0,50271.0
1719348637.1319487,0.0,50271.0
1719348637.2824018,0.0,50271.0
1719348637.4346387,0.0,50271.0
1719348637.603347,0.0,50271.0
1719348637.7562525,0.0,50271.0
1719348637.910216,0.0,50271.0
1719348638.060259,0.0,50271.0
1719348638.2146766,0.0,50271.0
1719348638.3649812,0.0,50271.0
1719348638.516414,0.0,50271.0
1719348638.6666424,0.0,50271.0
1719348638.8166287,0.0,50271.0
1719348638.9693396,0.0,50271.0
1719348639.1207788,0.0,50271.0
1719348639.271934,0.0,50271.0
1719348639.4193194,0.0,50271.0
1719348639.5674253,0.0,50271.0
1719348639.7220628,0.0,50271.0
1719348639.8707712,0.0,50271.0
1719348640.0201201,0.0,50271.0
1719348640.1707008,0.0,50271.0
1719348640.3192346,0.0,50271.0
1719348640.464996,0.0,50271.0
1719348640.6155481,0.0,50271.0
1719348640.7710557,0.0,50271.0
1719348640.923159,0.0,50271.0
1719348641.0756488,0.0,50271.0
1719348641.2248285,0.0,50271.0
1719348641.3732219,0.0,50271.0
1719348641.5241148,0.0,50271.0
1719348641.6713378,0.0,50271.0
1719348641.818269,0.0,50271.0
1719348641.9755697,0.0,50271.0
1719348642.1289096,0.0,50271.0
1719348642.2826643,0.0,50271.0
1719348642.4353974,0.0,50271.0
1719348642.588475,0.0,50271.0
1719348642.737379,0.0,50271.0
1719348642.8861504,0.0,50271.0
1719348643.037878,0.0,50271.0
1719348643.186962,0.0,50271.0
1719348643.3367348,0.0,50271.0
1719348643.500419,0.0,50271.0
1719348643.653314,0.0,50271.0
1719348643.8022597,0.0,50271.0
1719348643.9489412,0.0,50271.0
1719348644.0959258,0.0,50271.0
1719348644.2445421,0.0,50271.0
1719348644.3902996,0.0,50271.0
1719348644.5346718,0.0,50271.0
1719348644.6783118,0.0,50271.0
1719348644.8225458,0.0,50271.0
1719348644.9717216,0.0,50271.0
1719348645.126813,0.0,50271.0
1719348645.2785795,0.0,50271.0
1719348645.4301689,0.0,50271.0
1719348645.579802,0.0,50271.0
1719348645.730224,0.0,50271.0
1719348645.8814387,0.0,50271.0
1719348646.0288525,0.0,50271.0
1719348646.1772814,0.0,50271.0
1719348646.3273942,0.0,50271.0
1719348646.4807506,0.0,50271.0
1719348646.632195,0.0,50271.0
1719348646.7872078,0.0,50271.0
1719348646.9395344,0.0,50271.0
1719348647.0923076,0.0,50271.0
1719348647.2437744,0.0,50271.0
1719348647.3977115,0.0,50271.0
1719348647.5458891,0.0,50271.0
1719348647.6978931,0.0,50271.0
1719348647.8497012,0.0,50271.0
1719348648.001628,0.0,50271.0
1719348648.1558924,0.0,50271.0
1719348648.3080344,0.0,50271.0
1719348648.4562898,0.0,50271.0
1719348648.6046576,0.0,50271.0
1719348648.751436,0.0,50271.0
1719348648.8964298,0.0,50271.0
1719348649.0411952,0.0,50271.0
1719348649.188826,0.0,50271.0
1719348649.3331478,0.0,50271.0
1719348649.4839365,0.0,50271.0
1719348649.6363354,0.0,50271.0
1719348649.78928,0.0,50271.0
1719348649.9421601,0.0,50271.0
1719348650.0924318,0.0,50271.0
1719348650.2430956,0.0,50271.0
1719348650.3932254,0.0,50271.0
1719348650.5414917,0.0,50271.0
1719348650.6884198,0.0,50271.0
1719348650.8407845,0.0,50271.0
1719348650.9933653,0.0,50271.0
1719348651.1444511,0.0,50271.0
1719348651.29734,0.0,50271.0
1719348651.4505382,0.0,50271.0
1719348651.6040545,0.0,50271.0
1719348651.7564385,0.0,50271.0
1719348651.9078498,0.0,50271.0
1719348652.0567544,0.0,50271.0
1719348652.2098458,0.0,50271.0
1719348652.3617244,0.0,50271.0
1719348652.5192022,0.0,50271.0
1719348652.6705222,0.0,50271.0
1719348652.8224368,0.0,50271.0
1719348652.9712245,0.0,50271.0
1719348653.1184797,0.0,50271.0
1719348653.265312,0.0,50271.0
1719348653.4131584,0.0,50271.0
1719348653.5581458,0.0,50271.0
1719348653.7020388,0.0,50271.0
1719348653.8505785,0.0,50271.0
1719348654.003499,0.0,50271.0
1719348654.1585298,0.0,50271.0
1719348654.3091044,0.0,50271.0
1719348654.4601066,0.0,50271.0
1719348654.6084158,0.0,50271.0
1719348654.7554367,0.0,50271.0
1719348654.902901,0.0,50271.0
1719348655.050938,0.0,50271.0
1719348655.199672,0.0,50271.0
1719348655.3534508,0.0,50271.0
1719348655.5071912,0.0,50271.0
1719348655.6592813,0.0,50271.0
1719348655.8139353,0.0,50271.0
1719348655.9665053,0.0,50271.0
1719348656.1207783,0.0,50271.0
1719348656.2719061,0.0,50271.0
1719348656.4231822,0.0,50271.0
1719348656.5759377,0.0,50271.0
1719348656.7291112,0.0,50271.0
1719348656.8823633,0.0,50271.0
1719348657.0364652,0.0,50271.0
1719348657.1882262,0.0,50271.0
1719348657.3369544,0.0,50271.0
1719348657.4838543,0.0,50271.0
1719348657.6324315,0.0,50271.0
1719348657.7757015,0.0,50271.0
1719348657.9193,0.0,50271.0
1719348658.0632787,0.0,50271.0
1719348658.2116306,0.0,50271.0
1719348658.3626986,0.0,50271.0
1719348658.5157268,0.0,50271.0
1719348658.6669652,0.0,50271.0
1719348658.8170238,0.0,50271.0
1719348658.9674935,0.0,50271.0
1719348659.1189718,0.0,50271.0
1719348659.2694163,0.0,50271.0
1719348659.416545,0.0,50271.0
1719348659.5697467,0.0,50271.0
1719348659.7226293,0.0,50271.0
1719348659.876453,0.0,50271.0
1719348660.0280275,0.0,50271.0
1719348660.1831696,0.0,50271.0
1719348660.3345277,0.0,50271.0
1719348660.485407,0.0,50271.0
1719348660.6361926,0.0,50271.0
1719348660.7873876,0.0,50271.0
1719348660.939042,0.0,50271.0
1719348661.087724,0.0,50271.0
1719348661.2394085,0.0,50271.0
1719348661.3942251,0.0,50271.0
1719348661.5446196,0.0,50271.0
1719348661.6903417,0.0,50271.0
1719348661.8369672,0.0,50271.0
1719348661.9833689,0.0,50271.0
1719348662.129893,0.0,50271.0
1719348662.273961,0.0,50271.0
1719348662.4204187,0.0,50271.0
1719348662.5643318,0.0,50271.0
1719348662.714369,0.0,50271.0
1719348662.8676336,0.0,50271.0
1719348663.0197577,0.0,50271.0
1719348663.170899,0.0,50271.0
1719348663.3199577,0.0,50271.0
1719348663.4688525,0.0,50271.0
1719348663.6197302,0.0,50271.0
1719348663.7680438,0.0,50271.0
1719348663.9162443,0.0,50271.0
1719348664.0732284,0.0,50271.0
1719348664.2267485,0.0,50271.0
1719348664.3797767,0.0,50271.0
1719348664.5330343,0.0,50271.0
1719348664.6870723,0.0,50271.0
1719348664.83668,0.0,50271.0
1719348664.987413,0.0,50271.0
1719348665.1399126,0.0,50271.0
1719348665.2894754,0.0,50271.0
1719348665.4394119,0.0,50271.0
1719348665.5900178,0.0,50271.0
1719348665.7434082,0.0,50271.0
1719348665.8951404,0.0,50271.0
1719348666.042754,0.0,50271.0
1719348666.1891937,0.0,50271.0
1719348666.337603,0.0,50271.0
1719348666.4853685,0.0,50271.0
1719348666.629943,0.0,50271.0
1719348666.7752576,0.0,50271.0
1719348666.9194348,0.0,50271.0
1719348667.0695186,0.0,50271.0
1719348667.2249212,0.0,50271.0
1719348667.3784778,0.0,50271.0
1719348667.5308967,0.0,50271.0
1719348667.6807215,0.0,50271.0
1719348667.8292437,0.0,50271.0
1719348667.9812324,0.0,50271.0
1719348668.1296213,0.0,50271.0
1719348668.2799125,0.0,50271.0
1719348668.43588,0.0,50271.0
1719348668.5901177,0.0,50271.0
1719348668.7420588,0.0,50271.0
1719348668.8964396,0.0,50271.0
1719348669.0466568,0.0,50271.0
1719348669.1969998,0.0,50271.0
1719348669.347275,0.0,50271.0
1719348669.4987426,0.0,50271.0
1719348669.6494572,0.0,50271.0
1719348669.8023567,0.0,50271.0
1719348669.9586482,0.0,50271.0
1719348670.1125276,0.0,50271.0
1719348670.2639742,0.0,50271.0
1719348670.4157844,0.0,50271.0
1719348670.5637188,0.0,50271.0
1719348670.709853,0.0,50271.0
1719348670.853656,0.0,50271.0
1719348670.9961839,0.0,50271.0
1719348671.138439,0.0,50271.0
1719348671.28183,0.0,50271.0
1719348671.4311364,0.0,50271.0
1719348671.585634,0.0,50271.0
1719348671.7447555,0.0,50271.0
1719348671.8952572,0.0,50271.0
1719348672.0430999,0.0,50271.0
1719348672.1926177,0.0,50271.0
1719348672.3397434,0.0,50271.0
1719348672.4885402,0.0,50271.0
1719348672.6354413,0.0,50271.0
1719348672.7882001,0.0,50271.0
1719348672.9399943,0.0,50271.0
1719348673.0982587,0.0,50271.0
1719348673.2493303,0.0,50271.0
1719348673.401742,0.0,50271.0
1719348673.552951,0.0,50271.0
1719348673.7039568,0.0,50271.0
1719348673.8584542,0.0,50271.0
1719348674.0109625,0.0,50271.0
1719348674.1642685,0.0,50271.0
1719348674.316947,0.0,50271.0
1719348674.4677002,0.0,50271.0
1719348674.6218305,0.0,50271.0
1719348674.774034,0.0,50271.0
1719348674.9239972,0.0,50271.0
1719348675.0721703,0.0,50271.0
1719348675.220536,0.0,50271.0
1719348675.364961,0.0,50271.0
1719348675.5089524,0.0,50271.0
1719348675.6537123,0.0,50271.0
1719348675.7987783,0.0,50271.0
1719348675.9534025,0.0,50271.0
1719348676.1086895,0.0,50271.0
1719348676.26255,0.0,50271.0
1719348676.4113421,0.0,50271.0
1719348676.5625658,0.0,50271.0
1719348676.711568,0.0,50271.0
1719348676.860425,0.0,50271.0
1719348677.0094845,0.0,50271.0
1719348677.1611562,0.0,50271.0
1719348677.3141365,0.0,50271.0
1719348677.4675472,0.0,50271.0
1719348677.6192908,0.0,50271.0
1719348677.7728457,0.0,50271.0
1719348677.9233856,0.0,50271.0
1719348678.0759165,0.0,50271.0
1719348678.2268236,0.0,50271.0
1719348678.3759434,0.0,50271.0
1719348678.5282414,0.0,50271.0
1719348678.6806395,0.0,50271.0
1719348678.8332322,0.0,50271.0
1719348678.9872017,0.0,50271.0
1719348679.1387386,0.0,50271.0
1719348679.2876282,0.0,50271.0
1719348679.4338686,0.0,50271.0
1719348679.5803852,0.0,50271.0
1719348679.7248,0.0,50271.0
1719348679.866529,0.0,50271.0
1719348680.0103137,0.0,50271.0
1719348680.1589212,0.0,50271.0
1719348680.3121195,0.0,50271.0
1719348680.4650512,0.0,50271.0
1719348680.6179285,0.0,50271.0
1719348680.767952,0.0,50271.0
1719348680.917382,0.0,50271.0
1719348681.067499,0.0,50271.0
1719348681.2194173,0.0,50271.0
1719348681.4026647,0.0,50271.0
1719348681.5529346,0.0,50271.0
1719348681.7087915,0.0,50271.0
1719348681.8620787,0.0,50271.0
1719348682.0148382,0.0,50271.0
1719348682.1677692,0.0,50271.0
1719348682.3198745,0.0,50271.0
1719348682.469736,0.0,50271.0
1719348682.6218684,0.0,50271.0
1719348682.7701955,0.0,50271.0
1719348682.9228375,0.0,50271.0
1719348683.0753736,0.0,50271.0
1719348683.229016,0.0,50271.0
1719348683.382831,0.0,50271.0
1719348683.5347185,0.0,50271.0
1719348683.6841838,0.0,50271.0
1719348683.8322358,0.0,50271.0
1719348683.9785373,0.0,50271.0
1719348684.1236637,0.0,50271.0
1719348684.2679043,0.0,50271.0
1719348684.4109054,0.0,50271.0
1719348684.5609882,0.0,50271.0
1719348684.7147038,0.0,50271.0
1719348684.8667612,0.0,50271.0
1719348685.02045,0.0,50271.0
1719348685.1693246,0.0,50271.0
1719348685.3208282,0.0,50271.0
1719348685.4688673,0.0,50271.0
1719348685.6184013,0.0,50271.0
1719348685.7659128,0.0,50271.0
1719348685.916008,0.0,50271.0
1719348686.0701866,0.0,50271.0
1719348686.2249784,0.0,50271.0
1719348686.3799908,0.0,50271.0
1719348686.5330417,0.0,50271.0
1719348686.68497,0.0,50271.0
1719348686.8514388,0.0,50271.0
1719348687.0045075,0.0,50271.0
1719348687.155883,0.0,50271.0
1719348687.3065019,0.0,50271.0
1719348687.458111,0.0,50271.0
1719348687.61349,0.0,50271.0
1719348687.7639935,0.0,50271.0
1719348687.911098,0.0,50271.0
1719348688.0578053,0.0,50271.0
1719348688.2055998,0.0,50271.0
1719348688.3515868,0.0,50271.0
1719348688.4953709,0.0,50271.0
1719348688.639982,0.0,50271.0
1719348688.7825816,0.0,50271.0
1719348688.9324217,0.0,50271.0
1719348689.0852466,0.0,50271.0
1719348689.240819,0.0,50271.0
1719348689.3931818,0.0,50271.0
1719348689.5442672,0.0,50271.0
1719348689.6929255,0.0,50271.0
1719348689.8435493,0.0,50271.0
1719348689.9915922,0.0,50271.0
1719348690.1390095,0.0,50271.0
1719348690.2885513,0.0,50271.0
1719348690.442986,0.0,50271.0
1719348690.594387,0.0,50271.0
1719348690.7623737,0.0,50271.0
1719348690.9144824,0.0,50271.0
1719348691.0657065,0.0,50271.0
1719348691.2177997,0.0,50271.0
1719348691.3694313,0.0,50271.0
1719348691.5188065,0.0,50271.0
1719348691.672093,0.0,50271.0
1719348691.8224719,0.0,50271.0
1719348691.9741647,0.0,50271.0
1719348692.1273506,0.0,50271.0
1719348692.2797852,0.0,50271.0
1719348692.4260104,0.0,50271.0
1719348692.573611,0.0,50271.0
1719348692.7186584,0.0,50271.0
1719348692.864169,0.0,50271.0
1719348693.0130775,0.0,50271.0
1719348693.1584713,0.0,50271.0
1719348693.302355,0.0,50271.0
1719348693.4516048,0.0,50271.0
1719348693.6029038,0.0,50271.0
1719348693.7556732,0.0,50271.0
1719348693.905682,0.0,50271.0
1719348694.0972686,0.0,50271.0
1719348694.2476897,0.0,50271.0
1719348694.397048,0.0,50271.0
1719348694.5472398,0.0,50271.0
1719348694.6946962,0.0,50271.0
1719348694.84512,0.0,50271.0
1719348694.9988384,0.0,50271.0
1719348695.1508706,0.0,50271.0
1719348695.3059893,0.0,50271.0
1719348695.458603,0.0,50271.0
1719348695.6083224,0.0,50271.0
1719348695.760634,0.0,50271.0
1719348695.9113154,0.0,50271.0
1719348696.0611346,0.0,50271.0
1719348696.212473,0.0,50271.0
1719348696.3640895,0.0,50271.0
1719348696.5198767,0.0,50271.0
1719348696.6729357,0.0,50271.0
1719348696.8235302,0.0,50271.0
1719348696.9710286,0.0,50271.0
1719348697.1223257,0.0,50271.0
1719348697.2692935,0.0,50271.0
1719348697.4123192,0.0,50271.0
1719348697.557146,0.0,50271.0
1719348697.701396,0.0,50271.0
1719348697.8497605,0.0,50271.0
1719348698.0032232,0.0,50271.0
1719348698.1580591,0.0,50271.0
1719348698.309205,0.0,50271.0
1719348698.4588902,0.0,50271.0
1719348698.6077826,0.0,50271.0
1719348698.7536242,0.0,50271.0
1719348698.9016879,0.0,50271.0
1719348699.0504007,0.0,50271.0
1719348699.1991174,0.0,50271.0
1719348699.353604,0.0,50271.0
1719348699.5227377,0.0,50271.0
1719348699.6753063,0.0,50271.0
1719348699.8290503,0.0,50271.0
1719348699.9812405,0.0,50271.0
1719348700.1367822,0.0,50271.0
1719348700.2886744,0.0,50271.0
1719348700.439149,0.0,50271.0
1719348700.5924308,0.0,50271.0
1719348700.742883,0.0,50271.0
1719348700.8978443,0.0,50271.0
1719348701.0497174,0.0,50271.0
1719348701.2037678,0.0,50271.0
1719348701.3519733,0.0,50271.0
1719348701.4990394,0.0,50271.0
1719348701.6457124,0.0,50271.0
1719348701.7899566,0.0,50271.0
1719348701.931503,0.0,50271.0
1719348702.0772314,0.0,50271.0
1719348702.2235923,0.0,50271.0
1719348702.37542,0.0,50271.0
1719348702.5317307,0.0,50271.0
1719348702.6834197,0.0,50271.0
1719348702.8310723,0.0,50271.0
1719348702.9807773,0.0,50271.0
1719348703.1294248,0.0,50271.0
1719348703.2788363,0.0,50271.0
1719348703.4260125,0.0,50271.0
1719348703.577429,0.0,50271.0
1719348703.7312078,0.0,50271.0
1719348703.8840299,0.0,50271.0
1719348704.0368805,0.0,50271.0
1719348704.189277,0.0,50271.0
1719348704.3392582,0.0,50271.0
1719348704.5169036,0.0,50271.0
1719348704.667263,0.0,50271.0
1719348704.8183224,0.0,50271.0
1719348704.969418,0.0,50271.0
1719348705.1199172,0.0,50271.0
1719348705.276459,0.0,50271.0
1719348705.4265978,0.0,50271.0
1719348705.5739176,0.0,50271.0
1719348705.719315,0.0,50271.0
1719348705.8709161,0.0,50271.0
1719348706.0181699,0.0,50271.0
1719348706.1613698,0.0,50271.0
1719348706.3071172,0.0,50271.0
1719348706.4510753,0.0,50271.0
1719348706.6026227,0.0,50271.0
1719348706.7567306,0.0,50271.0
1719348706.910419,0.0,50271.0
1719348707.0596461,0.0,50271.0
1719348707.2094352,0.0,50271.0
1719348707.3582542,0.0,50271.0
1719348707.5074816,0.0,50271.0
1719348707.6579838,0.0,50271.0
1719348707.8087068,0.0,50271.0
1719348707.9635422,0.0,50271.0
1719348708.1173902,0.0,50271.0
1719348708.2698016,0.0,50271.0
1719348708.4234216,0.0,50271.0
1719348708.5758793,0.0,50271.0
1719348708.7266264,0.0,50271.0
1719348708.878427,0.0,50271.0
1719348709.0270212,0.0,50271.0
1719348709.1809704,0.0,50271.0
1719348709.3324585,0.0,50271.0
1719348709.4878752,0.0,50271.0
1719348709.6390414,0.0,50271.0
1719348709.7933192,0.0,50271.0
1719348709.9413414,0.0,50271.0
1719348710.088668,0.0,50271.0
1719348710.2338169,0.0,50271.0
1719348710.377474,0.0,50271.0
1719348710.5201328,0.0,50271.0
1719348710.6649027,0.0,50271.0
1719348710.814966,0.0,50271.0
1719348710.9671583,0.0,50271.0
1719348711.120797,0.0,50271.0
1719348711.272742,0.0,50271.0
1719348711.420717,0.0,50271.0
1719348711.5739093,0.0,50271.0
1719348711.7241654,0.0,50271.0
1719348711.8740213,0.0,50271.0
1719348712.0231636,0.0,50271.0
1719348712.1729796,0.0,50271.0
1719348712.3285599,0.0,50271.0
1719348712.4821467,0.0,50271.0
1719348712.634014,0.0,50271.0
1719348712.7823608,0.0,50271.0
1719348712.9341938,0.0,50271.0
1719348713.0891683,0.0,50271.0
1719348713.239794,0.0,50271.0
1719348713.392304,0.0,50271.0
1719348713.5411894,0.0,50271.0
1719348713.6917253,0.0,50271.0
1719348713.8442905,0.0,50271.0
1719348713.9998302,0.0,50271.0
1719348714.1523206,0.0,50271.0
1719348714.3062668,0.0,50271.0
1719348714.4550743,0.0,50271.0
1719348714.60286,0.0,50271.0
1719348714.7490938,0.0,50271.0
1719348714.8935103,0.0,50271.0
1719348715.0389535,0.0,50271.0
1719348715.1818752,0.0,50271.0
1719348715.3333218,0.0,50271.0
1719348715.4853384,0.0,50271.0
1719348715.6394627,0.0,50271.0
1719348715.789527,0.0,50271.0
1719348715.9384367,0.0,50271.0
1719348716.088605,0.0,50271.0
1719348716.2395952,0.0,50271.0
1719348716.386725,0.0,50271.0
1719348716.534513,0.0,50271.0
1719348716.6880746,0.0,50271.0
1719348716.8410714,0.0,50271.0
1719348716.9933093,0.0,50271.0
1719348717.1459668,0.0,50271.0
1719348717.2985091,0.0,50271.0
1719348717.4501739,0.0,50271.0
1719348717.6011662,0.0,50271.0
1719348717.751712,0.0,50271.0
1719348717.9016159,0.0,50271.0
1719348718.0517597,0.0,50271.0
1719348718.20227,0.0,50271.0
1719348718.3559759,0.0,50271.0
1719348718.5089335,0.0,50271.0
1719348718.6562078,0.0,50271.0
1719348718.8024724,0.0,50271.0
1719348718.9488614,0.0,50271.0
1719348719.0929666,0.0,50271.0
1719348719.2343404,0.0,50271.0
1719348719.3817687,0.0,50271.0
1719348719.525355,0.0,50271.0
1719348719.6761587,0.0,50271.0
1719348719.8282418,0.0,50271.0
1719348719.981916,0.0,50271.0
1719348720.1339052,0.0,50271.0
1719348720.2848403,0.0,50271.0
1719348720.4352,0.0,50271.0
1719348720.5854084,0.0,50271.0
1719348720.7352066,0.0,50271.0
1719348720.8828895,0.0,50271.0
1719348721.0342042,0.0,50271.0
1719348721.188296,0.0,50271.0
1719348721.3406048,0.0,50271.0
1719348721.4948769,0.0,50271.0
1719348721.6469924,0.0,50271.0
1719348721.79761,0.0,50271.0
1719348721.9476557,0.0,50271.0
1719348722.0974019,0.0,50271.0
1719348722.2505355,0.0,50271.0
1719348722.4013648,0.0,50271.0
1719348722.5526981,0.0,50271.0
1719348722.7057283,0.0,50271.0
1719348722.8569286,0.0,50271.0
1719348723.0073,0.0,50271.0
1719348723.1540003,0.0,50271.0
1719348723.3019392,0.0,50271.0
1719348723.4466069,0.0,50271.0
1719348723.589934,0.0,50271.0
1719348723.7329159,0.0,50271.0
1719348723.87514,0.0,50271.0
1719348724.0268886,0.0,50271.0
1719348724.180531,0.0,50271.0
1719348724.3356473,0.0,50271.0
1719348724.4884558,0.0,50271.0
1719348724.6385014,0.0,50271.0
1719348724.7876053,0.0,50271.0
1719348724.937234,0.0,50271.0
1719348725.0852501,0.0,50271.0
1719348725.2351725,0.0,50271.0
1719348725.3853338,0.0,50271.0
1719348725.5403748,0.0,50271.0
1719348725.6899385,0.0,50271.0
1719348725.8472188,0.0,50271.0
1719348725.9990554,0.0,50271.0
1719348726.1526792,0.0,50271.0
1719348726.302691,0.0,50271.0
1719348726.455199,0.0,50271.0
1719348726.6067224,0.0,50271.0
1719348726.7565033,0.0,50271.0
1719348726.9067702,0.0,50271.0
1719348727.0605912,0.0,50271.0
1719348727.2107506,0.0,50271.0
1719348727.3593564,0.0,50271.0
1719348727.5067806,0.0,50271.0
1719348727.6532478,0.0,50271.0
1719348727.8004773,0.0,50271.0
1719348727.9457939,0.0,50271.0
1719348728.0899315,0.0,50271.0
1719348728.233236,0.0,50271.0
1719348728.3839014,0.0,50271.0
1719348728.5378308,0.0,50271.0
1719348728.6911345,0.0,50271.0
1719348728.8419197,0.0,50271.0
1719348728.9928772,0.0,50271.0
1719348729.143829,0.0,50271.0
1719348729.292964,0.0,50271.0
1719348729.4434905,0.0,50271.0
1719348729.5900905,0.0,50271.0
1719348729.741048,0.0,50271.0
1719348729.8927078,0.0,50271.0
1719348730.0463,0.0,50271.0
1719348730.2042644,0.0,50271.0
1719348730.3578286,0.0,50271.0
1719348730.5089645,0.0,50271.0
1719348730.6609397,0.0,50271.0
1719348730.8108552,0.0,50271.0
1719348730.961103,0.0,50271.0
1719348731.1116333,0.0,50271.0
1719348731.2778604,0.0,50271.0
1719348731.4316459,0.0,50271.0
1719348731.5840592,0.0,50271.0
1719348731.7327704,0.0,50271.0
1719348731.8813214,0.0,50271.0
1719348732.029277,0.0,50271.0
1719348732.175398,0.0,50271.0
1719348732.3189337,0.0,50271.0
1719348732.462137,0.0,50271.0
1719348732.6045403,0.0,50271.0
1719348732.7545035,0.0,50271.0
1719348732.9079936,0.0,50271.0
1719348733.0612757,0.0,50271.0
1719348733.214499,0.0,50271.0
1719348733.3645391,0.0,50271.0
1719348733.5133154,0.0,50271.0
1719348733.6643002,0.0,50271.0
1719348733.8118608,0.0,50271.0
1719348733.96083,0.0,50271.0
1719348734.1144989,0.0,50271.0
1719348734.2675774,0.0,50271.0
1719348734.4219568,0.0,50271.0
1719348734.5756528,0.0,50271.0
1719348734.7293558,0.0,50271.0
1719348734.8796062,0.0,50271.0
1719348735.0315876,0.0,50271.0
1719348735.1841712,0.0,50271.0
1719348735.3332326,0.0,50271.0
1719348735.4841802,0.0,50271.0
1719348735.634869,0.0,50271.0
1719348735.7872941,0.0,50271.0
1719348735.9380858,0.0,50271.0
1719348736.0854282,0.0,50271.0
1719348736.2314844,0.0,50271.0
1719348736.3805695,0.0,50271.0
1719348736.526871,0.0,50271.0
1719348736.6694863,0.0,50271.0
1719348736.8137767,0.0,50271.0
1719348736.95478,0.0,50271.0
1719348737.1036477,0.0,50271.0
1719348737.2540572,0.0,50271.0
1719348737.4080482,0.0,50271.0
1719348737.5587,0.0,50271.0
1719348737.7083025,0.0,50271.0
1719348737.8580132,0.0,50271.0
1719348738.00666,0.0,50271.0
1719348738.156836,0.0,50271.0
1719348738.304918,0.0,50271.0
1719348738.4533865,0.0,50271.0
1719348738.6069055,0.0,50271.0
1719348738.7606225,0.0,50271.0
1719348738.9126043,0.0,50271.0
1719348739.0670016,0.0,50271.0
1719348739.2177696,0.0,50271.0
1719348739.3699312,0.0,50271.0
1719348739.520141,0.0,50271.0
1719348739.6731524,0.0,50271.0
1719348739.8224156,0.0,50271.0
1719348739.9737856,0.0,50271.0
1719348740.1238742,0.0,50271.0
1719348740.2786906,0.0,50271.0
1719348740.4308832,0.0,50271.0
1719348740.579662,0.0,50271.0
1719348740.727249,0.0,50271.0
1719348740.8741493,0.0,50271.0
1719348741.0213132,0.0,50271.0
1719348741.1668024,0.0,50271.0
1719348741.3117514,0.0,50271.0
1719348741.4558845,0.0,50271.0
1719348741.6066537,0.0,50271.0
1719348741.75734,0.0,50271.0
1719348741.9087808,0.0,50271.0
1719348742.0634072,0.0,50271.0
1719348742.2129369,0.0,50271.0
1719348742.3626823,0.0,50271.0
1719348742.5122757,0.0,50271.0
1719348742.6627688,0.0,50271.0
1719348742.81308,0.0,50271.0
1719348742.9646962,0.0,50271.0
1719348743.118538,0.0,50271.0
1719348743.2716234,0.0,50271.0
