timestamp,gpu_util,gpu_mem
1719348424.4288063,0.0,4.0
1719348424.5646565,0.0,4.0
1719348424.703719,0.0,4.0
1719348424.850048,0.0,21.0
1719348425.0098848,0.0,633.0
1719348425.149556,7.0,633.0
1719348425.3371205,1.0,633.0
1719348425.4790967,0.0,633.0
1719348425.619359,0.0,633.0
1719348425.76157,0.0,633.0
1719348425.8995996,0.0,633.0
1719348426.0398228,0.0,965.0
1719348426.1800053,0.0,965.0
1719348426.3194323,9.0,1093.0
1719348426.4599252,9.0,1221.0
1719348426.6018765,3.0,1221.0
1719348426.7431695,3.0,1349.0
1719348426.8826346,3.0,1477.0
1719348427.0222807,3.0,1477.0
1719348427.168191,3.0,6227.0
1719348427.309503,17.0,9877.0
1719348427.4497907,92.0,31033.0
1719348427.5906408,92.0,31033.0
1719348427.727503,95.0,33347.0
1719348427.8693647,81.0,50253.0
1719348428.0101528,81.0,50253.0
1719348428.1926835,100.0,50257.0
1719348428.343014,98.0,50257.0
1719348428.493215,93.0,50271.0
1719348428.642074,93.0,50271.0
1719348428.7970867,98.0,50271.0
1719348428.9666061,98.0,50271.0
1719348429.1175766,99.0,50271.0
1719348429.3037057,99.0,50271.0
1719348429.4529166,100.0,50271.0
1719348429.606155,100.0,50271.0
1719348429.7578967,100.0,50271.0
1719348429.9181712,70.0,50271.0
1719348430.07893,31.0,50271.0
1719348430.227526,31.0,50271.0
1719348430.3809185,100.0,50271.0
1719348430.5345569,99.0,50271.0
1719348430.6849356,100.0,50271.0
1719348430.8367019,100.0,50271.0
1719348430.9863672,100.0,50271.0
1719348431.1407752,100.0,50271.0
1719348431.2929053,39.0,50271.0
1719348431.4411075,91.0,50271.0
1719348431.6074734,91.0,50271.0
1719348431.7649007,100.0,50271.0
1719348431.9118314,99.0,50271.0
1719348432.0591724,100.0,50271.0
1719348432.2036333,100.0,50271.0
1719348432.3517547,100.0,50271.0
1719348432.5028732,77.0,50271.0
1719348432.6711142,45.0,50271.0
1719348432.8233397,45.0,50271.0
1719348433.0172162,100.0,50271.0
1719348433.1661966,99.0,50271.0
1719348433.313848,100.0,50271.0
1719348433.4644244,100.0,50271.0
1719348433.6141803,100.0,50271.0
1719348433.7616184,100.0,50271.0
1719348433.9396515,25.0,50271.0
1719348434.0928607,25.0,50271.0
1719348434.2454727,97.0,50271.0
1719348434.3972065,95.0,50271.0
1719348434.5501063,100.0,50271.0
1719348434.7045763,100.0,50271.0
1719348434.8605878,100.0,50271.0
1719348435.0101535,100.0,50271.0
1719348435.163929,74.0,50271.0
1719348435.3196216,44.0,50271.0
1719348435.4702945,44.0,50271.0
1719348435.6220436,100.0,50271.0
1719348435.774412,99.0,50271.0
1719348435.9251218,100.0,50271.0
1719348436.0747328,100.0,50271.0
1719348436.2237844,100.0,50271.0
1719348436.3721008,100.0,50271.0
1719348436.5187907,27.0,50271.0
1719348436.6683874,27.0,50271.0
1719348436.8497155,99.0,50271.0
1719348436.999873,99.0,50271.0
1719348437.1480231,100.0,50271.0
1719348437.3010745,100.0,50271.0
1719348437.4531646,100.0,50271.0
1719348437.6040788,100.0,50271.0
1719348437.7656753,67.0,50271.0
1719348437.9278402,37.0,50271.0
1719348438.0766242,100.0,50271.0
1719348438.226048,100.0,50271.0
1719348438.3767514,99.0,50271.0
1719348438.5259914,100.0,50271.0
1719348438.6779206,100.0,50271.0
1719348438.832578,100.0,50271.0
1719348438.9864888,100.0,50271.0
1719348439.1883337,31.0,50271.0
1719348439.3454027,31.0,50271.0
1719348439.5042036,92.0,50271.0
1719348439.6595337,100.0,50271.0
1719348439.8206275,93.0,50271.0
1719348439.98563,100.0,50271.0
1719348440.1364398,100.0,50271.0
1719348440.2889228,83.0,50271.0
1719348440.4435937,83.0,50271.0
1719348440.598276,49.0,50271.0
1719348440.7475886,100.0,50271.0
1719348440.8972142,100.0,50271.0
1719348441.0485215,99.0,50271.0
1719348441.1982718,100.0,50271.0
1719348441.34567,100.0,50271.0
1719348441.4926312,100.0,50271.0
1719348441.6437752,100.0,50271.0
1719348441.8007026,48.0,50271.0
1719348441.9573097,100.0,50271.0
1719348442.1105778,100.0,50271.0
1719348442.2683637,99.0,50271.0
1719348442.419951,100.0,50271.0
1719348442.574917,100.0,50271.0
1719348442.7281656,100.0,50271.0
1719348442.8804104,100.0,50271.0
1719348443.0867026,93.0,50271.0
1719348443.263253,93.0,50271.0
1719348443.4213722,100.0,50271.0
1719348443.574555,99.0,50271.0
1719348443.7323036,100.0,50271.0
1719348443.8853874,100.0,50271.0
1719348444.0420625,100.0,50271.0
1719348444.2007303,77.0,50271.0
1719348444.3708346,38.0,50271.0
1719348444.52204,100.0,50271.0
1719348444.6741397,100.0,50271.0
1719348444.8298,99.0,50271.0
1719348444.9853268,100.0,50271.0
1719348445.1386743,100.0,50271.0
1719348445.2901082,100.0,50271.0
1719348445.4409082,100.0,50271.0
1719348445.5929742,33.0,50271.0
1719348445.7437916,98.0,50271.0
1719348445.90281,98.0,50271.0
1719348446.0565462,99.0,50271.0
1719348446.2061627,100.0,50271.0
1719348446.3614945,100.0,50271.0
1719348446.5174365,100.0,50271.0
1719348446.6739042,100.0,50271.0
1719348446.8323624,69.0,50271.0
1719348446.9862585,60.0,50271.0
1719348447.1388462,60.0,50271.0
1719348447.3235378,100.0,50271.0
1719348447.528922,100.0,50271.0
1719348447.6817894,100.0,50271.0
1719348447.8376646,100.0,50271.0
1719348447.9916773,100.0,50271.0
1719348448.1443515,40.0,50271.0
1719348448.2969775,40.0,50271.0
1719348448.4487047,100.0,50271.0
1719348448.6387477,99.0,50271.0
1719348448.7929401,100.0,50271.0
1719348448.947372,100.0,50271.0
1719348449.1066668,100.0,50271.0
1719348449.2616858,100.0,50271.0
1719348449.416871,44.0,50271.0
1719348449.5725374,44.0,50271.0
1719348449.7433288,92.0,50271.0
1719348449.9024305,92.0,50271.0
1719348450.0525808,100.0,50271.0
1719348450.2037528,100.0,50271.0
1719348450.3535109,100.0,50271.0
1719348450.5012367,100.0,50271.0
1719348450.6503227,69.0,50271.0
1719348450.803445,69.0,50271.0
1719348450.958721,79.0,50271.0
1719348451.1562262,99.0,50271.0
1719348451.3188722,99.0,50271.0
1719348451.4713275,100.0,50271.0
1719348451.6232903,100.0,50271.0
1719348451.7751043,100.0,50271.0
1719348451.9577115,88.0,50271.0
1719348452.108753,58.0,50271.0
1719348452.2631447,100.0,50271.0
1719348452.4243705,93.0,50271.0
1719348452.582177,100.0,50271.0
1719348452.7345014,100.0,50271.0
1719348452.8926961,100.0,50271.0
1719348453.0450544,100.0,50271.0
1719348453.2023232,44.0,50271.0
1719348453.356733,44.0,50271.0
1719348453.5093818,100.0,50271.0
1719348453.6655,99.0,50271.0
1719348453.8185797,100.0,50271.0
1719348453.9724164,100.0,50271.0
1719348454.130271,100.0,50271.0
1719348454.2822704,100.0,50271.0
1719348454.4387407,43.0,50271.0
1719348454.5924792,43.0,50271.0
1719348454.7438931,75.0,50271.0
1719348454.893213,100.0,50271.0
1719348455.0402908,100.0,50271.0
1719348455.1906989,99.0,50271.0
1719348455.3456414,100.0,50271.0
1719348455.497068,100.0,50271.0
1719348455.6518674,92.0,50271.0
1719348455.8087416,46.0,50271.0
1719348455.9616404,46.0,50271.0
1719348456.1147013,100.0,50271.0
1719348456.2705503,92.0,50271.0
1719348456.4232337,92.0,50271.0
1719348456.5729284,100.0,50271.0
1719348456.7224684,100.0,50271.0
1719348456.8789814,100.0,50271.0
1719348457.0339315,30.0,50271.0
1719348457.193197,97.0,50271.0
1719348457.3664262,97.0,50271.0
1719348457.518581,99.0,50271.0
1719348457.6758978,100.0,50271.0
1719348457.881563,100.0,50271.0
1719348458.0375335,100.0,50271.0
1719348458.1905053,100.0,50271.0
1719348458.3448367,71.0,50271.0
1719348458.4956307,60.0,50271.0
1719348458.651107,100.0,50271.0
1719348458.8060923,100.0,50271.0
1719348459.0189335,99.0,50271.0
1719348459.171739,100.0,50271.0
1719348459.3238838,100.0,50271.0
1719348459.4736655,100.0,50271.0
1719348459.6216786,36.0,50271.0
1719348459.782123,36.0,50271.0
1719348459.9289827,100.0,50271.0
1719348460.0823505,99.0,50271.0
1719348460.2374043,100.0,50271.0
1719348460.3948534,100.0,50271.0
1719348460.547926,100.0,50271.0
1719348460.7009642,100.0,50271.0
1719348460.8518658,100.0,50271.0
1719348461.032242,52.0,50271.0
1719348461.2277124,100.0,50271.0
1719348461.3806696,99.0,50271.0
1719348461.536554,100.0,50271.0
1719348461.6931064,100.0,50271.0
1719348461.8461008,100.0,50271.0
1719348462.0001392,100.0,50271.0
1719348462.1562963,57.0,50271.0
1719348462.3095553,81.0,50271.0
1719348462.461334,81.0,50271.0
1719348462.6531863,99.0,50271.0
1719348462.8076985,99.0,50271.0
1719348462.9593012,100.0,50271.0
1719348463.1137109,100.0,50271.0
1719348463.2701626,86.0,50271.0
1719348463.424823,86.0,50271.0
1719348463.5774026,58.0,50271.0
1719348463.7281704,100.0,50271.0
1719348463.879539,100.0,50271.0
1719348464.030665,99.0,50271.0
1719348464.178492,100.0,50271.0
1719348464.3289428,100.0,50271.0
1719348464.4766834,100.0,50271.0
1719348464.6338918,100.0,50271.0
1719348464.790613,54.0,50271.0
1719348464.9461863,100.0,50271.0
1719348465.0987208,99.0,50271.0
1719348465.2612283,100.0,50271.0
1719348465.41311,100.0,50271.0
1719348465.5678535,100.0,50271.0
1719348465.7174485,100.0,50271.0
1719348465.8713892,52.0,50271.0
1719348466.0237322,52.0,50271.0
1719348466.1810162,100.0,50271.0
1719348466.3349261,99.0,50271.0
1719348466.4888933,100.0,50271.0
1719348466.6419706,100.0,50271.0
1719348466.797731,100.0,50271.0
1719348466.95389,100.0,50271.0
1719348467.1075852,100.0,50271.0
1719348467.2775822,54.0,50271.0
1719348467.4312732,100.0,50271.0
1719348467.5848043,99.0,50271.0
1719348467.7386086,100.0,50271.0
1719348467.8938901,100.0,50271.0
1719348468.0477827,100.0,50271.0
1719348468.2015066,100.0,50271.0
1719348468.3513231,100.0,50271.0
1719348468.5030408,57.0,50271.0
1719348468.6953301,100.0,50271.0
1719348468.8464143,100.0,50271.0
1719348468.9978986,99.0,50271.0
1719348469.1498969,100.0,50271.0
1719348469.306851,100.0,50271.0
1719348469.4602056,100.0,50271.0
1719348469.6146708,79.0,50271.0
1719348469.7649863,60.0,50271.0
1719348469.9203093,100.0,50271.0
1719348470.070995,100.0,50271.0
1719348470.2266529,99.0,50271.0
1719348470.37967,100.0,50271.0
1719348470.5330348,100.0,50271.0
1719348470.6898324,100.0,50271.0
1719348470.8485558,100.0,50271.0
1719348471.0024989,52.0,50271.0
1719348471.1564791,52.0,50271.0
1719348471.309238,100.0,50271.0
1719348471.4614573,99.0,50271.0
1719348471.61387,100.0,50271.0
1719348471.767204,100.0,50271.0
1719348471.9211838,100.0,50271.0
1719348472.075674,100.0,50271.0
1719348472.2387567,47.0,50271.0
1719348472.3957589,100.0,50271.0
1719348472.548827,100.0,50271.0
1719348472.7051563,100.0,50271.0
1719348472.8627295,100.0,50271.0
1719348473.017612,100.0,50271.0
1719348473.1740963,100.0,50271.0
1719348473.332919,50.0,50271.0
1719348473.4881818,50.0,50271.0
1719348473.647885,99.0,50271.0
1719348473.8026695,99.0,50271.0
1719348473.960343,100.0,50271.0
1719348474.1126144,100.0,50271.0
1719348474.2686481,100.0,50271.0
1719348474.4206889,100.0,50271.0
1719348474.5768974,100.0,50271.0
1719348474.7313828,68.0,50271.0
1719348474.8804064,83.0,50271.0
1719348475.0315573,100.0,50271.0
1719348475.187822,99.0,50271.0
1719348475.3455973,100.0,50271.0
1719348475.4972076,100.0,50271.0
1719348475.6514893,100.0,50271.0
1719348475.8118768,86.0,50271.0
1719348475.9779444,86.0,50271.0
1719348476.1289995,49.0,50271.0
1719348476.2845683,100.0,50271.0
1719348476.4397876,99.0,50271.0
1719348476.590024,100.0,50271.0
1719348476.7418458,100.0,50271.0
1719348476.8958771,100.0,50271.0
1719348477.0531025,100.0,50271.0
1719348477.2083185,44.0,50271.0
1719348477.36024,100.0,50271.0
1719348477.5198576,100.0,50271.0
1719348477.6704173,93.0,50271.0
1719348477.8211386,100.0,50271.0
1719348477.97089,100.0,50271.0
1719348478.1189768,100.0,50271.0
1719348478.2673411,100.0,50271.0
1719348478.4145844,100.0,50271.0
1719348478.5675483,52.0,50271.0
1719348478.764103,98.0,50271.0
1719348478.9220016,98.0,50271.0
1719348479.0729423,100.0,50271.0
1719348479.2262206,100.0,50271.0
1719348479.377664,100.0,50271.0
1719348479.530183,100.0,50271.0
1719348479.6810956,70.0,50271.0
1719348479.8334825,78.0,50271.0
1719348479.989589,100.0,50271.0
1719348480.144947,100.0,50271.0
1719348480.2989948,99.0,50271.0
1719348480.4539158,100.0,50271.0
1719348480.6078382,100.0,50271.0
1719348480.7594872,100.0,50271.0
1719348480.9151115,92.0,50271.0
1719348481.067333,60.0,50271.0
1719348481.2195163,100.0,50271.0
1719348481.3707814,100.0,50271.0
1719348481.5261414,99.0,50271.0
1719348481.681128,100.0,50271.0
1719348481.8342652,100.0,50271.0
1719348481.9857981,100.0,50271.0
1719348482.1401567,100.0,50271.0
1719348482.291589,51.0,50271.0
1719348482.4406815,51.0,50271.0
1719348482.5914335,100.0,50271.0
1719348482.7426898,99.0,50271.0
1719348482.8917086,100.0,50271.0
1719348483.046839,100.0,50271.0
1719348483.2028306,100.0,50271.0
1719348483.3576555,100.0,50271.0
1719348483.5175633,49.0,50271.0
1719348483.6709566,100.0,50271.0
1719348483.823551,99.0,50271.0
1719348483.9777055,99.0,50271.0
1719348484.128496,100.0,50271.0
1719348484.2798457,100.0,50271.0
1719348484.4331172,100.0,50271.0
1719348484.59643,48.0,50271.0
1719348484.770229,48.0,50271.0
1719348484.992382,90.0,50271.0
1719348485.1459067,100.0,50271.0
1719348485.3033917,99.0,50271.0
1719348485.4564052,99.0,50271.0
1719348485.610704,100.0,50271.0
1719348485.762776,100.0,50271.0
1719348485.9177265,78.0,50271.0
1719348486.069335,78.0,50271.0
1719348486.2279954,100.0,50271.0
1719348486.3812194,100.0,50271.0
1719348486.5348992,99.0,50271.0
1719348486.6853027,100.0,50271.0
1719348486.8361475,100.0,50271.0
1719348486.9869766,100.0,50271.0
1719348487.134228,95.0,50271.0
1719348487.2846272,54.0,50271.0
1719348487.43516,100.0,50271.0
1719348487.5898545,100.0,50271.0
1719348487.7457798,99.0,50271.0
1719348487.899593,100.0,50271.0
1719348488.0536573,100.0,50271.0
1719348488.2048986,100.0,50271.0
1719348488.359856,100.0,50271.0
1719348488.5139117,51.0,50271.0
1719348488.6652443,100.0,50271.0
1719348488.8189664,100.0,50271.0
1719348488.9793084,99.0,50271.0
1719348489.1338775,100.0,50271.0
1719348489.2879813,100.0,50271.0
1719348489.4422066,100.0,50271.0
1719348489.6032133,100.0,50271.0
1719348489.7661192,40.0,50271.0
1719348489.9198408,100.0,50271.0
1719348490.0702393,99.0,50271.0
1719348490.2275233,100.0,50271.0
1719348490.3805785,100.0,50271.0
1719348490.535052,100.0,50271.0
1719348490.6887565,100.0,50271.0
1719348490.844182,100.0,50271.0
1719348491.0312052,65.0,50271.0
1719348491.1860287,74.0,50271.0
1719348491.3343282,100.0,50271.0
1719348491.4836981,99.0,50271.0
1719348491.64149,100.0,50271.0
1719348491.8035235,100.0,50271.0
1719348491.9549882,100.0,50271.0
1719348492.1108272,93.0,50271.0
1719348492.2654734,93.0,50271.0
1719348492.4174552,52.0,50271.0
1719348492.567516,100.0,50271.0
1719348492.7189527,99.0,50271.0
1719348492.871157,99.0,50271.0
1719348493.0235178,100.0,50271.0
1719348493.1749618,100.0,50271.0
1719348493.3275812,100.0,50271.0
1719348493.484349,100.0,50271.0
1719348493.655259,100.0,50271.0
1719348493.820929,100.0,50271.0
1719348493.978705,99.0,50271.0
1719348494.1309686,100.0,50271.0
1719348494.2853875,100.0,50271.0
1719348494.43703,100.0,50271.0
1719348494.5922682,100.0,50271.0
1719348494.7462757,45.0,50271.0
1719348494.898965,45.0,50271.0
1719348495.0609558,100.0,50271.0
1719348495.2166688,98.0,50271.0
1719348495.3670332,100.0,50271.0
1719348495.5146673,100.0,50271.0
1719348495.6609948,100.0,50271.0
1719348495.8062897,100.0,50271.0
1719348495.9513588,65.0,50271.0
1719348496.09637,89.0,50271.0
1719348496.2408998,89.0,50271.0
1719348496.3817203,100.0,50271.0
1719348496.5322065,99.0,50271.0
1719348496.682854,99.0,50271.0
1719348496.8347943,100.0,50271.0
1719348496.9874785,100.0,50271.0
1719348497.1408627,79.0,50271.0
1719348497.2969122,79.0,50271.0
1719348497.4453855,66.0,50271.0
1719348497.5958323,100.0,50271.0
1719348497.7447414,100.0,50271.0
1719348497.8926873,100.0,50271.0
1719348498.0452232,100.0,50271.0
1719348498.1965058,100.0,50271.0
1719348498.348775,100.0,50271.0
1719348498.514282,45.0,50271.0
1719348498.6661906,45.0,50271.0
1719348498.814293,100.0,50271.0
1719348498.9665143,100.0,50271.0
1719348499.1164322,100.0,50271.0
1719348499.2678351,100.0,50271.0
1719348499.4154303,100.0,50271.0
1719348499.5645492,100.0,50271.0
1719348499.7117922,51.0,50271.0
1719348499.8580894,51.0,50271.0
1719348500.0115952,100.0,50271.0
1719348500.159182,99.0,50271.0
1719348500.307884,100.0,50271.0
1719348500.4589274,100.0,50271.0
1719348500.6059594,100.0,50271.0
1719348500.7511868,100.0,50271.0
1719348500.9025428,46.0,50271.0
1719348501.0795896,46.0,50271.0
1719348501.2288358,96.0,50271.0
1719348501.3755064,99.0,50271.0
1719348501.5307648,99.0,50271.0
1719348501.6800148,100.0,50271.0
1719348501.8310425,100.0,50271.0
1719348501.9810119,100.0,50271.0
1719348502.1376848,100.0,50271.0
1719348502.2930257,72.0,50271.0
1719348502.510732,0.0,50271.0
1719348502.6634505,0.0,50271.0
1719348502.816562,0.0,50271.0
1719348502.9668632,0.0,50271.0
1719348503.1177475,0.0,50271.0
1719348503.2692122,0.0,50271.0
1719348503.419388,0.0,50271.0
1719348503.5704613,0.0,50271.0
1719348503.7202766,0.0,50271.0
1719348503.8744414,0.0,50271.0
1719348504.0263884,0.0,50271.0
1719348504.1736135,0.0,50271.0
1719348504.3219318,0.0,50271.0
1719348504.4711568,0.0,50271.0
1719348504.6158018,0.0,50271.0
1719348504.7572293,0.0,50271.0
1719348504.9007974,0.0,50271.0
1719348505.0429878,0.0,50271.0
1719348505.190981,0.0,50271.0
1719348505.3453794,0.0,50271.0
1719348505.4989607,0.0,50271.0
1719348505.6521945,0.0,50271.0
1719348505.8003883,0.0,50271.0
1719348505.9488788,0.0,50271.0
1719348506.0971746,0.0,50271.0
1719348506.2464607,0.0,50271.0
1719348506.3941386,0.0,50271.0
1719348506.5422466,0.0,50271.0
1719348506.6959522,0.0,50271.0
1719348506.8485165,0.0,50271.0
1719348507.0017102,0.0,50271.0
1719348507.1532269,0.0,50271.0
1719348507.3032935,0.0,50271.0
1719348507.4580913,0.0,50271.0
1719348507.6070192,0.0,50271.0
1719348507.7563152,0.0,50271.0
1719348507.9082108,0.0,50271.0
1719348508.061005,0.0,50271.0
1719348508.2163658,0.0,50271.0
1719348508.3681676,0.0,50271.0
1719348508.5191052,0.0,50271.0
1719348508.6662273,0.0,50271.0
1719348508.8133566,0.0,50271.0
1719348508.959902,0.0,50271.0
1719348509.1053166,0.0,50271.0
1719348509.248578,0.0,50271.0
1719348509.3908699,0.0,50271.0
1719348509.5426219,0.0,50271.0
1719348509.6956189,0.0,50271.0
1719348509.8518777,0.0,50271.0
1719348510.0013692,0.0,50271.0
1719348510.149298,0.0,50271.0
1719348510.2991283,0.0,50271.0
1719348510.446617,0.0,50271.0
1719348510.5951848,0.0,50271.0
1719348510.7402008,0.0,50271.0
1719348510.8927598,0.0,50271.0
1719348511.0443776,0.0,50271.0
1719348511.1981108,0.0,50271.0
1719348511.350699,0.0,50271.0
1719348511.5044181,0.0,50271.0
1719348511.6556728,0.0,50271.0
1719348511.8179584,0.0,50271.0
1719348511.9684932,0.0,50271.0
1719348512.1195738,0.0,50271.0
1719348512.269922,0.0,50271.0
1719348512.421975,0.0,50271.0
1719348512.5757143,0.0,50271.0
1719348512.7257986,0.0,50271.0
1719348512.8732235,0.0,50271.0
1719348513.0215263,0.0,50271.0
1719348513.1675344,0.0,50271.0
1719348513.3128893,0.0,50271.0
1719348513.4557953,0.0,50271.0
1719348513.599216,0.0,50271.0
1719348513.7412446,0.0,50271.0
1719348513.8901842,0.0,50271.0
1719348514.0439708,0.0,50271.0
1719348514.195857,0.0,50271.0
1719348514.3463566,0.0,50271.0
1719348514.4968529,0.0,50271.0
1719348514.6451476,0.0,50271.0
1719348514.7918367,0.0,50271.0
1719348514.938744,0.0,50271.0
1719348515.087099,0.0,50271.0
1719348515.2355864,0.0,50271.0
1719348515.390179,0.0,50271.0
1719348515.541932,0.0,50271.0
1719348515.6955667,0.0,50271.0
1719348515.8479402,0.0,50271.0
1719348515.9988055,0.0,50271.0
1719348516.1489735,0.0,50271.0
1719348516.300147,0.0,50271.0
1719348516.4483137,0.0,50271.0
1719348516.5984573,0.0,50271.0
1719348516.751184,0.0,50271.0
1719348516.9048846,0.0,50271.0
1719348517.058268,0.0,50271.0
1719348517.210278,0.0,50271.0
1719348517.3598099,0.0,50271.0
1719348517.5062366,0.0,50271.0
1719348517.6532784,0.0,50271.0
1719348517.7982266,0.0,50271.0
1719348517.9432456,0.0,50271.0
1719348518.0875883,0.0,50271.0
1719348518.2303991,0.0,50271.0
1719348518.382694,0.0,50271.0
1719348518.5358856,0.0,50271.0
1719348518.6883337,0.0,50271.0
1719348518.84008,0.0,50271.0
1719348518.9902723,0.0,50271.0
1719348519.1405504,0.0,50271.0
1719348519.2910948,0.0,50271.0
1719348519.43948,0.0,50271.0
1719348519.588201,0.0,50271.0
1719348519.740506,0.0,50271.0
1719348519.8962135,0.0,50271.0
1719348520.0474193,0.0,50271.0
1719348520.2010179,0.0,50271.0
1719348520.3515928,0.0,50271.0
1719348520.5016599,0.0,50271.0
1719348520.6544158,0.0,50271.0
1719348520.804891,0.0,50271.0
1719348520.9575002,0.0,50271.0
1719348521.107343,0.0,50271.0
1719348521.2587824,0.0,50271.0
1719348521.4143171,0.0,50271.0
1719348521.5657272,0.0,50271.0
1719348521.7138972,0.0,50271.0
1719348521.861418,0.0,50271.0
1719348522.0086126,0.0,50271.0
1719348522.1560094,0.0,50271.0
1719348522.2991178,0.0,50271.0
1719348522.4433463,0.0,50271.0
1719348522.5851588,0.0,50271.0
1719348522.7341614,0.0,50271.0
1719348522.8874211,0.0,50271.0
1719348523.0404708,0.0,50271.0
1719348523.1937444,0.0,50271.0
1719348523.3432455,0.0,50271.0
1719348523.4938214,0.0,50271.0
1719348523.643406,0.0,50271.0
1719348523.7906873,0.0,50271.0
1719348523.9375892,0.0,50271.0
1719348524.0897536,0.0,50271.0
1719348524.2431588,0.0,50271.0
1719348524.3966296,0.0,50271.0
1719348524.550297,0.0,50271.0
1719348524.7034547,0.0,50271.0
1719348524.8547456,0.0,50271.0
1719348525.0069613,0.0,50271.0
1719348525.1579125,0.0,50271.0
1719348525.3090346,0.0,50271.0
1719348525.4598572,0.0,50271.0
1719348525.6092618,0.0,50271.0
1719348525.7612417,0.0,50271.0
1719348525.9132884,0.0,50271.0
1719348526.0618916,0.0,50271.0
1719348526.210385,0.0,50271.0
1719348526.3574426,0.0,50271.0
1719348526.504204,0.0,50271.0
1719348526.650265,0.0,50271.0
1719348526.7935936,0.0,50271.0
1719348526.9343758,0.0,50271.0
1719348527.0837274,0.0,50271.0
1719348527.2364523,0.0,50271.0
1719348527.390653,0.0,50271.0
1719348527.5415707,0.0,50271.0
1719348527.690646,0.0,50271.0
1719348527.8414254,0.0,50271.0
1719348527.989329,0.0,50271.0
1719348528.1408684,0.0,50271.0
1719348528.2883167,0.0,50271.0
1719348528.4373703,0.0,50271.0
1719348528.592756,0.0,50271.0
1719348528.745019,0.0,50271.0
1719348528.8979466,0.0,50271.0
1719348529.0512476,0.0,50271.0
1719348529.2017136,0.0,50271.0
1719348529.3546786,0.0,50271.0
1719348529.504823,0.0,50271.0
1719348529.656729,0.0,50271.0
1719348529.810103,0.0,50271.0
1719348529.9633586,0.0,50271.0
1719348530.1177878,0.0,50271.0
1719348530.2702723,0.0,50271.0
1719348530.4205875,0.0,50271.0
1719348530.5684566,0.0,50271.0
1719348530.7150857,0.0,50271.0
1719348530.8605354,0.0,50271.0
1719348531.0036943,0.0,50271.0
1719348531.1462636,0.0,50271.0
1719348531.2911358,0.0,50271.0
1719348531.4396756,0.0,50271.0
1719348531.5907216,0.0,50271.0
1719348531.7448099,0.0,50271.0
1719348531.8947442,0.0,50271.0
1719348532.0440118,0.0,50271.0
1719348532.1969273,0.0,50271.0
1719348532.3445578,0.0,50271.0
1719348532.4962742,0.0,50271.0
1719348532.6439168,0.0,50271.0
1719348532.7917175,0.0,50271.0
1719348532.944413,0.0,50271.0
1719348533.0998664,0.0,50271.0
1719348533.2518709,0.0,50271.0
1719348533.4059012,0.0,50271.0
1719348533.557209,0.0,50271.0
1719348533.7093482,0.0,50271.0
1719348533.8598518,0.0,50271.0
1719348534.0115798,0.0,50271.0
1719348534.1641521,0.0,50271.0
1719348534.315102,0.0,50271.0
1719348534.4670367,0.0,50271.0
1719348534.6188166,0.0,50271.0
1719348534.7678802,0.0,50271.0
1719348534.9171336,0.0,50271.0
1719348535.0644658,0.0,50271.0
1719348535.2102737,0.0,50271.0
1719348535.3574402,0.0,50271.0
1719348535.501423,0.0,50271.0
1719348535.6469045,0.0,50271.0
1719348535.7887275,0.0,50271.0
1719348535.939731,0.0,50271.0
1719348536.0937614,0.0,50271.0
1719348536.244105,0.0,50271.0
1719348536.3948805,0.0,50271.0
1719348536.5451465,0.0,50271.0
1719348536.6930974,0.0,50271.0
1719348536.8417318,0.0,50271.0
1719348536.990136,0.0,50271.0
1719348537.137972,0.0,50271.0
1719348537.2886727,0.0,50271.0
1719348537.4457252,0.0,50271.0
1719348537.5959134,0.0,50271.0
1719348537.7482667,0.0,50271.0
1719348537.9004722,0.0,50271.0
1719348538.0517128,0.0,50271.0
1719348538.2047462,0.0,50271.0
1719348538.3563304,0.0,50271.0
1719348538.5088303,0.0,50271.0
1719348538.6598623,0.0,50271.0
1719348538.8090425,0.0,50271.0
1719348538.9634073,0.0,50271.0
1719348539.1140928,0.0,50271.0
1719348539.261775,0.0,50271.0
1719348539.4080772,0.0,50271.0
1719348539.5553946,0.0,50271.0
1719348539.699884,0.0,50271.0
1719348539.8436124,0.0,50271.0
1719348539.9893994,0.0,50271.0
1719348540.1326406,0.0,50271.0
1719348540.2826042,0.0,50271.0
1719348540.4354506,0.0,50271.0
1719348540.5888493,0.0,50271.0
1719348540.73971,0.0,50271.0
1719348540.889878,0.0,50271.0
1719348541.0389352,0.0,50271.0
1719348541.1897352,0.0,50271.0
1719348541.3378997,0.0,50271.0
1719348541.4847784,0.0,50271.0
1719348541.6324122,0.0,50271.0
1719348541.7855096,0.0,50271.0
1719348541.9527278,0.0,50271.0
1719348542.1068256,0.0,50271.0
1719348542.2615802,0.0,50271.0
1719348542.4117153,0.0,50271.0
1719348542.564253,0.0,50271.0
1719348542.716122,0.0,50271.0
1719348542.8680499,0.0,50271.0
1719348543.0183744,0.0,50271.0
1719348543.1720572,0.0,50271.0
1719348543.3241599,0.0,50271.0
1719348543.4773781,0.0,50271.0
1719348543.623404,0.0,50271.0
1719348543.769641,0.0,50271.0
1719348543.9162672,0.0,50271.0
1719348544.062475,0.0,50271.0
1719348544.2061756,0.0,50271.0
1719348544.3514526,0.0,50271.0
1719348544.495713,0.0,50271.0
1719348544.644687,0.0,50271.0
1719348544.796492,0.0,50271.0
1719348544.9487972,0.0,50271.0
1719348545.1004264,0.0,50271.0
1719348545.2497463,0.0,50271.0
1719348545.3996384,0.0,50271.0
1719348545.548912,0.0,50271.0
1719348545.7258291,0.0,50271.0
1719348545.873932,0.0,50271.0
1719348546.0285513,0.0,50271.0
1719348546.184463,0.0,50271.0
1719348546.3364403,0.0,50271.0
1719348546.4908667,0.0,50271.0
1719348546.642524,0.0,50271.0
1719348546.791296,0.0,50271.0
1719348546.9415781,0.0,50271.0
1719348547.094756,0.0,50271.0
1719348547.2458081,0.0,50271.0
1719348547.39802,0.0,50271.0
1719348547.5490866,0.0,50271.0
1719348547.7032042,0.0,50271.0
1719348547.8541362,0.0,50271.0
1719348548.0031254,0.0,50271.0
1719348548.1519709,0.0,50271.0
1719348548.2996397,0.0,50271.0
1719348548.4460874,0.0,50271.0
1719348548.5897775,0.0,50271.0
1719348548.7341459,0.0,50271.0
1719348548.8766725,0.0,50271.0
1719348549.0270019,0.0,50271.0
1719348549.181031,0.0,50271.0
1719348549.3338194,0.0,50271.0
1719348549.4859052,0.0,50271.0
1719348549.6343353,0.0,50271.0
1719348549.7817965,0.0,50271.0
1719348549.930715,0.0,50271.0
1719348550.0782826,0.0,50271.0
1719348550.2259655,0.0,50271.0
1719348550.3736773,0.0,50271.0
1719348550.5273209,0.0,50271.0
1719348550.6790483,0.0,50271.0
1719348550.8326871,0.0,50271.0
1719348550.9842696,0.0,50271.0
1719348551.1356068,0.0,50271.0
1719348551.2871175,0.0,50271.0
1719348551.4381416,0.0,50271.0
1719348551.5919504,0.0,50271.0
1719348551.7412348,0.0,50271.0
1719348551.8911083,0.0,50271.0
1719348552.0437133,0.0,50271.0
1719348552.1954255,0.0,50271.0
1719348552.3478894,0.0,50271.0
1719348552.4967768,0.0,50271.0
1719348552.642397,0.0,50271.0
1719348552.7883031,0.0,50271.0
1719348552.930444,0.0,50271.0
1719348553.0731077,0.0,50271.0
1719348553.2201285,0.0,50271.0
1719348553.3689308,0.0,50271.0
1719348553.5228782,0.0,50271.0
1719348553.6745923,0.0,50271.0
1719348553.8251023,0.0,50271.0
1719348553.9743402,0.0,50271.0
1719348554.1264396,0.0,50271.0
1719348554.2768788,0.0,50271.0
1719348554.4273536,0.0,50271.0
1719348554.575944,0.0,50271.0
1719348554.72737,0.0,50271.0
1719348554.8806186,0.0,50271.0
1719348555.0325816,0.0,50271.0
1719348555.1848648,0.0,50271.0
1719348555.3360932,0.0,50271.0
1719348555.4863698,0.0,50271.0
1719348555.6378956,0.0,50271.0
1719348555.7878885,0.0,50271.0
1719348555.9394412,0.0,50271.0
1719348556.0901227,0.0,50271.0
1719348556.2411165,0.0,50271.0
1719348556.3954003,0.0,50271.0
1719348556.5456939,0.0,50271.0
1719348556.6928487,0.0,50271.0
1719348556.8417075,0.0,50271.0
1719348556.9891348,0.0,50271.0
1719348557.1341789,0.0,50271.0
1719348557.277687,0.0,50271.0
1719348557.4223423,0.0,50271.0
1719348557.565084,0.0,50271.0
1719348557.7133696,0.0,50271.0
1719348557.8661778,0.0,50271.0
1719348558.019516,0.0,50271.0
1719348558.1721454,0.0,50271.0
1719348558.3223557,0.0,50271.0
1719348558.4716427,0.0,50271.0
1719348558.623553,0.0,50271.0
1719348558.7744176,0.0,50271.0
1719348558.9231024,0.0,50271.0
1719348559.075811,0.0,50271.0
1719348559.2287993,0.0,50271.0
1719348559.3807852,0.0,50271.0
1719348559.5346088,0.0,50271.0
1719348559.687669,0.0,50271.0
1719348559.8374567,0.0,50271.0
1719348559.9873562,0.0,50271.0
1719348560.139388,0.0,50271.0
1719348560.2904449,0.0,50271.0
1719348560.4405944,0.0,50271.0
1719348560.5915515,0.0,50271.0
1719348560.7383053,0.0,50271.0
1719348560.88738,0.0,50271.0
1719348561.0353777,0.0,50271.0
1719348561.1890264,0.0,50271.0
1719348561.3373654,0.0,50271.0
1719348561.4893794,0.0,50271.0
1719348561.638593,0.0,50271.0
1719348561.7851734,0.0,50271.0
1719348561.9405932,0.0,50271.0
1719348562.0909855,0.0,50271.0
1719348562.2439082,0.0,50271.0
1719348562.39694,0.0,50271.0
1719348562.5485892,0.0,50271.0
1719348562.6984951,0.0,50271.0
1719348562.8461359,0.0,50271.0
1719348562.9956954,0.0,50271.0
1719348563.144119,0.0,50271.0
1719348563.2935753,0.0,50271.0
1719348563.4484544,0.0,50271.0
1719348563.6032784,0.0,50271.0
1719348563.7550106,0.0,50271.0
1719348563.9089372,0.0,50271.0
1719348564.0601406,0.0,50271.0
1719348564.2160726,0.0,50271.0
1719348564.3676703,0.0,50271.0
1719348564.5202322,0.0,50271.0
1719348564.6730974,0.0,50271.0
1719348564.8228724,0.0,50271.0
1719348564.9746673,0.0,50271.0
1719348565.1264648,0.0,50271.0
1719348565.2792475,0.0,50271.0
1719348565.4282176,0.0,50271.0
1719348565.5747602,0.0,50271.0
1719348565.7196233,0.0,50271.0
1719348565.8633304,0.0,50271.0
1719348566.0067935,0.0,50271.0
1719348566.1532254,0.0,50271.0
1719348566.3026352,0.0,50271.0
1719348566.4530208,0.0,50271.0
1719348566.605044,0.0,50271.0
1719348566.7546377,0.0,50271.0
1719348566.904952,0.0,50271.0
1719348567.0553887,0.0,50271.0
1719348567.2039027,0.0,50271.0
1719348567.3528044,0.0,50271.0
1719348567.5021563,0.0,50271.0
1719348567.651399,0.0,50271.0
1719348567.8037817,0.0,50271.0
1719348567.9593618,0.0,50271.0
1719348568.1103263,0.0,50271.0
1719348568.263637,0.0,50271.0
1719348568.4146538,0.0,50271.0
1719348568.5658627,0.0,50271.0
1719348568.7158659,0.0,50271.0
1719348568.870049,0.0,50271.0
1719348569.0225575,0.0,50271.0
1719348569.1758482,0.0,50271.0
1719348569.32639,0.0,50271.0
1719348569.4796355,0.0,50271.0
1719348569.63053,0.0,50271.0
1719348569.7756538,0.0,50271.0
1719348569.9228628,0.0,50271.0
1719348570.069907,0.0,50271.0
1719348570.2147489,0.0,50271.0
1719348570.359019,0.0,50271.0
1719348570.5044866,0.0,50271.0
1719348570.649345,0.0,50271.0
1719348570.7986825,0.0,50271.0
1719348570.9515758,0.0,50271.0
1719348571.1034799,0.0,50271.0
1719348571.2541199,0.0,50271.0
1719348571.4028478,0.0,50271.0
1719348571.5503004,0.0,50271.0
1719348571.7004843,0.0,50271.0
1719348571.8476446,0.0,50271.0
1719348571.9979978,0.0,50271.0
1719348572.1519887,0.0,50271.0
1719348572.3047922,0.0,50271.0
1719348572.4583416,0.0,50271.0
1719348572.6112196,0.0,50271.0
1719348572.7725847,0.0,50271.0
1719348572.9365451,0.0,50271.0
1719348573.0875187,0.0,50271.0
1719348573.237521,0.0,50271.0
1719348573.3884044,0.0,50271.0
1719348573.5408838,0.0,50271.0
1719348573.6952477,0.0,50271.0
1719348573.8473992,0.0,50271.0
1719348573.9937227,0.0,50271.0
1719348574.1409342,0.0,50271.0
1719348574.2881253,0.0,50271.0
1719348574.4354005,0.0,50271.0
1719348574.578955,0.0,50271.0
1719348574.724107,0.0,50271.0
1719348574.8703816,0.0,50271.0
1719348575.020153,0.0,50271.0
1719348575.1740508,0.0,50271.0
1719348575.3276844,0.0,50271.0
1719348575.4798913,0.0,50271.0
1719348575.6274107,0.0,50271.0
1719348575.7745352,0.0,50271.0
1719348575.9233487,0.0,50271.0
1719348576.0726135,0.0,50271.0
1719348576.2211955,0.0,50271.0
1719348576.3703241,0.0,50271.0
1719348576.524961,0.0,50271.0
1719348576.6756935,0.0,50271.0
1719348576.8291316,0.0,50271.0
1719348576.9809237,0.0,50271.0
1719348577.1335444,0.0,50271.0
1719348577.2858503,0.0,50271.0
1719348577.436558,0.0,50271.0
1719348577.5869179,0.0,50271.0
1719348577.7353,0.0,50271.0
1719348577.8864439,0.0,50271.0
1719348578.040632,0.0,50271.0
1719348578.1925304,0.0,50271.0
1719348578.344389,0.0,50271.0
1719348578.4920459,0.0,50271.0
1719348578.640569,0.0,50271.0
1719348578.787359,0.0,50271.0
1719348578.9337316,0.0,50271.0
1719348579.0783668,0.0,50271.0
1719348579.2228532,0.0,50271.0
1719348579.3723567,0.0,50271.0
1719348579.5256472,0.0,50271.0
1719348579.6800966,0.0,50271.0
1719348579.830436,0.0,50271.0
1719348579.9811046,0.0,50271.0
1719348580.1325917,0.0,50271.0
1719348580.2845376,0.0,50271.0
1719348580.433711,0.0,50271.0
1719348580.5821915,0.0,50271.0
1719348580.7366977,0.0,50271.0
1719348580.8913307,0.0,50271.0
1719348581.0463076,0.0,50271.0
1719348581.2012086,0.0,50271.0
1719348581.3839774,0.0,50271.0
1719348581.5381186,0.0,50271.0
1719348581.6893334,0.0,50271.0
1719348581.8426313,0.0,50271.0
1719348581.995939,0.0,50271.0
1719348582.153005,0.0,50271.0
1719348582.3042915,0.0,50271.0
1719348582.4594283,0.0,50271.0
1719348582.610207,0.0,50271.0
1719348582.7568948,0.0,50271.0
1719348582.9053903,0.0,50271.0
1719348583.052314,0.0,50271.0
1719348583.198071,0.0,50271.0
1719348583.3416266,0.0,50271.0
1719348583.48685,0.0,50271.0
1719348583.6304414,0.0,50271.0
1719348583.7804186,0.0,50271.0
1719348583.9346547,0.0,50271.0
1719348584.0861433,0.0,50271.0
1719348584.2380333,0.0,50271.0
1719348584.3878956,0.0,50271.0
1719348584.5366404,0.0,50271.0
1719348584.6886544,0.0,50271.0
1719348584.838808,0.0,50271.0
1719348585.0481708,0.0,50271.0
1719348585.2030067,0.0,50271.0
1719348585.3553054,0.0,50271.0
1719348585.5076835,0.0,50271.0
1719348585.6594253,0.0,50271.0
1719348585.8133368,0.0,50271.0
1719348585.9635618,0.0,50271.0
1719348586.114379,0.0,50271.0
1719348586.2669823,0.0,50271.0
1719348586.419558,0.0,50271.0
1719348586.5715044,0.0,50271.0
1719348586.7219634,0.0,50271.0
1719348586.8767161,0.0,50271.0
1719348587.0281403,0.0,50271.0
1719348587.1767616,0.0,50271.0
1719348587.3232684,0.0,50271.0
1719348587.4687963,0.0,50271.0
1719348587.6144123,0.0,50271.0
1719348587.7579417,0.0,50271.0
1719348587.9018323,0.0,50271.0
1719348588.0469158,0.0,50271.0
1719348588.1975224,0.0,50271.0
1719348588.3514218,0.0,50271.0
1719348588.5034728,0.0,50271.0
1719348588.6551437,0.0,50271.0
1719348588.8098905,0.0,50271.0
1719348588.9597955,0.0,50271.0
1719348589.10989,0.0,50271.0
1719348589.2569368,0.0,50271.0
1719348589.4077406,0.0,50271.0
1719348589.5606446,0.0,50271.0
1719348589.7144413,0.0,50271.0
1719348589.863939,0.0,50271.0
1719348590.0125754,0.0,50271.0
1719348590.1648135,0.0,50271.0
1719348590.3145785,0.0,50271.0
1719348590.470182,0.0,50271.0
1719348590.6216412,0.0,50271.0
1719348590.7726288,0.0,50271.0
1719348590.9248698,0.0,50271.0
1719348591.0770679,0.0,50271.0
1719348591.2316744,0.0,50271.0
1719348591.3820074,0.0,50271.0
1719348591.5278206,0.0,50271.0
1719348591.6759057,0.0,50271.0
1719348591.8227112,0.0,50271.0
1719348591.9681766,0.0,50271.0
1719348592.1117327,0.0,50271.0
1719348592.2548227,0.0,50271.0
1719348592.3959823,0.0,50271.0
1719348592.544685,0.0,50271.0
1719348592.6989336,0.0,50271.0
1719348592.851285,0.0,50271.0
1719348593.0017798,0.0,50271.0
1719348593.1494968,0.0,50271.0
1719348593.2978742,0.0,50271.0
1719348593.4436278,0.0,50271.0
1719348593.5915213,0.0,50271.0
1719348593.7373445,0.0,50271.0
1719348593.8874586,0.0,50271.0
1719348594.039685,0.0,50271.0
1719348594.1934502,0.0,50271.0
1719348594.3435671,0.0,50271.0
1719348594.4956334,0.0,50271.0
1719348594.6472754,0.0,50271.0
1719348594.796397,0.0,50271.0
1719348594.946895,0.0,50271.0
1719348595.099391,0.0,50271.0
1719348595.250658,0.0,50271.0
1719348595.4014244,0.0,50271.0
1719348595.5522044,0.0,50271.0
1719348595.7067308,0.0,50271.0
1719348595.8579204,0.0,50271.0
1719348596.006309,0.0,50271.0
1719348596.1535082,0.0,50271.0
1719348596.2997332,0.0,50271.0
1719348596.4453666,0.0,50271.0
1719348596.5888872,0.0,50271.0
1719348596.7355123,0.0,50271.0
1719348596.8806,0.0,50271.0
1719348597.029832,0.0,50271.0
1719348597.1838942,0.0,50271.0
1719348597.3339932,0.0,50271.0
1719348597.4828236,0.0,50271.0
1719348597.6325283,0.0,50271.0
1719348597.7796311,0.0,50271.0
1719348597.9316769,0.0,50271.0
1719348598.0814085,0.0,50271.0
1719348598.229616,0.0,50271.0
1719348598.3857903,0.0,50271.0
1719348598.538154,0.0,50271.0
1719348598.689311,0.0,50271.0
1719348598.841503,0.0,50271.0
1719348598.9912717,0.0,50271.0
1719348599.1434655,0.0,50271.0
1719348599.2934136,0.0,50271.0
1719348599.4429,0.0,50271.0
1719348599.5939193,0.0,50271.0
1719348599.7459772,0.0,50271.0
1719348599.9005816,0.0,50271.0
1719348600.053528,0.0,50271.0
1719348600.2053523,0.0,50271.0
1719348600.353015,0.0,50271.0
1719348600.4997983,0.0,50271.0
1719348600.6452513,0.0,50271.0
1719348600.7866135,0.0,50271.0
1719348600.9286792,0.0,50271.0
1719348601.072367,0.0,50271.0
1719348601.2393382,0.0,50271.0
1719348601.3936367,0.0,50271.0
1719348601.5466218,0.0,50271.0
1719348601.6975224,0.0,50271.0
1719348601.8464756,0.0,50271.0
1719348601.9955118,0.0,50271.0
1719348602.1423879,0.0,50271.0
1719348602.291596,0.0,50271.0
1719348602.4374313,0.0,50271.0
1719348602.5865293,0.0,50271.0
1719348602.7401445,0.0,50271.0
1719348602.9129024,0.0,50271.0
1719348603.0643232,0.0,50271.0
1719348603.2159886,0.0,50271.0
1719348603.3665879,0.0,50271.0
1719348603.5175378,0.0,50271.0
1719348603.6655915,0.0,50271.0
1719348603.8160117,0.0,50271.0
1719348603.9664888,0.0,50271.0
1719348604.1143467,0.0,50271.0
1719348604.2675996,0.0,50271.0
1719348604.4219005,0.0,50271.0
1719348604.5731473,0.0,50271.0
1719348604.718915,0.0,50271.0
1719348604.8663511,0.0,50271.0
1719348605.0156827,0.0,50271.0
1719348605.162178,0.0,50271.0
1719348605.3060954,0.0,50271.0
1719348605.4498994,0.0,50271.0
1719348605.592478,0.0,50271.0
1719348605.740386,0.0,50271.0
1719348605.893209,0.0,50271.0
1719348606.0455065,0.0,50271.0
1719348606.1954174,0.0,50271.0
1719348606.3439975,0.0,50271.0
1719348606.4931283,0.0,50271.0
1719348606.6384451,0.0,50271.0
1719348606.7881956,0.0,50271.0
1719348606.934864,0.0,50271.0
1719348607.0844982,0.0,50271.0
1719348607.2383282,0.0,50271.0
1719348607.3913794,0.0,50271.0
1719348607.544588,0.0,50271.0
1719348607.6967788,0.0,50271.0
1719348607.8462937,0.0,50271.0
1719348607.9997435,0.0,50271.0
1719348608.1501687,0.0,50271.0
1719348608.2977803,0.0,50271.0
1719348608.4519958,0.0,50271.0
1719348608.6019046,0.0,50271.0
1719348608.7545521,0.0,50271.0
1719348608.9066985,0.0,50271.0
1719348609.0592697,0.0,50271.0
1719348609.2055655,0.0,50271.0
1719348609.353596,0.0,50271.0
1719348609.4971836,0.0,50271.0
1719348609.638912,0.0,50271.0
1719348609.7803638,0.0,50271.0
1719348609.923339,0.0,50271.0
1719348610.0729196,0.0,50271.0
1719348610.224821,0.0,50271.0
1719348610.380848,0.0,50271.0
1719348610.531481,0.0,50271.0
1719348610.6798236,0.0,50271.0
1719348610.8269875,0.0,50271.0
1719348610.9738598,0.0,50271.0
1719348611.1241252,0.0,50271.0
1719348611.2706776,0.0,50271.0
1719348611.4190235,0.0,50271.0
1719348611.5729964,0.0,50271.0
1719348611.7254543,0.0,50271.0
1719348611.8759022,0.0,50271.0
1719348612.0306396,0.0,50271.0
1719348612.180235,0.0,50271.0
1719348612.3341749,0.0,50271.0
1719348612.4853532,0.0,50271.0
1719348612.6344712,0.0,50271.0
1719348612.7877629,0.0,50271.0
1719348612.9416716,0.0,50271.0
1719348613.095446,0.0,50271.0
1719348613.2491045,0.0,50271.0
1719348613.3985565,0.0,50271.0
1719348613.5458722,0.0,50271.0
1719348613.692182,0.0,50271.0
1719348613.836347,0.0,50271.0
1719348613.9771883,0.0,50271.0
1719348614.119942,0.0,50271.0
1719348614.2654793,0.0,50271.0
1719348614.4157379,0.0,50271.0
1719348614.5688581,0.0,50271.0
1719348614.724542,0.0,50271.0
1719348614.8746705,0.0,50271.0
1719348615.0239472,0.0,50271.0
1719348615.1721516,0.0,50271.0
1719348615.3181188,0.0,50271.0
1719348615.4654021,0.0,50271.0
1719348615.6294653,0.0,50271.0
1719348615.7773938,0.0,50271.0
1719348615.9319801,0.0,50271.0
1719348616.0838697,0.0,50271.0
1719348616.2386553,0.0,50271.0
1719348616.3913393,0.0,50271.0
1719348616.5420322,0.0,50271.0
1719348616.6911275,0.0,50271.0
1719348616.840568,0.0,50271.0
1719348616.991757,0.0,50271.0
1719348617.143447,0.0,50271.0
1719348617.2942786,0.0,50271.0
1719348617.4475453,0.0,50271.0
1719348617.600312,0.0,50271.0
1719348617.750685,0.0,50271.0
1719348617.8980398,0.0,50271.0
1719348618.0451293,0.0,50271.0
1719348618.191735,0.0,50271.0
1719348618.3352008,0.0,50271.0
1719348618.4775245,0.0,50271.0
1719348618.620892,0.0,50271.0
1719348618.7621841,0.0,50271.0
1719348618.911079,0.0,50271.0
1719348619.067397,0.0,50271.0
1719348619.219809,0.0,50271.0
1719348619.371449,0.0,50271.0
1719348619.5206366,0.0,50271.0
1719348619.6681163,0.0,50271.0
1719348619.8183386,0.0,50271.0
1719348619.9661674,0.0,50271.0
1719348620.113582,0.0,50271.0
1719348620.2694626,0.0,50271.0
1719348620.422522,0.0,50271.0
1719348620.5722604,0.0,50271.0
1719348620.7266743,0.0,50271.0
1719348620.8786907,0.0,50271.0
1719348621.031872,0.0,50271.0
1719348621.182233,0.0,50271.0
1719348621.3351862,0.0,50271.0
1719348621.4857497,0.0,50271.0
1719348621.6375587,0.0,50271.0
1719348621.7876654,0.0,50271.0
1719348621.9445682,0.0,50271.0
1719348622.0951636,0.0,50271.0
1719348622.24453,0.0,50271.0
1719348622.3904445,0.0,50271.0
1719348622.5379014,0.0,50271.0
1719348622.6824408,0.0,50271.0
1719348622.8271892,0.0,50271.0
1719348622.9708948,0.0,50271.0
1719348623.1132948,0.0,50271.0
1719348623.2644098,0.0,50271.0
1719348623.4189672,0.0,50271.0
1719348623.5723698,0.0,50271.0
1719348623.7250488,0.0,50271.0
1719348623.8763998,0.0,50271.0
1719348624.0256188,0.0,50271.0
1719348624.1781564,0.0,50271.0
1719348624.3277407,0.0,50271.0
1719348624.4789505,0.0,50271.0
1719348624.6322575,0.0,50271.0
1719348624.7848625,0.0,50271.0
1719348624.937317,0.0,50271.0
1719348625.0908933,0.0,50271.0
1719348625.2425225,0.0,50271.0
1719348625.3928106,0.0,50271.0
1719348625.5421875,0.0,50271.0
1719348625.6935341,0.0,50271.0
1719348625.8434048,0.0,50271.0
1719348625.9939811,0.0,50271.0
1719348626.1457334,0.0,50271.0
1719348626.2985594,0.0,50271.0
1719348626.4498286,0.0,50271.0
1719348626.5967066,0.0,50271.0
1719348626.743298,0.0,50271.0
1719348626.8901684,0.0,50271.0
1719348627.0372567,0.0,50271.0
1719348627.1821113,0.0,50271.0
1719348627.3255057,0.0,50271.0
1719348627.4664764,0.0,50271.0
1719348627.6172252,0.0,50271.0
1719348627.7677128,0.0,50271.0
1719348627.92125,0.0,50271.0
1719348628.0723677,0.0,50271.0
1719348628.2238102,0.0,50271.0
1719348628.3724985,0.0,50271.0
1719348628.522363,0.0,50271.0
1719348628.6709058,0.0,50271.0
1719348628.817826,0.0,50271.0
1719348628.9721236,0.0,50271.0
1719348629.1261775,0.0,50271.0
1719348629.2790806,0.0,50271.0
1719348629.4307306,0.0,50271.0
1719348629.5833955,0.0,50271.0
1719348629.7318912,0.0,50271.0
1719348629.8819976,0.0,50271.0
1719348630.0342526,0.0,50271.0
1719348630.182644,0.0,50271.0
1719348630.3324466,0.0,50271.0
1719348630.4861197,0.0,50271.0
1719348630.6394544,0.0,50271.0
1719348630.7895124,0.0,50271.0
1719348630.9370346,0.0,50271.0
1719348631.082313,0.0,50271.0
1719348631.2284088,0.0,50271.0
1719348631.372445,0.0,50271.0
1719348631.5149612,0.0,50271.0
1719348631.6591058,0.0,50271.0
1719348631.8006992,0.0,50271.0
1719348631.9492614,0.0,50271.0
1719348632.103318,0.0,50271.0
1719348632.2559476,0.0,50271.0
1719348632.4077685,0.0,50271.0
1719348632.557674,0.0,50271.0
1719348632.7064812,0.0,50271.0
1719348632.8568485,0.0,50271.0
1719348633.0046737,0.0,50271.0
1719348633.1521442,0.0,50271.0
1719348633.3057477,0.0,50271.0
1719348633.4590993,0.0,50271.0
1719348633.6121774,0.0,50271.0
1719348633.7640955,0.0,50271.0
1719348633.9175522,0.0,50271.0
1719348634.0683942,0.0,50271.0
1719348634.2190218,0.0,50271.0
1719348634.3706965,0.0,50271.0
1719348634.5226593,0.0,50271.0
1719348634.6736128,0.0,50271.0
1719348634.823621,0.0,50271.0
1719348634.9763863,0.0,50271.0
1719348635.1289482,0.0,50271.0
1719348635.2791345,0.0,50271.0
1719348635.4274433,0.0,50271.0
1719348635.5738182,0.0,50271.0
1719348635.722139,0.0,50271.0
1719348635.8658168,0.0,50271.0
1719348636.0089414,0.0,50271.0
1719348636.151672,0.0,50271.0
1719348636.300606,0.0,50271.0
1719348636.455187,0.0,50271.0
1719348636.6069033,0.0,50271.0
1719348636.7600143,0.0,50271.0
1719348636.9093752,0.0,50271.0
1719348637.1319487,0.0,50271.0
1719348637.2824018,0.0,50271.0
1719348637.4346387,0.0,50271.0
1719348637.603347,0.0,50271.0
1719348637.7562525,0.0,50271.0
1719348637.910216,0.0,50271.0
1719348638.060259,0.0,50271.0
1719348638.2146766,0.0,50271.0
1719348638.3649812,0.0,50271.0
1719348638.516414,0.0,50271.0
1719348638.6666424,0.0,50271.0
1719348638.8166287,0.0,50271.0
1719348638.9693396,0.0,50271.0
1719348639.1207788,0.0,50271.0
1719348639.271934,0.0,50271.0
1719348639.4193194,0.0,50271.0
1719348639.5674253,0.0,50271.0
1719348639.7220628,0.0,50271.0
1719348639.8707712,0.0,50271.0
1719348640.0201201,0.0,50271.0
1719348640.1707008,0.0,50271.0
1719348640.3192346,0.0,50271.0
1719348640.464996,0.0,50271.0
1719348640.6155481,0.0,50271.0
1719348640.7710557,0.0,50271.0
1719348640.923159,0.0,50271.0
1719348641.0756488,0.0,50271.0
1719348641.2248285,0.0,50271.0
1719348641.3732219,0.0,50271.0
1719348641.5241148,0.0,50271.0
1719348641.6713378,0.0,50271.0
1719348641.818269,0.0,50271.0
1719348641.9755697,0.0,50271.0
1719348642.1289096,0.0,50271.0
1719348642.2826643,0.0,50271.0
1719348642.4353974,0.0,50271.0
1719348642.588475,0.0,50271.0
1719348642.737379,0.0,50271.0
1719348642.8861504,0.0,50271.0
1719348643.037878,0.0,50271.0
1719348643.186962,0.0,50271.0
1719348643.3367348,0.0,50271.0
1719348643.500419,0.0,50271.0
1719348643.653314,0.0,50271.0
1719348643.8022597,0.0,50271.0
1719348643.9489412,0.0,50271.0
1719348644.0959258,0.0,50271.0
1719348644.2445421,0.0,50271.0
1719348644.3902996,0.0,50271.0
1719348644.5346718,0.0,50271.0
1719348644.6783118,0.0,50271.0
1719348644.8225458,0.0,50271.0
1719348644.9717216,0.0,50271.0
1719348645.126813,0.0,50271.0
1719348645.2785795,0.0,50271.0
1719348645.4301689,0.0,50271.0
1719348645.579802,0.0,50271.0
1719348645.730224,0.0,50271.0
1719348645.8814387,0.0,50271.0
1719348646.0288525,0.0,50271.0
1719348646.1772814,0.0,50271.0
1719348646.3273942,0.0,50271.0
1719348646.4807506,0.0,50271.0
1719348646.632195,0.0,50271.0
1719348646.7872078,0.0,50271.0
1719348646.9395344,0.0,50271.0
1719348647.0923076,0.0,50271.0
1719348647.2437744,0.0,50271.0
1719348647.3977115,0.0,50271.0
1719348647.5458891,0.0,50271.0
1719348647.6978931,0.0,50271.0
1719348647.8497012,0.0,50271.0
1719348648.001628,0.0,50271.0
1719348648.1558924,0.0,50271.0
1719348648.3080344,0.0,50271.0
1719348648.4562898,0.0,50271.0
1719348648.6046576,0.0,50271.0
1719348648.751436,0.0,50271.0
1719348648.8964298,0.0,50271.0
1719348649.0411952,0.0,50271.0
1719348649.188826,0.0,50271.0
1719348649.3331478,0.0,50271.0
1719348649.4839365,0.0,50271.0
1719348649.6363354,0.0,50271.0
1719348649.78928,0.0,50271.0
1719348649.9421601,0.0,50271.0
1719348650.0924318,0.0,50271.0
1719348650.2430956,0.0,50271.0
1719348650.3932254,0.0,50271.0
1719348650.5414917,0.0,50271.0
1719348650.6884198,0.0,50271.0
1719348650.8407845,0.0,50271.0
1719348650.9933653,0.0,50271.0
1719348651.1444511,0.0,50271.0
1719348651.29734,0.0,50271.0
1719348651.4505382,0.0,50271.0
1719348651.6040545,0.0,50271.0
1719348651.7564385,0.0,50271.0
1719348651.9078498,0.0,50271.0
1719348652.0567544,0.0,50271.0
1719348652.2098458,0.0,50271.0
1719348652.3617244,0.0,50271.0
1719348652.5192022,0.0,50271.0
1719348652.6705222,0.0,50271.0
1719348652.8224368,0.0,50271.0
1719348652.9712245,0.0,50271.0
1719348653.1184797,0.0,50271.0
1719348653.265312,0.0,50271.0
1719348653.4131584,0.0,50271.0
1719348653.5581458,0.0,50271.0
1719348653.7020388,0.0,50271.0
1719348653.8505785,0.0,50271.0
1719348654.003499,0.0,50271.0
1719348654.1585298,0.0,50271.0
1719348654.3091044,0.0,50271.0
1719348654.4601066,0.0,50271.0
1719348654.6084158,0.0,50271.0
1719348654.7554367,0.0,50271.0
1719348654.902901,0.0,50271.0
1719348655.050938,0.0,50271.0
1719348655.199672,0.0,50271.0
1719348655.3534508,0.0,50271.0
1719348655.5071912,0.0,50271.0
1719348655.6592813,0.0,50271.0
1719348655.8139353,0.0,50271.0
1719348655.9665053,0.0,50271.0
1719348656.1207783,0.0,50271.0
1719348656.2719061,0.0,50271.0
1719348656.4231822,0.0,50271.0
1719348656.5759377,0.0,50271.0
1719348656.7291112,0.0,50271.0
1719348656.8823633,0.0,50271.0
1719348657.0364652,0.0,50271.0
1719348657.1882262,0.0,50271.0
1719348657.3369544,0.0,50271.0
1719348657.4838543,0.0,50271.0
1719348657.6324315,0.0,50271.0
1719348657.7757015,0.0,50271.0
1719348657.9193,0.0,50271.0
1719348658.0632787,0.0,50271.0
1719348658.2116306,0.0,50271.0
1719348658.3626986,0.0,50271.0
1719348658.5157268,0.0,50271.0
1719348658.6669652,0.0,50271.0
1719348658.8170238,0.0,50271.0
1719348658.9674935,0.0,50271.0
1719348659.1189718,0.0,50271.0
1719348659.2694163,0.0,50271.0
1719348659.416545,0.0,50271.0
1719348659.5697467,0.0,50271.0
1719348659.7226293,0.0,50271.0
1719348659.876453,0.0,50271.0
1719348660.0280275,0.0,50271.0
1719348660.1831696,0.0,50271.0
1719348660.3345277,0.0,50271.0
1719348660.485407,0.0,50271.0
1719348660.6361926,0.0,50271.0
1719348660.7873876,0.0,50271.0
1719348660.939042,0.0,50271.0
1719348661.087724,0.0,50271.0
1719348661.2394085,0.0,50271.0
1719348661.3942251,0.0,50271.0
1719348661.5446196,0.0,50271.0
1719348661.6903417,0.0,50271.0
1719348661.8369672,0.0,50271.0
1719348661.9833689,0.0,50271.0
1719348662.129893,0.0,50271.0
1719348662.273961,0.0,50271.0
1719348662.4204187,0.0,50271.0
1719348662.5643318,0.0,50271.0
1719348662.714369,0.0,50271.0
1719348662.8676336,0.0,50271.0
1719348663.0197577,0.0,50271.0
1719348663.170899,0.0,50271.0
1719348663.3199577,0.0,50271.0
1719348663.4688525,0.0,50271.0
1719348663.6197302,0.0,50271.0
1719348663.7680438,0.0,50271.0
1719348663.9162443,0.0,50271.0
1719348664.0732284,0.0,50271.0
1719348664.2267485,0.0,50271.0
1719348664.3797767,0.0,50271.0
1719348664.5330343,0.0,50271.0
1719348664.6870723,0.0,50271.0
1719348664.83668,0.0,50271.0
1719348664.987413,0.0,50271.0
1719348665.1399126,0.0,50271.0
1719348665.2894754,0.0,50271.0
1719348665.4394119,0.0,50271.0
1719348665.5900178,0.0,50271.0
1719348665.7434082,0.0,50271.0
1719348665.8951404,0.0,50271.0
1719348666.042754,0.0,50271.0
1719348666.1891937,0.0,50271.0
1719348666.337603,0.0,50271.0
1719348666.4853685,0.0,50271.0
1719348666.629943,0.0,50271.0
1719348666.7752576,0.0,50271.0
1719348666.9194348,0.0,50271.0
1719348667.0695186,0.0,50271.0
1719348667.2249212,0.0,50271.0
1719348667.3784778,0.0,50271.0
1719348667.5308967,0.0,50271.0
1719348667.6807215,0.0,50271.0
1719348667.8292437,0.0,50271.0
1719348667.9812324,0.0,50271.0
1719348668.1296213,0.0,50271.0
1719348668.2799125,0.0,50271.0
1719348668.43588,0.0,50271.0
1719348668.5901177,0.0,50271.0
1719348668.7420588,0.0,50271.0
1719348668.8964396,0.0,50271.0
1719348669.0466568,0.0,50271.0
1719348669.1969998,0.0,50271.0
1719348669.347275,0.0,50271.0
1719348669.4987426,0.0,50271.0
1719348669.6494572,0.0,50271.0
1719348669.8023567,0.0,50271.0
1719348669.9586482,0.0,50271.0
1719348670.1125276,0.0,50271.0
1719348670.2639742,0.0,50271.0
1719348670.4157844,0.0,50271.0
1719348670.5637188,0.0,50271.0
1719348670.709853,0.0,50271.0
1719348670.853656,0.0,50271.0
1719348670.9961839,0.0,50271.0
1719348671.138439,0.0,50271.0
1719348671.28183,0.0,50271.0
1719348671.4311364,0.0,50271.0
1719348671.585634,0.0,50271.0
1719348671.7447555,0.0,50271.0
1719348671.8952572,0.0,50271.0
1719348672.0430999,0.0,50271.0
1719348672.1926177,0.0,50271.0
1719348672.3397434,0.0,50271.0
1719348672.4885402,0.0,50271.0
1719348672.6354413,0.0,50271.0
1719348672.7882001,0.0,50271.0
1719348672.9399943,0.0,50271.0
1719348673.0982587,0.0,50271.0
1719348673.2493303,0.0,50271.0
1719348673.401742,0.0,50271.0
1719348673.552951,0.0,50271.0
1719348673.7039568,0.0,50271.0
1719348673.8584542,0.0,50271.0
1719348674.0109625,0.0,50271.0
1719348674.1642685,0.0,50271.0
1719348674.316947,0.0,50271.0
1719348674.4677002,0.0,50271.0
1719348674.6218305,0.0,50271.0
1719348674.774034,0.0,50271.0
1719348674.9239972,0.0,50271.0
1719348675.0721703,0.0,50271.0
1719348675.220536,0.0,50271.0
1719348675.364961,0.0,50271.0
1719348675.5089524,0.0,50271.0
1719348675.6537123,0.0,50271.0
1719348675.7987783,0.0,50271.0
1719348675.9534025,0.0,50271.0
1719348676.1086895,0.0,50271.0
1719348676.26255,0.0,50271.0
1719348676.4113421,0.0,50271.0
1719348676.5625658,0.0,50271.0
1719348676.711568,0.0,50271.0
1719348676.860425,0.0,50271.0
1719348677.0094845,0.0,50271.0
1719348677.1611562,0.0,50271.0
1719348677.3141365,0.0,50271.0
1719348677.4675472,0.0,50271.0
1719348677.6192908,0.0,50271.0
1719348677.7728457,0.0,50271.0
1719348677.9233856,0.0,50271.0
1719348678.0759165,0.0,50271.0
1719348678.2268236,0.0,50271.0
1719348678.3759434,0.0,50271.0
1719348678.5282414,0.0,50271.0
1719348678.6806395,0.0,50271.0
1719348678.8332322,0.0,50271.0
1719348678.9872017,0.0,50271.0
1719348679.1387386,0.0,50271.0
1719348679.2876282,0.0,50271.0
1719348679.4338686,0.0,50271.0
1719348679.5803852,0.0,50271.0
1719348679.7248,0.0,50271.0
1719348679.866529,0.0,50271.0
1719348680.0103137,0.0,50271.0
1719348680.1589212,0.0,50271.0
1719348680.3121195,0.0,50271.0
1719348680.4650512,0.0,50271.0
1719348680.6179285,0.0,50271.0
1719348680.767952,0.0,50271.0
1719348680.917382,0.0,50271.0
1719348681.067499,0.0,50271.0
1719348681.2194173,0.0,50271.0
1719348681.4026647,0.0,50271.0
1719348681.5529346,0.0,50271.0
1719348681.7087915,0.0,50271.0
1719348681.8620787,0.0,50271.0
1719348682.0148382,0.0,50271.0
1719348682.1677692,0.0,50271.0
1719348682.3198745,0.0,50271.0
1719348682.469736,0.0,50271.0
1719348682.6218684,0.0,50271.0
1719348682.7701955,0.0,50271.0
1719348682.9228375,0.0,50271.0
1719348683.0753736,0.0,50271.0
1719348683.229016,0.0,50271.0
1719348683.382831,0.0,50271.0
1719348683.5347185,0.0,50271.0
1719348683.6841838,0.0,50271.0
1719348683.8322358,0.0,50271.0
1719348683.9785373,0.0,50271.0
1719348684.1236637,0.0,50271.0
1719348684.2679043,0.0,50271.0
1719348684.4109054,0.0,50271.0
1719348684.5609882,0.0,50271.0
1719348684.7147038,0.0,50271.0
1719348684.8667612,0.0,50271.0
1719348685.02045,0.0,50271.0
1719348685.1693246,0.0,50271.0
1719348685.3208282,0.0,50271.0
1719348685.4688673,0.0,50271.0
1719348685.6184013,0.0,50271.0
1719348685.7659128,0.0,50271.0
1719348685.916008,0.0,50271.0
1719348686.0701866,0.0,50271.0
1719348686.2249784,0.0,50271.0
1719348686.3799908,0.0,50271.0
1719348686.5330417,0.0,50271.0
1719348686.68497,0.0,50271.0
1719348686.8514388,0.0,50271.0
1719348687.0045075,0.0,50271.0
1719348687.155883,0.0,50271.0
1719348687.3065019,0.0,50271.0
1719348687.458111,0.0,50271.0
1719348687.61349,0.0,50271.0
1719348687.7639935,0.0,50271.0
1719348687.911098,0.0,50271.0
1719348688.0578053,0.0,50271.0
1719348688.2055998,0.0,50271.0
1719348688.3515868,0.0,50271.0
1719348688.4953709,0.0,50271.0
1719348688.639982,0.0,50271.0
1719348688.7825816,0.0,50271.0
1719348688.9324217,0.0,50271.0
1719348689.0852466,0.0,50271.0
1719348689.240819,0.0,50271.0
1719348689.3931818,0.0,50271.0
1719348689.5442672,0.0,50271.0
1719348689.6929255,0.0,50271.0
1719348689.8435493,0.0,50271.0
1719348689.9915922,0.0,50271.0
1719348690.1390095,0.0,50271.0
1719348690.2885513,0.0,50271.0
1719348690.442986,0.0,50271.0
1719348690.594387,0.0,50271.0
1719348690.7623737,0.0,50271.0
1719348690.9144824,0.0,50271.0
1719348691.0657065,0.0,50271.0
1719348691.2177997,0.0,50271.0
1719348691.3694313,0.0,50271.0
1719348691.5188065,0.0,50271.0
1719348691.672093,0.0,50271.0
1719348691.8224719,0.0,50271.0
1719348691.9741647,0.0,50271.0
1719348692.1273506,0.0,50271.0
1719348692.2797852,0.0,50271.0
1719348692.4260104,0.0,50271.0
1719348692.573611,0.0,50271.0
1719348692.7186584,0.0,50271.0
1719348692.864169,0.0,50271.0
1719348693.0130775,0.0,50271.0
1719348693.1584713,0.0,50271.0
1719348693.302355,0.0,50271.0
1719348693.4516048,0.0,50271.0
1719348693.6029038,0.0,50271.0
1719348693.7556732,0.0,50271.0
1719348693.905682,0.0,50271.0
1719348694.0972686,0.0,50271.0
1719348694.2476897,0.0,50271.0
1719348694.397048,0.0,50271.0
1719348694.5472398,0.0,50271.0
1719348694.6946962,0.0,50271.0
1719348694.84512,0.0,50271.0
1719348694.9988384,0.0,50271.0
1719348695.1508706,0.0,50271.0
1719348695.3059893,0.0,50271.0
1719348695.458603,0.0,50271.0
1719348695.6083224,0.0,50271.0
1719348695.760634,0.0,50271.0
1719348695.9113154,0.0,50271.0
1719348696.0611346,0.0,50271.0
1719348696.212473,0.0,50271.0
1719348696.3640895,0.0,50271.0
1719348696.5198767,0.0,50271.0
1719348696.6729357,0.0,50271.0
1719348696.8235302,0.0,50271.0
1719348696.9710286,0.0,50271.0
1719348697.1223257,0.0,50271.0
1719348697.2692935,0.0,50271.0
1719348697.4123192,0.0,50271.0
1719348697.557146,0.0,50271.0
1719348697.701396,0.0,50271.0
1719348697.8497605,0.0,50271.0
1719348698.0032232,0.0,50271.0
1719348698.1580591,0.0,50271.0
1719348698.309205,0.0,50271.0
1719348698.4588902,0.0,50271.0
1719348698.6077826,0.0,50271.0
1719348698.7536242,0.0,50271.0
1719348698.9016879,0.0,50271.0
1719348699.0504007,0.0,50271.0
1719348699.1991174,0.0,50271.0
1719348699.353604,0.0,50271.0
1719348699.5227377,0.0,50271.0
1719348699.6753063,0.0,50271.0
1719348699.8290503,0.0,50271.0
1719348699.9812405,0.0,50271.0
1719348700.1367822,0.0,50271.0
1719348700.2886744,0.0,50271.0
1719348700.439149,0.0,50271.0
1719348700.5924308,0.0,50271.0
1719348700.742883,0.0,50271.0
1719348700.8978443,0.0,50271.0
1719348701.0497174,0.0,50271.0
1719348701.2037678,0.0,50271.0
1719348701.3519733,0.0,50271.0
1719348701.4990394,0.0,50271.0
1719348701.6457124,0.0,50271.0
1719348701.7899566,0.0,50271.0
1719348701.931503,0.0,50271.0
1719348702.0772314,0.0,50271.0
1719348702.2235923,0.0,50271.0
1719348702.37542,0.0,50271.0
1719348702.5317307,0.0,50271.0
1719348702.6834197,0.0,50271.0
1719348702.8310723,0.0,50271.0
1719348702.9807773,0.0,50271.0
1719348703.1294248,0.0,50271.0
1719348703.2788363,0.0,50271.0
1719348703.4260125,0.0,50271.0
1719348703.577429,0.0,50271.0
1719348703.7312078,0.0,50271.0
1719348703.8840299,0.0,50271.0
1719348704.0368805,0.0,50271.0
1719348704.189277,0.0,50271.0
1719348704.3392582,0.0,50271.0
1719348704.5169036,0.0,50271.0
1719348704.667263,0.0,50271.0
1719348704.8183224,0.0,50271.0
1719348704.969418,0.0,50271.0
1719348705.1199172,0.0,50271.0
1719348705.276459,0.0,50271.0
1719348705.4265978,0.0,50271.0
1719348705.5739176,0.0,50271.0
1719348705.719315,0.0,50271.0
1719348705.8709161,0.0,50271.0
1719348706.0181699,0.0,50271.0
1719348706.1613698,0.0,50271.0
1719348706.3071172,0.0,50271.0
1719348706.4510753,0.0,50271.0
1719348706.6026227,0.0,50271.0
1719348706.7567306,0.0,50271.0
1719348706.910419,0.0,50271.0
1719348707.0596461,0.0,50271.0
1719348707.2094352,0.0,50271.0
1719348707.3582542,0.0,50271.0
1719348707.5074816,0.0,50271.0
1719348707.6579838,0.0,50271.0
1719348707.8087068,0.0,50271.0
1719348707.9635422,0.0,50271.0
1719348708.1173902,0.0,50271.0
1719348708.2698016,0.0,50271.0
1719348708.4234216,0.0,50271.0
1719348708.5758793,0.0,50271.0
1719348708.7266264,0.0,50271.0
1719348708.878427,0.0,50271.0
1719348709.0270212,0.0,50271.0
1719348709.1809704,0.0,50271.0
1719348709.3324585,0.0,50271.0
1719348709.4878752,0.0,50271.0
1719348709.6390414,0.0,50271.0
1719348709.7933192,0.0,50271.0
1719348709.9413414,0.0,50271.0
1719348710.088668,0.0,50271.0
1719348710.2338169,0.0,50271.0
1719348710.377474,0.0,50271.0
1719348710.5201328,0.0,50271.0
1719348710.6649027,0.0,50271.0
1719348710.814966,0.0,50271.0
1719348710.9671583,0.0,50271.0
1719348711.120797,0.0,50271.0
1719348711.272742,0.0,50271.0
1719348711.420717,0.0,50271.0
1719348711.5739093,0.0,50271.0
1719348711.7241654,0.0,50271.0
1719348711.8740213,0.0,50271.0
1719348712.0231636,0.0,50271.0
1719348712.1729796,0.0,50271.0
1719348712.3285599,0.0,50271.0
1719348712.4821467,0.0,50271.0
1719348712.634014,0.0,50271.0
1719348712.7823608,0.0,50271.0
1719348712.9341938,0.0,50271.0
1719348713.0891683,0.0,50271.0
1719348713.239794,0.0,50271.0
1719348713.392304,0.0,50271.0
1719348713.5411894,0.0,50271.0
1719348713.6917253,0.0,50271.0
1719348713.8442905,0.0,50271.0
1719348713.9998302,0.0,50271.0
1719348714.1523206,0.0,50271.0
1719348714.3062668,0.0,50271.0
1719348714.4550743,0.0,50271.0
1719348714.60286,0.0,50271.0
1719348714.7490938,0.0,50271.0
1719348714.8935103,0.0,50271.0
1719348715.0389535,0.0,50271.0
1719348715.1818752,0.0,50271.0
1719348715.3333218,0.0,50271.0
1719348715.4853384,0.0,50271.0
1719348715.6394627,0.0,50271.0
1719348715.789527,0.0,50271.0
1719348715.9384367,0.0,50271.0
1719348716.088605,0.0,50271.0
1719348716.2395952,0.0,50271.0
1719348716.386725,0.0,50271.0
1719348716.534513,0.0,50271.0
1719348716.6880746,0.0,50271.0
1719348716.8410714,0.0,50271.0
1719348716.9933093,0.0,50271.0
1719348717.1459668,0.0,50271.0
1719348717.2985091,0.0,50271.0
1719348717.4501739,0.0,50271.0
1719348717.6011662,0.0,50271.0
1719348717.751712,0.0,50271.0
1719348717.9016159,0.0,50271.0
1719348718.0517597,0.0,50271.0
1719348718.20227,0.0,50271.0
1719348718.3559759,0.0,50271.0
1719348718.5089335,0.0,50271.0
1719348718.6562078,0.0,50271.0
1719348718.8024724,0.0,50271.0
1719348718.9488614,0.0,50271.0
1719348719.0929666,0.0,50271.0
1719348719.2343404,0.0,50271.0
1719348719.3817687,0.0,50271.0
1719348719.525355,0.0,50271.0
1719348719.6761587,0.0,50271.0
1719348719.8282418,0.0,50271.0
1719348719.981916,0.0,50271.0
1719348720.1339052,0.0,50271.0
1719348720.2848403,0.0,50271.0
1719348720.4352,0.0,50271.0
1719348720.5854084,0.0,50271.0
1719348720.7352066,0.0,50271.0
1719348720.8828895,0.0,50271.0
1719348721.0342042,0.0,50271.0
1719348721.188296,0.0,50271.0
1719348721.3406048,0.0,50271.0
1719348721.4948769,0.0,50271.0
1719348721.6469924,0.0,50271.0
1719348721.79761,0.0,50271.0
1719348721.9476557,0.0,50271.0
1719348722.0974019,0.0,50271.0
1719348722.2505355,0.0,50271.0
1719348722.4013648,0.0,50271.0
1719348722.5526981,0.0,50271.0
1719348722.7057283,0.0,50271.0
1719348722.8569286,0.0,50271.0
1719348723.0073,0.0,50271.0
1719348723.1540003,0.0,50271.0
1719348723.3019392,0.0,50271.0
1719348723.4466069,0.0,50271.0
1719348723.589934,0.0,50271.0
1719348723.7329159,0.0,50271.0
1719348723.87514,0.0,50271.0
1719348724.0268886,0.0,50271.0
1719348724.180531,0.0,50271.0
1719348724.3356473,0.0,50271.0
1719348724.4884558,0.0,50271.0
1719348724.6385014,0.0,50271.0
1719348724.7876053,0.0,50271.0
1719348724.937234,0.0,50271.0
1719348725.0852501,0.0,50271.0
1719348725.2351725,0.0,50271.0
1719348725.3853338,0.0,50271.0
1719348725.5403748,0.0,50271.0
1719348725.6899385,0.0,50271.0
1719348725.8472188,0.0,50271.0
1719348725.9990554,0.0,50271.0
1719348726.1526792,0.0,50271.0
1719348726.302691,0.0,50271.0
1719348726.455199,0.0,50271.0
1719348726.6067224,0.0,50271.0
1719348726.7565033,0.0,50271.0
1719348726.9067702,0.0,50271.0
1719348727.0605912,0.0,50271.0
1719348727.2107506,0.0,50271.0
1719348727.3593564,0.0,50271.0
1719348727.5067806,0.0,50271.0
1719348727.6532478,0.0,50271.0
1719348727.8004773,0.0,50271.0
1719348727.9457939,0.0,50271.0
1719348728.0899315,0.0,50271.0
1719348728.233236,0.0,50271.0
1719348728.3839014,0.0,50271.0
1719348728.5378308,0.0,50271.0
1719348728.6911345,0.0,50271.0
1719348728.8419197,0.0,50271.0
1719348728.9928772,0.0,50271.0
1719348729.143829,0.0,50271.0
1719348729.292964,0.0,50271.0
1719348729.4434905,0.0,50271.0
1719348729.5900905,0.0,50271.0
1719348729.741048,0.0,50271.0
1719348729.8927078,0.0,50271.0
1719348730.0463,0.0,50271.0
1719348730.2042644,0.0,50271.0
1719348730.3578286,0.0,50271.0
1719348730.5089645,0.0,50271.0
1719348730.6609397,0.0,50271.0
1719348730.8108552,0.0,50271.0
1719348730.961103,0.0,50271.0
1719348731.1116333,0.0,50271.0
1719348731.2778604,0.0,50271.0
1719348731.4316459,0.0,50271.0
1719348731.5840592,0.0,50271.0
1719348731.7327704,0.0,50271.0
1719348731.8813214,0.0,50271.0
1719348732.029277,0.0,50271.0
1719348732.175398,0.0,50271.0
1719348732.3189337,0.0,50271.0
1719348732.462137,0.0,50271.0
1719348732.6045403,0.0,50271.0
1719348732.7545035,0.0,50271.0
1719348732.9079936,0.0,50271.0
1719348733.0612757,0.0,50271.0
1719348733.214499,0.0,50271.0
1719348733.3645391,0.0,50271.0
1719348733.5133154,0.0,50271.0
1719348733.6643002,0.0,50271.0
1719348733.8118608,0.0,50271.0
1719348733.96083,0.0,50271.0
1719348734.1144989,0.0,50271.0
1719348734.2675774,0.0,50271.0
1719348734.4219568,0.0,50271.0
1719348734.5756528,0.0,50271.0
1719348734.7293558,0.0,50271.0
1719348734.8796062,0.0,50271.0
1719348735.0315876,0.0,50271.0
1719348735.1841712,0.0,50271.0
1719348735.3332326,0.0,50271.0
1719348735.4841802,0.0,50271.0
1719348735.634869,0.0,50271.0
1719348735.7872941,0.0,50271.0
1719348735.9380858,0.0,50271.0
1719348736.0854282,0.0,50271.0
1719348736.2314844,0.0,50271.0
1719348736.3805695,0.0,50271.0
1719348736.526871,0.0,50271.0
1719348736.6694863,0.0,50271.0
1719348736.8137767,0.0,50271.0
1719348736.95478,0.0,50271.0
1719348737.1036477,0.0,50271.0
1719348737.2540572,0.0,50271.0
1719348737.4080482,0.0,50271.0
1719348737.5587,0.0,50271.0
1719348737.7083025,0.0,50271.0
1719348737.8580132,0.0,50271.0
1719348738.00666,0.0,50271.0
1719348738.156836,0.0,50271.0
1719348738.304918,0.0,50271.0
1719348738.4533865,0.0,50271.0
1719348738.6069055,0.0,50271.0
1719348738.7606225,0.0,50271.0
1719348738.9126043,0.0,50271.0
1719348739.0670016,0.0,50271.0
1719348739.2177696,0.0,50271.0
1719348739.3699312,0.0,50271.0
1719348739.520141,0.0,50271.0
1719348739.6731524,0.0,50271.0
1719348739.8224156,0.0,50271.0
1719348739.9737856,0.0,50271.0
1719348740.1238742,0.0,50271.0
1719348740.2786906,0.0,50271.0
1719348740.4308832,0.0,50271.0
1719348740.579662,0.0,50271.0
1719348740.727249,0.0,50271.0
1719348740.8741493,0.0,50271.0
1719348741.0213132,0.0,50271.0
1719348741.1668024,0.0,50271.0
1719348741.3117514,0.0,50271.0
1719348741.4558845,0.0,50271.0
1719348741.6066537,0.0,50271.0
1719348741.75734,0.0,50271.0
1719348741.9087808,0.0,50271.0
1719348742.0634072,0.0,50271.0
1719348742.2129369,0.0,50271.0
1719348742.3626823,0.0,50271.0
1719348742.5122757,0.0,50271.0
1719348742.6627688,0.0,50271.0
1719348742.81308,0.0,50271.0
1719348742.9646962,0.0,50271.0
1719348743.118538,0.0,50271.0
1719348743.2716234,0.0,50271.0
1719348743.426449,0.0,50271.0
1719348743.5801284,0.0,50271.0
1719348743.7304335,0.0,50271.0
1719348743.8810785,0.0,50271.0
1719348744.0323296,0.0,50271.0
1719348744.1818304,0.0,50271.0
1719348744.3336878,0.0,50271.0
1719348744.4849062,0.0,50271.0
1719348744.6401558,0.0,50271.0
1719348744.7903254,0.0,50271.0
1719348744.9359252,0.0,50271.0
1719348745.0834916,0.0,50271.0
1719348745.230589,0.0,50271.0
1719348745.3776314,0.0,50271.0
1719348745.5211623,0.0,50271.0
1719348745.6651998,0.0,50271.0
1719348745.8070965,0.0,50271.0
1719348745.9567454,0.0,50271.0
1719348746.1077526,0.0,50271.0
1719348746.2624245,0.0,50271.0
1719348746.4136999,0.0,50271.0
1719348746.5623066,0.0,50271.0
1719348746.7111769,0.0,50271.0
1719348746.856156,0.0,50271.0
1719348747.004472,0.0,50271.0
1719348747.1511614,0.0,50271.0
1719348747.3007383,0.0,50271.0
1719348747.4541497,0.0,50271.0
1719348747.608009,0.0,50271.0
1719348747.7588859,0.0,50271.0
1719348747.91154,0.0,50271.0
1719348748.0626888,0.0,50271.0
1719348748.2147262,0.0,50271.0
1719348748.368135,0.0,50271.0
1719348748.5162709,0.0,50271.0
1719348748.6695964,0.0,50271.0
1719348748.8194797,0.0,50271.0
1719348748.9731507,0.0,50271.0
1719348749.1239872,0.0,50271.0
1719348749.2745256,0.0,50271.0
1719348749.42265,0.0,50271.0
1719348749.5705764,0.0,50271.0
1719348749.7166083,0.0,50271.0
1719348749.8622763,0.0,50271.0
1719348750.0048962,0.0,50271.0
1719348750.148892,0.0,50271.0
1719348750.2950447,0.0,50271.0
1719348750.4454544,0.0,50271.0
1719348750.5990925,0.0,50271.0
1719348750.7512436,0.0,50271.0
1719348750.9011495,0.0,50271.0
1719348751.0505693,0.0,50271.0
1719348751.1983616,0.0,50271.0
1719348751.3481538,0.0,50271.0
1719348751.491852,0.0,50271.0
1719348751.6379707,0.0,50271.0
1719348751.7909765,0.0,50271.0
1719348751.9464614,0.0,50271.0
1719348752.095871,0.0,50271.0
1719348752.2499878,0.0,50271.0
1719348752.4336946,0.0,50271.0
1719348752.5874038,0.0,50271.0
1719348752.748913,0.0,50271.0
1719348752.8990188,0.0,50271.0
1719348753.0512607,0.0,50271.0
1719348753.2027643,0.0,50271.0
1719348753.3594456,0.0,50271.0
1719348753.5106783,0.0,50271.0
1719348753.6619213,0.0,50271.0
1719348753.807643,0.0,50271.0
1719348753.9551203,0.0,50271.0
1719348754.1006122,0.0,50271.0
1719348754.2423909,0.0,50271.0
1719348754.3854456,0.0,50271.0
1719348754.5294127,0.0,50271.0
1719348754.6779375,0.0,50271.0
1719348754.8297303,0.0,50271.0
1719348754.9820724,0.0,50271.0
1719348755.1430006,0.0,50271.0
1719348755.2906015,0.0,50271.0
1719348755.4400024,0.0,50271.0
1719348755.5872514,0.0,50271.0
1719348755.7340713,0.0,50271.0
1719348755.879584,0.0,50271.0
1719348756.0303276,0.0,50271.0
1719348756.1840973,0.0,50271.0
1719348756.3387322,0.0,50271.0
1719348756.4913177,0.0,50271.0
1719348756.644855,0.0,50271.0
1719348756.7971814,0.0,50271.0
1719348756.9483678,0.0,50271.0
1719348757.1000874,0.0,50271.0
1719348757.2523546,0.0,50271.0
1719348757.4051943,0.0,50271.0
1719348757.5552423,0.0,50271.0
1719348757.7051475,0.0,50271.0
1719348757.8588316,0.0,50271.0
1719348758.0092077,0.0,50271.0
1719348758.1556764,0.0,50271.0
1719348758.3031034,0.0,50271.0
1719348758.449865,0.0,50271.0
1719348758.5961485,0.0,50271.0
1719348758.7406032,0.0,50271.0
1719348758.8850965,0.0,50271.0
1719348759.0282416,0.0,50271.0
1719348759.1771502,0.0,50271.0
1719348759.330962,0.0,50271.0
1719348759.4788694,0.0,50271.0
1719348759.6276407,0.0,50271.0
1719348759.7749465,0.0,50271.0
1719348759.9209208,0.0,50271.0
1719348760.0681508,0.0,50271.0
1719348760.2155538,0.0,50271.0
1719348760.3615925,0.0,50271.0
1719348760.5113761,0.0,50271.0
1719348760.6649196,0.0,50271.0
1719348760.8154643,0.0,50271.0
1719348760.9693346,0.0,50271.0
1719348761.121257,0.0,50271.0
1719348761.2711308,0.0,50271.0
1719348761.4236634,0.0,50271.0
1719348761.5723953,0.0,50271.0
1719348761.721395,0.0,50271.0
1719348761.8706348,0.0,50271.0
1719348762.0215144,0.0,50271.0
1719348762.1772382,0.0,50271.0
1719348762.3282819,0.0,50271.0
1719348762.4752512,0.0,50271.0
1719348762.6231177,0.0,50271.0
1719348762.770888,0.0,50271.0
1719348762.9152188,0.0,50271.0
1719348763.0564866,0.0,50271.0
1719348763.2004735,0.0,50271.0
1719348763.343074,0.0,50271.0
1719348763.4935336,0.0,50271.0
1719348763.6477346,0.0,50271.0
1719348763.801096,0.0,50271.0
1719348763.9523566,0.0,50271.0
1719348764.1003401,0.0,50271.0
1719348764.2501516,0.0,50271.0
1719348764.396867,0.0,50271.0
1719348764.5456045,0.0,50271.0
1719348764.6923792,0.0,50271.0
1719348764.8412123,0.0,50271.0
1719348764.9946322,0.0,50271.0
1719348765.1484807,0.0,50271.0
1719348765.30104,0.0,50271.0
1719348765.455438,0.0,50271.0
1719348765.6060376,0.0,50271.0
1719348765.756071,0.0,50271.0
1719348765.9056413,0.0,50271.0
1719348766.057221,0.0,50271.0
1719348766.2080755,0.0,50271.0
1719348766.3595822,0.0,50271.0
1719348766.512517,0.0,50271.0
1719348766.6641686,0.0,50271.0
1719348766.8127432,0.0,50271.0
1719348766.9613876,0.0,50271.0
1719348767.108344,0.0,50271.0
1719348767.2540178,0.0,50271.0
1719348767.3983405,0.0,50271.0
1719348767.5417,0.0,50271.0
1719348767.6854622,0.0,50271.0
1719348767.8332276,0.0,50271.0
1719348768.0019767,0.0,50271.0
1719348768.1560318,0.0,50271.0
1719348768.306944,0.0,50271.0
1719348768.4576604,0.0,50271.0
1719348768.6070502,0.0,50271.0
1719348768.7569382,0.0,50271.0
1719348768.9064257,0.0,50271.0
1719348769.0546384,0.0,50271.0
1719348769.2079413,0.0,50271.0
1719348769.3629107,0.0,50271.0
1719348769.5144477,0.0,50271.0
1719348769.6679244,0.0,50271.0
1719348769.8184378,0.0,50271.0
1719348769.9673965,0.0,50271.0
1719348770.1173835,0.0,50271.0
1719348770.267503,0.0,50271.0
1719348770.4265842,0.0,50271.0
1719348770.5762324,0.0,50271.0
1719348770.725839,0.0,50271.0
1719348770.8773794,0.0,50271.0
1719348771.027931,0.0,50271.0
1719348771.1764188,0.0,50271.0
1719348771.3238075,0.0,50271.0
1719348771.4708805,0.0,50271.0
1719348771.6160839,0.0,50271.0
1719348771.7583704,0.0,50271.0
1719348771.9019003,0.0,50271.0
1719348772.0470235,0.0,50271.0
1719348772.1975648,0.0,50271.0
1719348772.3513935,0.0,50271.0
1719348772.504585,0.0,50271.0
1719348772.6533797,0.0,50271.0
1719348772.8032682,0.0,50271.0
1719348772.952682,0.0,50271.0
1719348773.103368,0.0,50271.0
1719348773.2503073,0.0,50271.0
1719348773.399039,0.0,50271.0
1719348773.5519533,0.0,50271.0
1719348773.706229,0.0,50271.0
1719348773.8579302,0.0,50271.0
1719348774.0105343,0.0,50271.0
1719348774.1623824,0.0,50271.0
1719348774.31355,0.0,50271.0
1719348774.462315,0.0,50271.0
1719348774.6129246,0.0,50271.0
1719348774.7635958,0.0,50271.0
1719348774.9131536,0.0,50271.0
1719348775.066389,0.0,50271.0
1719348775.2188525,0.0,50271.0
1719348775.3714092,0.0,50271.0
1719348775.5204093,0.0,50271.0
1719348775.6693208,0.0,50271.0
1719348775.816841,0.0,50271.0
1719348775.9627717,0.0,50271.0
1719348776.1075258,0.0,50271.0
1719348776.251592,0.0,50271.0
1719348776.3949087,0.0,50271.0
1719348776.5430613,0.0,50271.0
1719348776.6990666,0.0,50271.0
1719348776.8522792,0.0,50271.0
1719348777.003531,0.0,50271.0
1719348777.1511838,0.0,50271.0
1719348777.300743,0.0,50271.0
1719348777.450535,0.0,50271.0
1719348777.5991855,0.0,50271.0
1719348777.7469418,0.0,50271.0
1719348777.90133,0.0,50271.0
1719348778.054431,0.0,50271.0
1719348778.2077894,0.0,50271.0
1719348778.3615289,0.0,50271.0
1719348778.5144546,0.0,50271.0
1719348778.6647544,0.0,50271.0
1719348778.8123572,0.0,50271.0
1719348778.9618688,0.0,50271.0
1719348779.112666,0.0,50271.0
1719348779.2630212,0.0,50271.0
1719348779.4153893,0.0,50271.0
1719348779.5683246,0.0,50271.0
1719348779.7220457,0.0,50271.0
1719348779.871106,0.0,50271.0
1719348780.0179522,0.0,50271.0
1719348780.1672702,0.0,50271.0
1719348780.3137062,0.0,50271.0
1719348780.459666,0.0,50271.0
1719348780.602056,0.0,50271.0
1719348780.7465842,0.0,50271.0
1719348780.8898711,0.0,50271.0
1719348781.0387886,0.0,50271.0
1719348781.1917834,0.0,50271.0
1719348781.3454928,0.0,50271.0
1719348781.4966125,0.0,50271.0
1719348781.6474714,0.0,50271.0
1719348781.7963471,0.0,50271.0
1719348781.945451,0.0,50271.0
1719348782.094826,0.0,50271.0
1719348782.241497,0.0,50271.0
1719348782.394336,0.0,50271.0
1719348782.5483422,0.0,50271.0
1719348782.6984289,0.0,50271.0
1719348782.852865,0.0,50271.0
1719348783.0050912,0.0,50271.0
1719348783.1552317,0.0,50271.0
1719348783.3053045,0.0,50271.0
1719348783.455563,0.0,50271.0
1719348783.6076872,0.0,50271.0
1719348783.8237085,0.0,50271.0
1719348784.0172691,0.0,50271.0
1719348784.170451,0.0,50271.0
1719348784.3218405,0.0,50271.0
1719348784.4716237,0.0,50271.0
1719348784.617388,0.0,50271.0
1719348784.7618084,0.0,50271.0
1719348784.906633,0.0,50271.0
1719348785.0494711,0.0,50271.0
1719348785.193673,0.0,50271.0
1719348785.3392258,0.0,50271.0
1719348785.489196,0.0,50271.0
1719348785.643316,0.0,50271.0
1719348785.7958744,0.0,50271.0
1719348785.9453998,0.0,50271.0
1719348786.0957258,0.0,50271.0
1719348786.2437577,0.0,50271.0
1719348786.3958576,0.0,50271.0
1719348786.544533,0.0,50271.0
1719348786.694528,0.0,50271.0
1719348786.8477864,0.0,50271.0
1719348786.9998944,0.0,50271.0
1719348787.15262,0.0,50271.0
1719348787.3055544,0.0,50271.0
1719348787.4568207,0.0,50271.0
1719348787.6170895,0.0,50271.0
1719348787.7682354,0.0,50271.0
1719348787.9188714,0.0,50271.0
1719348788.0692368,0.0,50271.0
1719348788.2214527,0.0,50271.0
1719348788.3746893,0.0,50271.0
1719348788.526418,0.0,50271.0
1719348788.675432,0.0,50271.0
1719348788.8935099,0.0,50271.0
1719348789.0412083,0.0,50271.0
1719348789.1879265,0.0,50271.0
1719348789.3312387,0.0,50271.0
1719348789.475594,0.0,50271.0
1719348789.631681,0.0,50271.0
1719348789.7852604,0.0,50271.0
1719348789.9383407,0.0,50271.0
1719348790.090349,0.0,50271.0
1719348790.2389452,0.0,50271.0
1719348790.3892841,0.0,50271.0
1719348790.5362124,0.0,50271.0
1719348790.6894069,0.0,50271.0
1719348790.8368194,0.0,50271.0
1719348790.986363,0.0,50271.0
1719348791.1403182,0.0,50271.0
1719348791.2932706,0.0,50271.0
1719348791.443051,0.0,50271.0
1719348791.595353,0.0,50271.0
1719348791.745206,0.0,50271.0
1719348791.8963609,0.0,50271.0
1719348792.0469735,0.0,50271.0
1719348792.1984732,0.0,50271.0
1719348792.351453,0.0,50271.0
1719348792.5019047,0.0,50271.0
1719348792.6537733,0.0,50271.0
1719348792.8080683,0.0,50271.0
1719348792.9603524,0.0,50271.0
1719348793.1081536,0.0,50271.0
1719348793.2566957,0.0,50271.0
1719348793.4032335,0.0,50271.0
1719348793.5500379,0.0,50271.0
1719348793.693997,0.0,50271.0
1719348793.8388984,0.0,50271.0
1719348793.9827523,0.0,50271.0
1719348794.1348138,0.0,50271.0
1719348794.2886498,0.0,50271.0
1719348794.4408839,0.0,50271.0
1719348794.5929027,0.0,50271.0
1719348794.7423856,0.0,50271.0
1719348794.8891375,0.0,50271.0
1719348795.0405102,0.0,50271.0
1719348795.1893952,0.0,50271.0
1719348795.3392713,0.0,50271.0
1719348795.4948432,0.0,50271.0
1719348795.6482356,0.0,50271.0
1719348795.801916,0.0,50271.0
1719348795.9549289,0.0,50271.0
1719348796.1075017,0.0,50271.0
1719348796.2973948,0.0,50271.0
1719348796.4489508,0.0,50271.0
1719348796.5983737,0.0,50271.0
1719348796.7503173,0.0,50271.0
1719348796.901022,0.0,50271.0
1719348797.0548513,0.0,50271.0
1719348797.2070274,0.0,50271.0
1719348797.3592186,0.0,50271.0
1719348797.5054672,0.0,50271.0
1719348797.6540134,0.0,50271.0
1719348797.802097,0.0,50271.0
1719348797.9458706,0.0,50271.0
1719348798.0863426,0.0,50271.0
1719348798.2306075,0.0,50271.0
1719348798.380725,0.0,50271.0
1719348798.5319445,0.0,50271.0
1719348798.686294,0.0,50271.0
1719348798.8350487,0.0,50271.0
1719348798.984492,0.0,50271.0
1719348799.13299,0.0,50271.0
1719348799.2816381,0.0,50271.0
1719348799.4314127,0.0,50271.0
1719348799.5783165,0.0,50271.0
1719348799.727936,0.0,50271.0
1719348799.8801992,0.0,50271.0
1719348800.036149,0.0,50271.0
1719348800.1877587,0.0,50271.0
1719348800.336952,0.0,50271.0
1719348800.4889896,0.0,50271.0
1719348800.6406562,0.0,50271.0
1719348800.7918048,0.0,50271.0
1719348800.9410014,0.0,50271.0
1719348801.0917025,0.0,50271.0
1719348801.2439988,0.0,50271.0
1719348801.3956268,0.0,50271.0
1719348801.5501177,0.0,50271.0
1719348801.7023087,0.0,50271.0
1719348801.8512547,0.0,50271.0
1719348801.9980788,0.0,50271.0
1719348802.1458774,0.0,50271.0
1719348802.292379,0.0,50271.0
1719348802.4365273,0.0,50271.0
1719348802.581852,0.0,50271.0
1719348802.725573,0.0,50271.0
1719348802.8748558,0.0,50271.0
1719348803.0274043,0.0,50271.0
1719348803.181507,0.0,50271.0
1719348803.3324313,0.0,50271.0
1719348803.481761,0.0,50271.0
1719348803.6319842,0.0,50271.0
1719348803.78249,0.0,50271.0
1719348803.9288218,0.0,50271.0
1719348804.0764208,0.0,50271.0
1719348804.2305663,0.0,50271.0
1719348804.384814,0.0,50271.0
1719348804.5369499,0.0,50271.0
1719348804.6951063,0.0,50271.0
1719348804.8448405,0.0,50271.0
1719348804.9970307,0.0,50271.0
1719348805.1487277,0.0,50271.0
1719348805.3000271,0.0,50271.0
1719348805.4498606,0.0,50271.0
1719348805.6005483,0.0,50271.0
1719348805.7511861,0.0,50271.0
1719348805.904723,0.0,50271.0
1719348806.0544202,0.0,50271.0
1719348806.20308,0.0,50271.0
1719348806.3523304,0.0,50271.0
1719348806.4984627,0.0,50271.0
1719348806.645445,0.0,50271.0
1719348806.7890728,0.0,50271.0
1719348806.9328945,0.0,50271.0
1719348807.0781076,0.0,50271.0
1719348807.2273166,0.0,50271.0
1719348807.3796039,0.0,50271.0
1719348807.530492,0.0,50271.0
1719348807.682192,0.0,50271.0
1719348807.8300385,0.0,50271.0
1719348807.981602,0.0,50271.0
1719348808.132926,0.0,50271.0
1719348808.2808952,0.0,50271.0
1719348808.4318504,0.0,50271.0
1719348808.5870044,0.0,50271.0
1719348808.739916,0.0,50271.0
1719348808.891478,0.0,50271.0
1719348809.0439649,0.0,50271.0
1719348809.1955688,0.0,50271.0
1719348809.345047,0.0,50271.0
1719348809.4956512,0.0,50271.0
1719348809.64761,0.0,50271.0
1719348809.7994864,0.0,50271.0
1719348809.9476757,0.0,50271.0
1719348810.099558,0.0,50271.0
1719348810.2535927,0.0,50271.0
1719348810.406167,0.0,50271.0
1719348810.5543442,0.0,50271.0
1719348810.700352,0.0,50271.0
1719348810.8457572,0.0,50271.0
1719348810.9907608,0.0,50271.0
1719348811.1341014,0.0,50271.0
1719348811.278522,0.0,50271.0
1719348811.4225416,0.0,50271.0
1719348811.5751896,0.0,50271.0
1719348811.7303152,0.0,50271.0
1719348811.8815022,0.0,50271.0
1719348812.031036,0.0,50271.0
1719348812.1818223,0.0,50271.0
1719348812.329809,0.0,50271.0
1719348812.4796424,0.0,50271.0
1719348812.6269927,0.0,50271.0
1719348812.776956,0.0,50271.0
1719348812.929895,0.0,50271.0
1719348813.0843384,0.0,50271.0
1719348813.2393093,0.0,50271.0
1719348813.3946557,0.0,50271.0
1719348813.5442948,0.0,50271.0
1719348813.695561,0.0,50271.0
1719348813.8483965,0.0,50271.0
1719348813.9974637,0.0,50271.0
1719348814.1492486,0.0,50271.0
1719348814.3002558,0.0,50271.0
1719348814.4552076,0.0,50271.0
1719348814.607909,0.0,50271.0
1719348814.7595978,0.0,50271.0
1719348814.9080868,0.0,50271.0
1719348815.0542998,0.0,50271.0
1719348815.1997242,0.0,50271.0
1719348815.3443108,0.0,50271.0
1719348815.4884348,0.0,50271.0
1719348815.6334028,0.0,50271.0
1719348815.781623,0.0,50271.0
1719348815.933183,0.0,50271.0
1719348816.0859416,0.0,50271.0
1719348816.2377362,0.0,50271.0
1719348816.38623,0.0,50271.0
1719348816.535758,0.0,50271.0
1719348816.6853218,0.0,50271.0
1719348816.8339713,0.0,50271.0
1719348816.982308,0.0,50271.0
1719348817.130979,0.0,50271.0
1719348817.2867498,0.0,50271.0
1719348817.4382753,0.0,50271.0
1719348817.5901504,0.0,50271.0
1719348817.7412815,0.0,50271.0
1719348817.8929217,0.0,50271.0
1719348818.0441673,0.0,50271.0
1719348818.1944919,0.0,50271.0
1719348818.3446636,0.0,50271.0
1719348818.4955451,0.0,50271.0
1719348818.6482687,0.0,50271.0
1719348818.8023627,0.0,50271.0
1719348818.9538805,0.0,50271.0
1719348819.105263,0.0,50271.0
1719348819.2539937,0.0,50271.0
1719348819.4024413,0.0,50271.0
1719348819.5529492,0.0,50271.0
1719348819.6976097,0.0,50271.0
1719348819.8422835,0.0,50271.0
1719348819.9863074,0.0,50271.0
1719348820.1365254,0.0,50271.0
1719348820.2903497,0.0,50271.0
1719348820.4445586,0.0,50271.0
1719348820.594763,0.0,50271.0
1719348820.743915,0.0,50271.0
1719348820.8937712,0.0,50271.0
1719348821.0411663,0.0,50271.0
1719348821.1901903,0.0,50271.0
1719348821.3368328,0.0,50271.0
1719348821.4860058,0.0,50271.0
1719348821.6395001,0.0,50271.0
1719348821.7918518,0.0,50271.0
1719348821.9448776,0.0,50271.0
1719348822.09844,0.0,50271.0
1719348822.250701,0.0,50271.0
1719348822.4022315,0.0,50271.0
1719348822.5532691,0.0,50271.0
1719348822.7044032,0.0,50271.0
1719348822.8583302,0.0,50271.0
1719348823.0103836,0.0,50271.0
1719348823.252382,0.0,50271.0
1719348823.4026933,0.0,50271.0
1719348823.550813,0.0,50271.0
1719348823.696403,0.0,50271.0
1719348823.8436148,0.0,50271.0
1719348823.9887362,0.0,50271.0
1719348824.133394,0.0,50271.0
1719348824.2765667,0.0,50271.0
1719348824.4205115,0.0,50271.0
1719348824.5672,0.0,50271.0
1719348824.717092,0.0,50271.0
1719348824.8714724,0.0,50271.0
1719348825.0229352,0.0,50271.0
1719348825.173698,0.0,50271.0
1719348825.3218699,0.0,50271.0
1719348825.469651,0.0,50271.0
1719348825.617611,0.0,50271.0
1719348825.7663076,0.0,50271.0
1719348825.9150403,0.0,50271.0
1719348826.0695453,0.0,50271.0
1719348826.2226803,0.0,50271.0
1719348826.3744068,0.0,50271.0
1719348826.5271447,0.0,50271.0
1719348826.6779487,0.0,50271.0
1719348826.8298862,0.0,50271.0
1719348826.9800239,0.0,50271.0
1719348827.1296585,0.0,50271.0
1719348827.280744,0.0,50271.0
1719348827.4303877,0.0,50271.0
1719348827.5826259,0.0,50271.0
1719348827.7383614,0.0,50271.0
1719348827.8899763,0.0,50271.0
1719348828.039417,0.0,50271.0
1719348828.1870494,0.0,50271.0
1719348828.3342698,0.0,50271.0
1719348828.4812331,0.0,50271.0
1719348828.6271753,0.0,50271.0
1719348828.7720368,0.0,50271.0
1719348828.916081,0.0,50271.0
1719348829.0670717,0.0,50271.0
1719348829.2248468,0.0,50271.0
1719348829.3778126,0.0,50271.0
1719348829.5310981,0.0,50271.0
1719348829.682449,0.0,50271.0
1719348829.833742,0.0,50271.0
1719348829.9827037,0.0,50271.0
1719348830.131875,0.0,50271.0
1719348830.3024123,0.0,50271.0
1719348830.4585767,0.0,50271.0
1719348830.611355,0.0,50271.0
1719348830.7665482,0.0,50271.0
1719348830.9183602,0.0,50271.0
1719348831.0720813,0.0,50271.0
1719348831.2223747,0.0,50271.0
1719348831.374742,0.0,50271.0
1719348831.5248337,0.0,50271.0
1719348831.6755912,0.0,50271.0
1719348831.8288121,0.0,50271.0
1719348831.9815881,0.0,50271.0
1719348832.1334722,0.0,50271.0
1719348832.2808244,0.0,50271.0
1719348832.4284148,0.0,50271.0
1719348832.5774448,0.0,50271.0
1719348832.725284,0.0,50271.0
1719348832.8689733,0.0,50271.0
1719348833.0154843,0.0,50271.0
1719348833.1590889,0.0,50271.0
1719348833.3090575,0.0,50271.0
1719348833.4626231,0.0,50271.0
1719348833.6152399,0.0,50271.0
1719348833.7662911,0.0,50271.0
1719348833.923009,0.0,50271.0
1719348834.0737584,0.0,50271.0
1719348834.224829,0.0,50271.0
1719348834.374996,0.0,50271.0
1719348834.5242662,0.0,50271.0
1719348834.678771,0.0,50271.0
1719348834.83196,0.0,50271.0
1719348835.0016983,0.0,50271.0
1719348835.1555882,0.0,50271.0
1719348835.307728,0.0,50271.0
1719348835.4602091,0.0,50271.0
1719348835.6109684,0.0,50271.0
1719348835.76149,0.0,50271.0
1719348835.912743,0.0,50271.0
1719348836.062172,0.0,50271.0
1719348836.2163017,0.0,50271.0
1719348836.370425,0.0,50271.0
1719348836.5239823,0.0,50271.0
1719348836.6710231,0.0,50271.0
1719348836.8199482,0.0,50271.0
1719348836.966234,0.0,50271.0
1719348837.1143794,0.0,50271.0
1719348837.2595062,0.0,50271.0
1719348837.4056623,0.0,50271.0
1719348837.5502768,0.0,50271.0
1719348837.700055,0.0,50271.0
1719348837.8535497,0.0,50271.0
1719348838.0077653,0.0,50271.0
1719348838.1647186,0.0,50271.0
1719348838.3127832,0.0,50271.0
1719348838.460979,0.0,50271.0
1719348838.6136212,0.0,50271.0
1719348838.7626243,0.0,50271.0
1719348838.911357,0.0,50271.0
1719348839.0663383,0.0,50271.0
1719348839.220629,0.0,50271.0
1719348839.3734095,0.0,50271.0
1719348839.5267618,0.0,50271.0
1719348839.6775374,0.0,50271.0
1719348839.8296437,0.0,50271.0
1719348839.9844117,0.0,50271.0
1719348840.1358864,0.0,50271.0
1719348840.2872643,0.0,50271.0
1719348840.4394398,0.0,50271.0
1719348840.5916877,0.0,50271.0
1719348840.7469413,0.0,50271.0
1719348840.8993993,0.0,50271.0
1719348841.0512166,0.0,50271.0
1719348841.200114,0.0,50271.0
1719348841.3472633,0.0,50271.0
1719348841.495507,0.0,50271.0
1719348841.640595,0.0,50271.0
1719348841.8300343,0.0,50271.0
1719348841.9753964,0.0,50271.0
1719348842.1246262,0.0,50271.0
1719348842.2782352,0.0,50271.0
1719348842.4315896,0.0,50271.0
1719348842.5828001,0.0,50271.0
1719348842.7323415,0.0,50271.0
1719348842.87944,0.0,50271.0
1719348843.0297563,0.0,50271.0
1719348843.1775491,0.0,50271.0
1719348843.324888,0.0,50271.0
1719348843.4811668,0.0,50271.0
1719348843.634208,0.0,50271.0
1719348843.7866337,0.0,50271.0
1719348843.9392176,0.0,50271.0
1719348844.0927036,0.0,50271.0
1719348844.2438128,0.0,50271.0
1719348844.3953402,0.0,50271.0
1719348844.5470574,0.0,50271.0
1719348844.6997151,0.0,50271.0
1719348844.8528264,0.0,50271.0
1719348845.003532,0.0,50271.0
1719348845.1578166,0.0,50271.0
1719348845.3094203,0.0,50271.0
1719348845.458111,0.0,50271.0
1719348845.606255,0.0,50271.0
1719348845.7521067,0.0,50271.0
1719348845.89797,0.0,50271.0
1719348846.0438046,0.0,50271.0
1719348846.2252672,0.0,50271.0
1719348846.3748784,0.0,50271.0
1719348846.5303555,0.0,50271.0
1719348846.685093,0.0,50271.0
1719348846.8378491,0.0,50271.0
1719348846.9859345,0.0,50271.0
1719348847.1390367,0.0,50271.0
1719348847.286447,0.0,50271.0
1719348847.435696,0.0,50271.0
1719348847.5996678,0.0,50271.0
1719348847.7507334,0.0,50271.0
1719348847.9040236,0.0,50271.0
1719348848.0558527,0.0,50271.0
1719348848.2098205,0.0,50271.0
1719348848.361727,0.0,50271.0
1719348848.5125725,0.0,50271.0
1719348848.6636875,0.0,50271.0
1719348848.8129957,0.0,50271.0
1719348848.9608173,0.0,50271.0
1719348849.1121712,0.0,50271.0
1719348849.263404,0.0,50271.0
1719348849.419299,0.0,50271.0
1719348849.576213,0.0,50271.0
1719348849.7265475,0.0,50271.0
1719348849.874823,0.0,50271.0
1719348850.0211222,0.0,50271.0
1719348850.1668112,0.0,50271.0
1719348850.3107708,0.0,50271.0
1719348850.4537249,0.0,50271.0
1719348850.5954924,0.0,50271.0
1719348850.7448282,0.0,50271.0
1719348850.8971586,0.0,50271.0
1719348851.0519588,0.0,50271.0
1719348851.203301,0.0,50271.0
1719348851.353155,0.0,50271.0
1719348851.502985,0.0,50271.0
1719348851.6539633,0.0,50271.0
1719348851.8022213,0.0,50271.0
1719348851.9524183,0.0,50271.0
1719348852.1008556,0.0,50271.0
1719348852.2552474,0.0,50271.0
1719348852.4079,0.0,50271.0
1719348852.5627384,0.0,50271.0
1719348852.71485,0.0,50271.0
1719348852.8652558,0.0,50271.0
1719348853.0166101,0.0,50271.0
1719348853.1674955,0.0,50271.0
1719348853.320147,0.0,50271.0
1719348853.473759,0.0,50271.0
1719348853.626514,0.0,50271.0
1719348853.780999,0.0,50271.0
1719348853.932693,0.0,50271.0
1719348854.082056,0.0,50271.0
1719348854.2314775,0.0,50271.0
1719348854.3790038,0.0,50271.0
1719348854.5255613,0.0,50271.0
1719348854.669094,0.0,50271.0
1719348854.8094907,0.0,50271.0
1719348854.953786,0.0,50271.0
1719348855.1039925,0.0,50271.0
1719348855.2562556,0.0,50271.0
1719348855.4104366,0.0,50271.0
1719348855.559656,0.0,50271.0
1719348855.7075415,0.0,50271.0
1719348855.8558424,0.0,50271.0
1719348856.0036702,0.0,50271.0
1719348856.1511195,0.0,50271.0
1719348856.2976458,0.0,50271.0
1719348856.448464,0.0,50271.0
1719348856.6027565,0.0,50271.0
1719348856.7545595,0.0,50271.0
1719348856.92345,0.0,50271.0
1719348857.0757906,0.0,50271.0
1719348857.227215,0.0,50271.0
1719348857.3786473,0.0,50271.0
1719348857.5282195,0.0,50271.0
1719348857.6800077,0.0,50271.0
1719348857.83153,0.0,50271.0
1719348857.9851193,0.0,50271.0
1719348858.1378047,0.0,50271.0
1719348858.2897956,0.0,50271.0
1719348858.4386535,0.0,50271.0
1719348858.5863938,0.0,50271.0
1719348858.7328796,0.0,50271.0
1719348858.8808374,0.0,50271.0
1719348859.0251858,0.0,50271.0
1719348859.1684067,0.0,50271.0
1719348859.310945,0.0,50271.0
1719348859.459767,0.0,50271.0
1719348859.6116514,0.0,50271.0
1719348859.7637732,0.0,50271.0
1719348859.9124188,0.0,50271.0
1719348860.0605707,0.0,50271.0
1719348860.211845,0.0,50271.0
1719348860.3641832,0.0,50271.0
1719348860.5140977,0.0,50271.0
1719348860.6752837,0.0,50271.0
1719348860.8272016,0.0,50271.0
1719348860.9798558,0.0,50271.0
1719348861.1327133,0.0,50271.0
1719348861.2864442,0.0,50271.0
1719348861.4379654,0.0,50271.0
1719348861.5894291,0.0,50271.0
1719348861.7434099,0.0,50271.0
1719348861.8946424,0.0,50271.0
1719348862.0459626,0.0,50271.0
1719348862.2025716,0.0,50271.0
1719348862.353405,0.0,50271.0
1719348862.508483,0.0,50271.0
1719348862.6607952,0.0,50271.0
1719348862.811852,0.0,50271.0
1719348862.9600239,0.0,50271.0
1719348863.1068344,0.0,50271.0
1719348863.2523153,0.0,50271.0
1719348863.3955736,0.0,50271.0
1719348863.5383112,0.0,50271.0
1719348863.6834052,0.0,50271.0
1719348863.8338232,0.0,50271.0
1719348863.9847867,0.0,50271.0
1719348864.1391768,0.0,50271.0
1719348864.2906532,0.0,50271.0
1719348864.4391775,0.0,50271.0
1719348864.591628,0.0,50271.0
1719348864.7415512,0.0,50271.0
1719348864.888705,0.0,50271.0
1719348865.037537,0.0,50271.0
1719348865.1864173,0.0,50271.0
1719348865.3409235,0.0,50271.0
1719348865.4938009,0.0,50271.0
1719348865.6492448,0.0,50271.0
1719348865.8014364,0.0,50271.0
1719348865.951488,0.0,50271.0
1719348866.1022208,0.0,50271.0
1719348866.2535222,0.0,50271.0
1719348866.40572,0.0,50271.0
1719348866.5592651,0.0,50271.0
1719348866.710471,0.0,50271.0
1719348866.860883,0.0,50271.0
1719348867.0129673,0.0,50271.0
1719348867.1632814,0.0,50271.0
1719348867.3118784,0.0,50271.0
1719348867.458255,0.0,50271.0
1719348867.6044672,0.0,50271.0
1719348867.7507136,0.0,50271.0
1719348867.8958018,0.0,50271.0
1719348868.0408335,0.0,50271.0
1719348868.1935353,0.0,50271.0
1719348868.345067,0.0,50271.0
1719348868.4985857,0.0,50271.0
1719348868.6512861,0.0,50271.0
1719348868.8037696,0.0,50271.0
1719348868.953252,0.0,50271.0
1719348869.1028514,0.0,50271.0
1719348869.254585,0.0,50271.0
1719348869.404553,0.0,50271.0
1719348869.5540557,0.0,50271.0
1719348869.7045386,0.0,50271.0
1719348869.8560617,0.0,50271.0
1719348870.0073888,0.0,50271.0
1719348870.1643908,0.0,50271.0
1719348870.3172307,0.0,50271.0
1719348870.4694605,0.0,50271.0
1719348870.6200447,0.0,50271.0
1719348870.7699764,0.0,50271.0
1719348870.922153,0.0,50271.0
1719348871.072869,0.0,50271.0
1719348871.2243762,0.0,50271.0
1719348871.378112,0.0,50271.0
1719348871.5293183,0.0,50271.0
1719348871.67597,0.0,50271.0
1719348871.8210254,0.0,50271.0
1719348871.9680605,0.0,50271.0
1719348872.1157987,0.0,50271.0
1719348872.2594135,0.0,50271.0
1719348872.4052138,0.0,50271.0
1719348872.5479054,0.0,50271.0
1719348872.697579,0.0,50271.0
1719348872.8518598,0.0,50271.0
1719348873.0047207,0.0,50271.0
1719348873.1563349,0.0,50271.0
1719348873.3063705,0.0,50271.0
1719348873.4531097,0.0,50271.0
1719348873.602967,0.0,50271.0
1719348873.750877,0.0,50271.0
1719348873.8994844,0.0,50271.0
1719348874.0538256,0.0,50271.0
1719348874.207548,0.0,50271.0
1719348874.3583655,0.0,50271.0
1719348874.5092351,0.0,50271.0
1719348874.6603167,0.0,50271.0
1719348874.8111038,0.0,50271.0
1719348874.9627485,0.0,50271.0
1719348875.1141481,0.0,50271.0
1719348875.2684124,0.0,50271.0
1719348875.4189527,0.0,50271.0
1719348875.5717332,0.0,50271.0
1719348875.7237835,0.0,50271.0
1719348875.8733318,0.0,50271.0
1719348876.0223284,0.0,50271.0
1719348876.1706605,0.0,50271.0
1719348876.3165274,0.0,50271.0
1719348876.4624345,0.0,50271.0
1719348876.6581135,0.0,50271.0
1719348876.805001,0.0,50271.0
1719348876.9539428,0.0,50271.0
1719348877.1087198,0.0,50271.0
1719348877.2608771,0.0,50271.0
1719348877.4113302,0.0,50271.0
1719348877.5604217,0.0,50271.0
1719348877.7085185,0.0,50271.0
1719348877.8560536,0.0,50271.0
1719348878.004358,0.0,50271.0
1719348878.1531057,0.0,50271.0
1719348878.301835,0.0,50271.0
1719348878.456295,0.0,50271.0
1719348878.6081088,0.0,50271.0
1719348878.763088,0.0,50271.0
1719348878.9148138,0.0,50271.0
1719348879.0652099,0.0,50271.0
1719348879.2162554,0.0,50271.0
1719348879.3665795,0.0,50271.0
1719348879.5152242,0.0,50271.0
1719348879.6672473,0.0,50271.0
1719348879.8178306,0.0,50271.0
1719348879.9717665,0.0,50271.0
1719348880.1233194,0.0,50271.0
1719348880.2733796,0.0,50271.0
1719348880.4219255,0.0,50271.0
1719348880.5688581,0.0,50271.0
1719348880.7141025,0.0,50271.0
1719348880.8577049,0.0,50271.0
1719348881.0010514,0.0,50271.0
1719348881.1453083,0.0,50271.0
1719348881.2947896,0.0,50271.0
1719348881.4486868,0.0,50271.0
1719348881.6017249,0.0,50271.0
1719348881.753419,0.0,50271.0
1719348881.9032402,0.0,50271.0
1719348882.0524583,0.0,50271.0
1719348882.2035003,0.0,50271.0
1719348882.3521743,0.0,50271.0
1719348882.501552,0.0,50271.0
1719348882.6569004,0.0,50271.0
1719348882.8121305,0.0,50271.0
1719348882.9624202,0.0,50271.0
1719348883.114403,0.0,50271.0
1719348883.2686822,0.0,50271.0
1719348883.417952,0.0,50271.0
1719348883.5704913,0.0,50271.0
1719348883.7223477,0.0,50271.0
1719348883.8760583,0.0,50271.0
1719348884.0261214,0.0,50271.0
1719348884.1795957,0.0,50271.0
1719348884.3321483,0.0,50271.0
1719348884.4840097,0.0,50271.0
1719348884.632233,0.0,50271.0
1719348884.781377,0.0,50271.0
1719348884.9278908,0.0,50271.0
1719348885.0739782,0.0,50271.0
1719348885.2187588,0.0,50271.0
1719348885.3648317,0.0,50271.0
1719348885.509994,0.0,50271.0
1719348885.6603084,0.0,50271.0
1719348885.9486563,0.0,50271.0
1719348886.1019425,0.0,50271.0
1719348886.2533114,0.0,50271.0
1719348886.4036686,0.0,50271.0
1719348886.5560813,0.0,50271.0
1719348886.7065294,0.0,50271.0
1719348886.8573034,0.0,50271.0
1719348887.0105247,0.0,50271.0
1719348887.1654143,0.0,50271.0
1719348887.3159811,0.0,50271.0
1719348887.4684122,0.0,50271.0
1719348887.6194127,0.0,50271.0
1719348887.7703397,0.0,50271.0
1719348887.9207566,0.0,50271.0
1719348888.0736377,0.0,50271.0
1719348888.2239513,0.0,50271.0
1719348888.3748558,0.0,50271.0
1719348888.5261014,0.0,50271.0
1719348888.6803079,0.0,50271.0
1719348888.830588,0.0,50271.0
1719348888.978534,0.0,50271.0
1719348889.1257665,0.0,50271.0
1719348889.273646,0.0,50271.0
1719348889.4203377,0.0,50271.0
1719348889.5642512,0.0,50271.0
1719348889.7088537,0.0,50271.0
1719348889.8525345,0.0,50271.0
1719348890.0017605,0.0,50271.0
1719348890.1564808,0.0,50271.0
1719348890.3095064,0.0,50271.0
1719348890.4626665,0.0,50271.0
1719348890.61348,0.0,50271.0
1719348890.764173,0.0,50271.0
1719348890.916846,0.0,50271.0
1719348891.0664647,0.0,50271.0
1719348891.2172918,0.0,50271.0
1719348891.3716154,0.0,50271.0
1719348891.5273128,0.0,50271.0
1719348891.6790233,0.0,50271.0
1719348891.834251,0.0,50271.0
1719348891.984551,0.0,50271.0
1719348892.1356747,0.0,50271.0
1719348892.2867897,0.0,50271.0
1719348892.4389977,0.0,50271.0
1719348892.5912185,0.0,50271.0
1719348892.7400458,0.0,50271.0
1719348892.8913906,0.0,50271.0
1719348893.0447588,0.0,50271.0
1719348893.194655,0.0,50271.0
1719348893.3426628,0.0,50271.0
1719348893.4931242,0.0,50271.0
1719348893.6398098,0.0,50271.0
1719348893.7844353,0.0,50271.0
1719348893.929144,0.0,50271.0
1719348894.0738811,0.0,50271.0
1719348894.217678,0.0,50271.0
1719348894.3689456,0.0,50271.0
1719348894.5346386,0.0,50271.0
1719348894.6873431,0.0,50271.0
1719348894.8358283,0.0,50271.0
1719348894.9836285,0.0,50271.0
1719348895.1319792,0.0,50271.0
1719348895.282122,0.0,50271.0
1719348895.4305897,0.0,50271.0
1719348895.5788665,0.0,50271.0
1719348895.733065,0.0,50271.0
1719348895.8861573,0.0,50271.0
1719348896.0408218,0.0,50271.0
1719348896.1947188,0.0,50271.0
1719348896.3493474,0.0,50271.0
1719348896.5000093,0.0,50271.0
1719348896.6516304,0.0,50271.0
1719348896.803199,0.0,50271.0
1719348896.9527442,0.0,50271.0
1719348897.100845,0.0,50271.0
