timestamp,gpu_util,gpu_mem
1719936900.3821979,0.0,4.0
1719936900.517668,0.0,4.0
1719936900.6531053,0.0,4.0
1719936900.7900164,0.0,21.0
1719936900.9547951,0.0,617.0
1719936901.0962474,3.0,633.0
1719936901.2550125,5.0,633.0
1719936901.3936033,0.0,633.0
1719936901.533529,0.0,633.0
1719936901.7442307,0.0,633.0
1719936901.886799,0.0,633.0
1719936902.0244665,0.0,633.0
1719936902.1568906,0.0,633.0
1719936902.293453,0.0,633.0
1719936902.426949,0.0,633.0
1719936902.559677,0.0,633.0
1719936902.6915243,0.0,633.0
1719936902.822756,0.0,633.0
1719936902.9525745,0.0,633.0
1719936903.0818346,0.0,633.0
1719936903.2140164,0.0,633.0
1719936903.343388,0.0,633.0
1719936903.4795554,0.0,633.0
1719936903.6154335,0.0,633.0
1719936903.7488866,0.0,633.0
1719936903.8799932,0.0,633.0
1719936904.009225,0.0,633.0
1719936904.139657,0.0,633.0
1719936904.2692657,0.0,633.0
1719936904.3970153,0.0,633.0
1719936904.5293732,0.0,633.0
1719936904.659111,0.0,633.0
1719936904.7893913,0.0,633.0
1719936904.9165287,0.0,633.0
1719936905.0438256,0.0,633.0
1719936905.1717572,0.0,633.0
1719936905.3010802,0.0,633.0
1719936905.427549,0.0,633.0
1719936905.554142,0.0,633.0
1719936905.6812825,0.0,633.0
1719936905.8081648,0.0,633.0
1719936905.9363525,0.0,633.0
1719936906.0637407,0.0,633.0
1719936906.1905189,0.0,633.0
1719936906.317098,0.0,633.0
1719936906.4444525,0.0,633.0
1719936906.5713885,0.0,633.0
1719936906.6976697,0.0,633.0
1719936906.8240886,0.0,633.0
1719936906.9503663,0.0,633.0
1719936907.0788906,0.0,633.0
1719936907.2064764,0.0,633.0
1719936907.3330662,0.0,633.0
1719936907.459428,0.0,633.0
1719936907.5859118,0.0,633.0
1719936907.7137983,0.0,633.0
1719936907.8432212,0.0,633.0
1719936907.9697132,0.0,633.0
1719936908.096003,0.0,633.0
1719936908.2290041,0.0,633.0
1719936908.358003,0.0,633.0
1719936908.48457,0.0,633.0
1719936908.610992,0.0,633.0
1719936908.7372534,0.0,633.0
1719936908.8657303,0.0,633.0
1719936908.9933558,0.0,633.0
1719936909.1198416,0.0,633.0
1719936909.248851,0.0,633.0
1719936909.3787458,0.0,633.0
1719936909.5133271,0.0,633.0
1719936909.6444323,0.0,633.0
1719936909.7724142,0.0,633.0
1719936909.8996007,0.0,633.0
1719936910.0280602,0.0,633.0
1719936910.1559732,0.0,633.0
1719936910.2850025,0.0,633.0
1719936910.4210136,0.0,633.0
1719936910.551598,0.0,633.0
1719936910.6800954,0.0,633.0
1719936910.8116941,0.0,633.0
1719936910.946535,0.0,633.0
1719936911.0828304,0.0,633.0
1719936911.2207713,0.0,633.0
1719936911.354655,0.0,633.0
1719936911.4879968,0.0,633.0
1719936911.6199055,0.0,633.0
1719936911.7512138,0.0,633.0
1719936911.8824525,0.0,633.0
1719936912.0146277,0.0,633.0
1719936912.1453593,0.0,633.0
1719936912.2767239,0.0,633.0
1719936912.4077785,0.0,633.0
1719936912.5385494,0.0,633.0
1719936912.6700225,0.0,633.0
1719936912.7999074,0.0,633.0
1719936912.9305196,0.0,633.0
1719936913.0617218,0.0,633.0
1719936913.1978498,0.0,633.0
1719936913.3362987,0.0,633.0
1719936913.4717247,0.0,633.0
1719936913.6030712,0.0,633.0
1719936913.7345712,0.0,633.0
1719936913.8647373,0.0,633.0
1719936913.9945664,0.0,633.0
1719936914.1266038,0.0,633.0
1719936914.257579,0.0,633.0
1719936914.3889544,0.0,633.0
1719936914.5189111,0.0,633.0
1719936914.6483,0.0,633.0
1719936914.7787473,0.0,633.0
1719936914.9075139,0.0,633.0
1719936915.0372262,0.0,633.0
1719936915.1653688,0.0,633.0
1719936915.2952075,0.0,633.0
1719936915.4238765,0.0,633.0
1719936915.5533044,0.0,633.0
1719936915.6828032,0.0,633.0
1719936915.811772,0.0,633.0
1719936915.9399674,0.0,633.0
1719936916.0690725,0.0,633.0
1719936916.198224,0.0,633.0
1719936916.3266659,0.0,633.0
1719936916.4556828,0.0,633.0
1719936916.5836835,0.0,633.0
1719936916.7117474,0.0,633.0
1719936916.8399012,0.0,633.0
1719936916.968685,0.0,633.0
1719936917.0970724,0.0,633.0
1719936917.2265716,0.0,633.0
1719936917.3564234,0.0,633.0
1719936917.4858818,0.0,633.0
1719936917.6142695,0.0,633.0
1719936917.7422993,0.0,633.0
1719936917.8723211,0.0,633.0
1719936918.0005705,0.0,633.0
1719936918.1296825,0.0,633.0
1719936918.2617738,0.0,633.0
1719936918.3901732,0.0,633.0
1719936918.522471,0.0,633.0
1719936918.6527116,0.0,633.0
1719936918.781191,0.0,633.0
1719936918.9102705,0.0,633.0
1719936919.0395281,0.0,633.0
1719936919.170517,0.0,633.0
1719936919.3023465,0.0,633.0
1719936919.4313302,0.0,633.0
1719936919.5597105,0.0,633.0
1719936919.6882448,0.0,633.0
1719936919.8196087,0.0,633.0
1719936919.9466941,0.0,633.0
1719936920.0757248,0.0,633.0
1719936920.2051365,0.0,633.0
1719936920.3342047,0.0,633.0
1719936920.462971,0.0,633.0
1719936920.5921602,0.0,633.0
1719936920.7211144,0.0,633.0
1719936920.8493562,0.0,633.0
1719936920.9778178,0.0,633.0
1719936921.107495,0.0,633.0
1719936921.2360706,0.0,633.0
1719936921.364686,0.0,633.0
1719936921.4937212,0.0,633.0
1719936921.62353,0.0,633.0
1719936921.75217,0.0,633.0
1719936921.8807228,0.0,633.0
1719936922.0108373,0.0,633.0
1719936922.1395917,0.0,633.0
1719936922.2688782,0.0,633.0
1719936922.3983517,0.0,633.0
1719936922.5270734,0.0,633.0
1719936922.656,0.0,633.0
1719936922.785967,0.0,633.0
1719936922.9152565,0.0,633.0
1719936923.0445395,0.0,633.0
1719936923.174655,0.0,633.0
1719936923.3049853,0.0,633.0
1719936923.4335814,0.0,633.0
1719936923.5619826,0.0,633.0
1719936923.6923978,0.0,633.0
1719936923.8207555,0.0,633.0
1719936923.949357,0.0,633.0
1719936924.0787644,0.0,633.0
1719936924.2088048,0.0,633.0
1719936924.3375163,0.0,633.0
1719936924.4671385,0.0,633.0
1719936924.5958376,0.0,633.0
1719936924.724099,0.0,633.0
1719936924.8524864,0.0,633.0
1719936924.9825666,0.0,633.0
1719936925.1112397,0.0,633.0
1719936925.2409418,0.0,633.0
1719936925.3717089,0.0,633.0
1719936925.4998891,0.0,633.0
1719936925.6281557,0.0,633.0
1719936925.758373,0.0,633.0
1719936925.886715,0.0,633.0
1719936926.0149662,0.0,633.0
1719936926.1449778,0.0,633.0
1719936926.2739215,0.0,633.0
1719936926.4025047,0.0,633.0
1719936926.5319674,0.0,633.0
1719936926.6621192,0.0,633.0
1719936926.7907429,0.0,633.0
1719936926.9190981,0.0,633.0
1719936927.0500162,0.0,633.0
1719936927.1784089,0.0,633.0
1719936927.3080664,0.0,633.0
1719936927.437738,0.0,633.0
1719936927.5663218,0.0,633.0
1719936927.6949635,0.0,633.0
1719936927.8245442,0.0,633.0
1719936927.9529321,0.0,633.0
1719936928.0825913,0.0,633.0
1719936928.213742,0.0,633.0
1719936928.3424532,0.0,633.0
1719936928.4706779,0.0,633.0
1719936928.6000273,0.0,633.0
1719936928.7288654,0.0,633.0
1719936928.8573337,0.0,633.0
1719936928.9868164,0.0,633.0
1719936929.1164832,0.0,633.0
1719936929.2466183,0.0,633.0
1719936929.375811,0.0,633.0
1719936929.5048726,0.0,633.0
1719936929.6336565,0.0,633.0
1719936929.762347,0.0,633.0
1719936929.8924096,0.0,633.0
1719936930.0215726,0.0,633.0
1719936930.1506717,0.0,633.0
1719936930.2821906,0.0,633.0
1719936930.4114149,0.0,633.0
1719936930.5404472,0.0,633.0
1719936930.670588,0.0,633.0
1719936930.7999954,0.0,633.0
