timestamp,gpu_util,gpu_mem
1719349085.975436,0.0,3.0
1719349086.134718,0.0,3.0
1719349086.2924652,0.0,3.0
1719349086.454128,0.0,15.0
1719349086.640209,1.0,565.0
1719349086.8081126,12.0,659.0
1719349086.9833512,6.0,763.0
1719349087.1652818,6.0,851.0
1719349087.352561,6.0,935.0
1719349087.5426068,7.0,1005.0
1719349087.739624,6.0,1215.0
1719349087.9300077,0.0,1215.0
1719349088.2038574,0.0,1215.0
1719349088.3954434,0.0,1215.0
1719349088.6097333,0.0,1215.0
1719349088.804387,0.0,1215.0
1719349089.0173864,0.0,1215.0
1719349089.21411,1.0,1471.0
1719349089.4179318,5.0,1727.0
1719349089.6312733,3.0,1855.0
1719349089.8457105,3.0,1983.0
1719349090.0463848,4.0,2239.0
1719349090.2553124,6.0,2367.0
1719349090.4650648,3.0,2495.0
1719349090.663098,4.0,2623.0
1719349090.8771336,3.0,4229.0
1719349091.0676932,3.0,4243.0
1719349091.2605457,1.0,4265.0
1719349091.4633532,1.0,4303.0
1719349091.6586576,2.0,4345.0
1719349091.8668215,2.0,4383.0
1719349092.080607,2.0,4421.0
1719349092.3062963,1.0,4455.0
1719349092.5323544,1.0,4503.0
1719349092.7618861,2.0,4551.0
1719349092.9926229,2.0,4589.0
1719349093.2340093,1.0,4607.0
1719349093.4728034,1.0,4633.0
1719349093.717654,0.0,4645.0
1719349093.9599614,1.0,6269.0
1719349094.207901,1.0,6295.0
1719349094.4571006,1.0,6325.0
1719349094.7083929,2.0,6351.0
1719349094.9592283,2.0,6397.0
1719349095.215346,1.0,6423.0
1719349095.479538,2.0,6463.0
1719349095.7384126,4.0,12503.0
1719349095.996759,82.0,32831.0
1719349096.2601426,69.0,35145.0
1719349096.533034,22.0,35161.0
1719349096.797958,1.0,35183.0
1719349097.060007,100.0,36537.0
1719349097.4465659,89.0,36537.0
1719349097.7148492,100.0,36549.0
1719349097.9806783,100.0,36549.0
1719349098.2498565,58.0,36549.0
1719349098.5116103,100.0,36549.0
1719349098.7772667,99.0,36549.0
1719349099.0417283,70.0,36545.0
1719349099.3025818,83.0,36545.0
1719349099.5693371,58.0,36545.0
1719349099.833345,53.0,36549.0
1719349100.0983763,100.0,36549.0
1719349100.3585188,100.0,36549.0
1719349100.6191347,100.0,36549.0
1719349100.8790212,100.0,36549.0
1719349101.1497138,100.0,36549.0
1719349101.4111466,100.0,36549.0
1719349101.677854,100.0,36549.0
1719349101.9532921,100.0,36549.0
1719349102.2113307,100.0,36549.0
1719349102.4756546,38.0,36549.0
1719349102.784385,71.0,36545.0
1719349103.039219,0.0,36545.0
1719349103.2958438,0.0,36545.0
1719349103.5535965,98.0,39619.0
1719349103.8743896,86.0,36545.0
1719349104.2356255,19.0,36545.0
1719349104.492768,0.0,36545.0
1719349104.7502813,0.0,36545.0
1719349105.0104861,0.0,36545.0
1719349105.267757,0.0,36545.0
1719349105.5297382,0.0,36545.0
1719349105.7906222,0.0,36545.0
1719349106.04794,0.0,36545.0
1719349106.3057697,0.0,36545.0
1719349106.5589268,0.0,36545.0
1719349106.860406,0.0,36545.0
1719349107.1488118,0.0,36545.0
1719349107.4479027,0.0,36545.0
1719349107.7347603,0.0,36545.0
1719349107.9928427,0.0,36545.0
1719349108.2521951,0.0,36545.0
1719349108.511192,0.0,36545.0
1719349108.7675796,0.0,36545.0
1719349109.0256891,0.0,36545.0
1719349109.2877424,0.0,36545.0
1719349109.5440097,0.0,36545.0
1719349109.8060744,0.0,36545.0
1719349110.0724683,0.0,36545.0
1719349110.3338623,0.0,36545.0
1719349110.5920224,0.0,36545.0
1719349110.8599381,0.0,36545.0
1719349111.1288059,0.0,36545.0
1719349111.3998756,0.0,36545.0
1719349111.6630018,0.0,36545.0
1719349111.9236507,0.0,36545.0
1719349112.1857777,0.0,36545.0
1719349112.4488895,0.0,36545.0
1719349112.712658,0.0,36545.0
1719349112.9753845,0.0,36545.0
1719349113.232492,0.0,36545.0
1719349113.5000699,0.0,36545.0
1719349113.7584085,0.0,36545.0
1719349114.0230165,0.0,36545.0
1719349114.2781916,0.0,36545.0
1719349114.5305371,0.0,36545.0
1719349114.7904475,0.0,36545.0
1719349115.0487816,0.0,36545.0
1719349115.3153846,0.0,36545.0
1719349115.5789683,0.0,36545.0
1719349115.8437474,0.0,36545.0
1719349116.109145,0.0,36545.0
1719349116.3682246,0.0,36545.0
1719349116.6358783,0.0,36545.0
1719349116.9074013,0.0,36545.0
1719349117.1662269,0.0,36545.0
1719349117.4265637,0.0,36545.0
1719349117.6865616,0.0,36545.0
1719349117.9445636,0.0,36545.0
1719349118.205568,0.0,36545.0
1719349118.4668322,0.0,36545.0
1719349118.7281644,0.0,36545.0
1719349118.9863338,0.0,36545.0
1719349119.2431424,0.0,36545.0
1719349119.5068903,0.0,36545.0
1719349119.7687557,0.0,36545.0
1719349120.030571,0.0,36545.0
1719349120.2987607,0.0,36545.0
1719349120.5524619,0.0,36545.0
1719349120.8102777,0.0,36545.0
1719349121.0656612,0.0,36545.0
1719349121.3259854,0.0,36545.0
1719349121.584743,0.0,36545.0
1719349121.837191,0.0,36545.0
1719349122.100935,0.0,36545.0
1719349122.3648012,0.0,36545.0
1719349122.6284716,0.0,36545.0
1719349122.893364,0.0,36545.0
1719349123.1612194,0.0,36545.0
1719349123.4345093,0.0,36545.0
1719349123.6997793,0.0,36545.0
1719349123.9759834,0.0,36545.0
1719349124.249702,0.0,36545.0
1719349124.5146646,0.0,36545.0
1719349124.7762783,0.0,36545.0
1719349125.0419555,0.0,36545.0
1719349125.3093975,0.0,36545.0
1719349125.573829,0.0,36545.0
1719349125.838424,0.0,36545.0
1719349126.1005619,0.0,36545.0
1719349126.3626776,0.0,36545.0
1719349126.625823,0.0,36545.0
1719349126.8868845,0.0,36545.0
1719349127.1449647,0.0,36545.0
1719349127.4159243,0.0,36545.0
1719349127.6760516,0.0,36545.0
1719349127.934942,0.0,36545.0
1719349128.1921537,0.0,36545.0
1719349128.4532492,0.0,36545.0
1719349128.713478,0.0,36545.0
1719349128.9725838,0.0,36545.0
1719349129.2266088,0.0,36545.0
1719349129.4852211,0.0,36545.0
1719349129.7446032,0.0,36545.0
1719349130.0028932,0.0,36545.0
1719349130.2619586,0.0,36545.0
1719349130.520676,0.0,36545.0
1719349130.7779057,0.0,36545.0
1719349131.0317724,0.0,36545.0
1719349131.2856293,0.0,36545.0
1719349131.5506063,0.0,36545.0
1719349131.8183973,0.0,36545.0
1719349132.0836606,0.0,36545.0
1719349132.3500953,0.0,36545.0
1719349132.6142714,0.0,36545.0
1719349132.8793852,0.0,36545.0
1719349133.1458006,0.0,36545.0
1719349133.4101086,0.0,36545.0
1719349133.675411,0.0,36545.0
1719349133.9415588,0.0,36545.0
1719349134.2070057,0.0,36545.0
1719349134.470752,0.0,36545.0
1719349134.7365906,0.0,36545.0
1719349135.0008202,0.0,36545.0
1719349135.2658803,0.0,36545.0
1719349135.5293794,0.0,36545.0
1719349135.7947426,0.0,36545.0
1719349136.0575805,0.0,36545.0
1719349136.3194387,0.0,36545.0
1719349136.5829191,0.0,36545.0
1719349136.8511639,0.0,36545.0
1719349137.1121037,0.0,36545.0
1719349137.372065,0.0,36545.0
1719349137.6397347,0.0,36545.0
1719349137.8977692,0.0,36545.0
1719349138.1569076,0.0,36545.0
1719349138.4143772,0.0,36545.0
1719349138.6728053,0.0,36545.0
1719349138.9337783,0.0,36545.0
1719349139.194739,0.0,36545.0
1719349139.4564388,0.0,36545.0
1719349139.7125506,0.0,36545.0
1719349139.9763174,0.0,36545.0
1719349140.2375493,0.0,36545.0
1719349140.5058568,0.0,36545.0
1719349140.7740188,0.0,36545.0
1719349141.0383966,0.0,36545.0
1719349141.3966007,0.0,36545.0
1719349141.708676,0.0,36545.0
1719349142.013616,0.0,36545.0
1719349142.3048406,0.0,36545.0
1719349142.567718,0.0,36545.0
1719349142.8276978,0.0,36545.0
1719349143.0940802,0.0,36545.0
1719349143.357481,0.0,36545.0
1719349143.6219764,0.0,36545.0
1719349143.8883057,0.0,36545.0
1719349144.1515343,0.0,36545.0
1719349144.4160678,0.0,36545.0
1719349144.6679964,0.0,36545.0
1719349144.9283352,0.0,36545.0
1719349145.1873794,0.0,36545.0
1719349145.4490242,0.0,36545.0
1719349145.7128713,0.0,36545.0
1719349145.9727085,0.0,36545.0
1719349146.2360883,0.0,36545.0
1719349146.5039208,0.0,36545.0
1719349146.759707,0.0,36545.0
1719349147.0201619,0.0,36545.0
1719349147.2800026,0.0,36545.0
1719349147.5407379,0.0,36545.0
1719349147.7976897,0.0,36545.0
1719349148.0568027,0.0,36545.0
1719349148.3160448,0.0,36545.0
1719349148.5784695,0.0,36545.0
1719349148.8382325,0.0,36545.0
1719349149.099609,0.0,36545.0
1719349149.3600159,0.0,36545.0
1719349149.6194885,0.0,36545.0
1719349149.8812416,0.0,36545.0
1719349150.144493,0.0,36545.0
1719349150.4057534,0.0,36545.0
1719349150.6692576,0.0,36545.0
1719349150.932416,0.0,36545.0
1719349151.1996994,0.0,36545.0
1719349151.4664736,0.0,36545.0
1719349151.7382276,0.0,36545.0
1719349152.0024433,0.0,36545.0
1719349152.2658455,0.0,36545.0
1719349152.5314922,0.0,36545.0
1719349152.7947156,0.0,36545.0
1719349153.0570471,0.0,36545.0
1719349153.3187432,0.0,36545.0
1719349153.5830739,0.0,36545.0
1719349153.8497994,0.0,36545.0
1719349154.1126606,0.0,36545.0
1719349154.3735092,0.0,36545.0
1719349154.635554,0.0,36545.0
1719349154.9005733,0.0,36545.0
1719349155.160721,0.0,36545.0
1719349155.4194686,0.0,36545.0
1719349155.68131,0.0,36545.0
1719349155.9448094,0.0,36545.0
1719349156.2051284,0.0,36545.0
1719349156.463156,0.0,36545.0
1719349156.7224672,0.0,36545.0
1719349156.9818769,0.0,36545.0
1719349157.2440395,0.0,36545.0
1719349157.5080552,0.0,36545.0
1719349157.766514,0.0,36545.0
1719349158.0282838,0.0,36545.0
1719349158.29134,0.0,36545.0
1719349158.5497665,0.0,36545.0
1719349158.807985,0.0,36545.0
1719349159.076282,0.0,36545.0
1719349159.3428314,0.0,36545.0
1719349159.6021965,0.0,36545.0
1719349159.8654711,0.0,36545.0
1719349160.1339273,0.0,36545.0
1719349160.397986,0.0,36545.0
1719349160.6596417,0.0,36545.0
1719349160.921664,0.0,36545.0
1719349161.1923633,0.0,36545.0
1719349161.4576037,0.0,36545.0
1719349161.7302248,0.0,36545.0
1719349161.9919357,0.0,36545.0
1719349162.2554793,0.0,36545.0
1719349162.5278957,0.0,36545.0
1719349162.7949398,0.0,36545.0
1719349163.0671988,0.0,36545.0
1719349163.3364358,0.0,36545.0
1719349163.5943787,0.0,36545.0
1719349163.8563707,0.0,36545.0
1719349164.116984,0.0,36545.0
1719349164.3785992,0.0,36545.0
1719349164.6408494,0.0,36545.0
1719349164.9094942,0.0,36545.0
1719349165.17099,0.0,36545.0
1719349165.4329662,0.0,36545.0
1719349165.6945283,0.0,36545.0
1719349165.9571614,0.0,36545.0
1719349166.217517,0.0,36545.0
1719349166.4773211,0.0,36545.0
1719349166.738206,0.0,36545.0
1719349167.0016122,0.0,36545.0
1719349167.263302,0.0,36545.0
1719349167.5202343,0.0,36545.0
1719349167.7764957,0.0,36545.0
1719349168.0362139,0.0,36545.0
1719349168.29733,0.0,36545.0
1719349168.5545049,0.0,36545.0
1719349168.8112128,0.0,36545.0
1719349169.074371,0.0,36545.0
1719349169.3360193,0.0,36545.0
1719349169.5921497,0.0,36545.0
1719349169.8529053,0.0,36545.0
1719349170.115532,0.0,36545.0
1719349170.3735628,0.0,36545.0
1719349170.6353462,0.0,36545.0
1719349170.8958278,0.0,36545.0
1719349171.155827,0.0,36545.0
1719349171.4177816,0.0,36545.0
1719349171.683936,0.0,36545.0
1719349171.9509535,0.0,36545.0
1719349172.2132967,0.0,36545.0
1719349172.4741375,0.0,36545.0
1719349172.73642,0.0,36545.0
1719349172.9964998,0.0,36545.0
1719349173.2616453,0.0,36545.0
1719349173.523786,0.0,36545.0
1719349173.7873442,0.0,36545.0
1719349174.0548363,0.0,36545.0
1719349174.3183682,0.0,36545.0
1719349174.6011846,0.0,36545.0
1719349174.8685873,0.0,36545.0
1719349175.2341084,0.0,36545.0
1719349175.502579,0.0,36545.0
1719349175.7796006,0.0,36545.0
1719349176.0748,0.0,36545.0
1719349176.3606524,0.0,36545.0
1719349176.6260567,0.0,36545.0
1719349176.8897338,0.0,36545.0
1719349177.1515741,0.0,36545.0
1719349177.4143846,0.0,36545.0
1719349177.6734393,0.0,36545.0
1719349177.9388452,0.0,36545.0
1719349178.19833,0.0,36545.0
1719349178.466559,0.0,36545.0
1719349178.7266867,0.0,36545.0
1719349178.989342,0.0,36545.0
1719349179.2536387,0.0,36545.0
1719349179.5256941,0.0,36545.0
1719349179.7876053,0.0,36545.0
1719349180.0516315,0.0,36545.0
1719349180.3143256,0.0,36545.0
1719349180.5819166,0.0,36545.0
1719349180.847881,0.0,36545.0
1719349181.1086545,0.0,36545.0
1719349181.369518,0.0,36545.0
1719349181.6263268,0.0,36545.0
1719349181.8854222,0.0,36545.0
1719349182.1432176,0.0,36545.0
1719349182.4052322,0.0,36545.0
1719349182.6688118,0.0,36545.0
1719349182.9394665,0.0,36545.0
1719349183.2019975,0.0,36545.0
1719349183.4659195,0.0,36545.0
1719349183.7280893,0.0,36545.0
1719349183.998947,0.0,36545.0
1719349184.2603805,0.0,36545.0
1719349184.5231488,0.0,36545.0
1719349184.7835484,0.0,36545.0
1719349185.0514517,0.0,36545.0
1719349185.3203905,0.0,36545.0
1719349185.5803301,0.0,36545.0
1719349185.8488264,0.0,36545.0
1719349186.1098452,0.0,36545.0
1719349186.3776991,0.0,36545.0
1719349186.6382337,0.0,36545.0
1719349186.9062688,0.0,36545.0
1719349187.1677349,0.0,36545.0
1719349187.4302094,0.0,36545.0
1719349187.6906667,0.0,36545.0
1719349187.9527576,0.0,36545.0
1719349188.2122657,0.0,36545.0
1719349188.4773421,0.0,36545.0
1719349188.7441127,0.0,36545.0
1719349189.0147102,0.0,36545.0
1719349189.2770896,0.0,36545.0
1719349189.5453155,0.0,36545.0
1719349189.805072,0.0,36545.0
1719349190.063167,0.0,36545.0
1719349190.3279538,0.0,36545.0
1719349190.5878007,0.0,36545.0
1719349190.8482258,0.0,36545.0
1719349191.1101768,0.0,36545.0
1719349191.3680499,0.0,36545.0
1719349191.6297834,0.0,36545.0
1719349191.8885512,0.0,36545.0
1719349192.1505313,0.0,36545.0
1719349192.4092195,0.0,36545.0
1719349192.6660829,0.0,36545.0
1719349192.927111,0.0,36545.0
1719349193.1876562,0.0,36545.0
1719349193.4476585,0.0,36545.0
1719349193.7142687,0.0,36545.0
1719349193.9827194,0.0,36545.0
1719349194.2419767,0.0,36545.0
1719349194.4993148,0.0,36545.0
1719349194.7595146,0.0,36545.0
1719349195.0200822,0.0,36545.0
1719349195.2854729,0.0,36545.0
1719349195.548963,0.0,36545.0
1719349195.8115997,0.0,36545.0
1719349196.0728095,0.0,36545.0
1719349196.3301003,0.0,36545.0
1719349196.5906265,0.0,36545.0
1719349196.8597777,0.0,36545.0
1719349197.1191049,0.0,36545.0
1719349197.3822896,0.0,36545.0
1719349197.6442363,0.0,36545.0
1719349197.9089746,0.0,36545.0
1719349198.1708853,0.0,36545.0
1719349198.4337492,0.0,36545.0
1719349198.693119,0.0,36545.0
1719349198.9570558,0.0,36545.0
1719349199.2175708,0.0,36545.0
1719349199.4757578,0.0,36545.0
1719349199.734903,0.0,36545.0
1719349199.9937432,0.0,36545.0
1719349200.2504728,0.0,36545.0
1719349200.5110688,0.0,36545.0
1719349200.7708812,0.0,36545.0
1719349201.032287,0.0,36545.0
1719349201.2958813,0.0,36545.0
1719349201.5562136,0.0,36545.0
1719349201.8111923,0.0,36545.0
1719349202.0761964,0.0,36545.0
1719349202.333068,0.0,36545.0
1719349202.5995123,0.0,36545.0
1719349202.8612983,0.0,36545.0
1719349203.1230352,0.0,36545.0
1719349203.3834708,0.0,36545.0
1719349203.6432533,0.0,36545.0
1719349203.900373,0.0,36545.0
1719349204.1593275,0.0,36545.0
1719349204.420282,0.0,36545.0
1719349204.6803021,0.0,36545.0
1719349204.941752,0.0,36545.0
1719349205.2037375,0.0,36545.0
1719349205.4661727,0.0,36545.0
1719349205.725256,0.0,36545.0
1719349205.9917364,0.0,36545.0
1719349206.2505565,0.0,36545.0
1719349206.5143912,0.0,36545.0
1719349206.7745829,0.0,36545.0
1719349207.0393996,0.0,36545.0
1719349207.303682,0.0,36545.0
1719349207.5811472,0.0,36545.0
1719349207.8455489,0.0,36545.0
1719349208.1084569,0.0,36545.0
1719349208.370271,0.0,36545.0
1719349208.628163,0.0,36545.0
1719349208.8914313,0.0,36545.0
1719349209.1512537,0.0,36545.0
1719349209.4106648,0.0,36545.0
1719349209.6703074,0.0,36545.0
1719349209.9340808,0.0,36545.0
1719349210.2577274,0.0,36545.0
1719349210.5146399,0.0,36545.0
1719349210.8017817,0.0,36545.0
1719349211.0620067,0.0,36545.0
1719349211.351281,0.0,36545.0
1719349211.6111057,0.0,36545.0
1719349211.8922403,0.0,36545.0
1719349212.1530826,0.0,36545.0
1719349212.412815,0.0,36545.0
1719349212.676086,0.0,36545.0
1719349212.9371417,0.0,36545.0
1719349213.1933565,0.0,36545.0
1719349213.455115,0.0,36545.0
1719349213.7145467,0.0,36545.0
1719349213.9703426,0.0,36545.0
1719349214.226676,0.0,36545.0
1719349214.4874105,0.0,36545.0
1719349214.747191,0.0,36545.0
1719349215.0049026,0.0,36545.0
1719349215.2653003,0.0,36545.0
1719349215.5201945,0.0,36545.0
1719349215.7785115,0.0,36545.0
1719349216.037902,0.0,36545.0
1719349216.2960546,0.0,36545.0
1719349216.5567224,0.0,36545.0
1719349216.8261058,0.0,36545.0
1719349217.092087,0.0,36545.0
1719349217.3590927,0.0,36545.0
1719349217.630234,0.0,36545.0
1719349217.8943326,0.0,36545.0
1719349218.159111,0.0,36545.0
