timestamp,gpu_util,gpu_mem
1719328142.781205,0.0,4.0
1719328142.915984,0.0,4.0
1719328143.0513682,0.0,4.0
1719328143.1844103,0.0,20.0
1719328143.335385,0.0,493.0
1719328143.4775636,0.0,633.0
1719328143.6397278,7.0,633.0
1719328143.7835052,0.0,633.0
1719328143.9305103,0.0,633.0
1719328144.0676274,0.0,633.0
1719328144.2037647,0.0,633.0
1719328144.3373241,0.0,633.0
1719328144.471637,0.0,633.0
1719328144.6037374,0.0,633.0
1719328144.7372534,0.0,633.0
1719328144.8700967,0.0,633.0
1719328145.0016024,0.0,633.0
1719328145.1309893,0.0,633.0
1719328145.259823,0.0,633.0
1719328145.3890927,0.0,633.0
1719328145.5179977,0.0,633.0
1719328145.6506703,0.0,633.0
1719328145.7868593,0.0,633.0
1719328145.9234977,0.0,633.0
1719328146.0567396,0.0,633.0
1719328146.1873493,0.0,633.0
1719328146.3229752,0.0,633.0
1719328146.4577065,0.0,633.0
1719328146.5918574,0.0,633.0
1719328146.7271318,0.0,633.0
1719328146.859418,0.0,633.0
1719328146.991461,0.0,633.0
1719328147.1259758,0.0,633.0
1719328147.265616,0.0,633.0
1719328147.399997,0.0,633.0
1719328147.5378077,0.0,633.0
1719328147.6770298,0.0,633.0
1719328147.812551,0.0,633.0
1719328147.947953,0.0,633.0
1719328148.0836625,0.0,633.0
1719328148.2180355,0.0,633.0
1719328148.354045,0.0,633.0
1719328148.4902503,0.0,633.0
1719328148.6268656,0.0,633.0
1719328148.762852,0.0,633.0
1719328148.8998568,0.0,633.0
1719328149.0357084,0.0,633.0
1719328149.1703334,0.0,633.0
1719328149.3054886,0.0,633.0
1719328149.4399433,0.0,633.0
1719328149.574543,0.0,633.0
1719328149.711166,0.0,633.0
1719328149.8457115,0.0,633.0
1719328149.9806657,0.0,633.0
1719328150.1161468,0.0,633.0
1719328150.2523358,0.0,633.0
1719328150.3891206,0.0,633.0
1719328150.5239708,0.0,633.0
1719328150.6597362,0.0,633.0
1719328150.796064,0.0,633.0
1719328150.9313703,0.0,633.0
1719328151.0668414,0.0,633.0
1719328151.2005498,0.0,633.0
1719328151.3346446,0.0,633.0
1719328151.466277,0.0,633.0
1719328151.5982046,0.0,633.0
1719328151.7321165,0.0,633.0
1719328151.8666081,0.0,633.0
1719328152.0005076,0.0,633.0
1719328152.13717,0.0,633.0
1719328152.2737613,0.0,633.0
1719328152.4079728,0.0,633.0
1719328152.542633,0.0,633.0
1719328152.6768484,0.0,633.0
1719328152.8100815,0.0,633.0
1719328152.942085,0.0,633.0
1719328153.0749793,0.0,633.0
1719328153.2061963,0.0,633.0
1719328153.3385174,0.0,633.0
1719328153.4717462,0.0,633.0
1719328153.606223,0.0,633.0
1719328153.7394793,0.0,633.0
1719328153.8725197,0.0,633.0
1719328154.0036812,0.0,633.0
1719328154.1385944,0.0,633.0
1719328154.2738512,0.0,633.0
1719328154.4108088,0.0,633.0
1719328154.5493388,0.0,633.0
1719328154.6830952,0.0,633.0
1719328154.819114,0.0,633.0
1719328154.9541063,0.0,633.0
1719328155.0885074,0.0,633.0
1719328155.2246697,0.0,633.0
1719328155.3582895,0.0,633.0
1719328155.4930506,0.0,633.0
1719328155.6251295,0.0,633.0
1719328155.7589457,0.0,633.0
1719328155.890014,0.0,633.0
1719328156.0212748,0.0,633.0
1719328156.1524122,0.0,633.0
1719328156.2825673,0.0,633.0
1719328156.4136739,0.0,633.0
1719328156.544271,0.0,633.0
1719328156.6805086,0.0,633.0
1719328156.8162358,0.0,633.0
1719328156.9514637,0.0,633.0
1719328157.0871468,0.0,633.0
1719328157.2205052,0.0,633.0
1719328157.3543398,0.0,633.0
1719328157.4881084,0.0,633.0
1719328157.6237884,0.0,633.0
1719328157.7586322,0.0,633.0
1719328157.892568,0.0,633.0
1719328158.026426,0.0,633.0
1719328158.1585336,0.0,633.0
1719328158.2908883,0.0,633.0
1719328158.4213874,0.0,633.0
1719328158.5533454,0.0,633.0
1719328158.684153,0.0,633.0
1719328158.8143363,0.0,633.0
1719328158.9446924,0.0,633.0
1719328159.07524,0.0,633.0
1719328159.2048724,0.0,633.0
1719328159.334957,0.0,633.0
1719328159.4656503,0.0,633.0
1719328159.596432,0.0,633.0
1719328159.7260346,0.0,633.0
1719328159.8581066,0.0,633.0
1719328159.990942,0.0,633.0
1719328160.1243382,0.0,633.0
1719328160.258084,0.0,633.0
1719328160.394173,0.0,633.0
1719328160.5308046,0.0,633.0
1719328160.6652668,0.0,633.0
1719328160.8009295,0.0,633.0
1719328160.9365447,0.0,633.0
1719328161.0719485,0.0,633.0
1719328161.2067196,0.0,633.0
1719328161.3391957,0.0,633.0
1719328161.4734764,0.0,633.0
1719328161.6045926,0.0,633.0
1719328161.73579,0.0,633.0
1719328161.8698003,0.0,633.0
1719328162.0037959,0.0,633.0
1719328162.135199,0.0,633.0
1719328162.2684639,0.0,633.0
1719328162.4001215,0.0,633.0
1719328162.5311863,0.0,633.0
1719328162.662696,0.0,633.0
1719328162.7990034,0.0,633.0
1719328162.9372008,0.0,633.0
1719328163.0751293,0.0,633.0
1719328163.2130213,0.0,633.0
1719328163.3484404,0.0,633.0
1719328163.4852083,0.0,633.0
1719328163.6222572,0.0,633.0
1719328163.7604048,0.0,633.0
1719328163.8969216,0.0,633.0
1719328164.0353317,0.0,633.0
1719328164.1708746,0.0,633.0
1719328164.3062074,0.0,633.0
1719328164.4388757,0.0,633.0
1719328164.573376,0.0,633.0
1719328164.705512,0.0,633.0
1719328164.8373492,0.0,633.0
1719328164.9688394,0.0,633.0
1719328165.1065931,0.0,633.0
1719328165.243975,0.0,633.0
1719328165.3809645,0.0,633.0
1719328165.5178833,0.0,633.0
1719328165.6541831,0.0,633.0
1719328165.789212,0.0,633.0
1719328165.92561,0.0,633.0
1719328166.0624914,0.0,633.0
1719328166.1992996,0.0,633.0
1719328166.336395,0.0,633.0
1719328166.4782863,0.0,633.0
1719328166.6120875,0.0,633.0
1719328166.7446337,0.0,633.0
1719328166.8757694,0.0,633.0
1719328167.0072207,0.0,633.0
1719328167.1373026,0.0,633.0
1719328167.267549,0.0,633.0
1719328167.3976214,0.0,633.0
1719328167.527051,0.0,633.0
1719328167.656347,0.0,633.0
1719328167.78761,0.0,633.0
1719328167.9178433,0.0,633.0
1719328168.0486798,0.0,633.0
1719328168.1783335,0.0,633.0
1719328168.307321,0.0,633.0
1719328168.4394548,0.0,633.0
1719328168.5726998,0.0,633.0
1719328168.706203,0.0,633.0
1719328168.8523622,0.0,633.0
1719328169.013883,0.0,633.0
1719328169.1860216,0.0,633.0
1719328169.3404915,0.0,633.0
1719328169.4938734,0.0,633.0
1719328169.6469977,0.0,633.0
1719328169.8125768,0.0,633.0
1719328169.9942884,0.0,633.0
1719328170.1409173,0.0,633.0
1719328170.307853,0.0,633.0
1719328170.4900343,0.0,633.0
1719328170.6557965,0.0,633.0
1719328170.8137066,0.0,633.0
1719328170.9671688,0.0,633.0
1719328171.1144242,0.0,633.0
1719328171.313248,0.0,633.0
1719328171.4988136,0.0,633.0
1719328171.701186,0.0,633.0
1719328171.8423693,0.0,633.0
1719328171.9907148,0.0,633.0
1719328172.156322,0.0,633.0
1719328172.3040571,0.0,633.0
1719328172.4666293,0.0,633.0
1719328172.6335263,0.0,633.0
1719328172.7692168,0.0,633.0
1719328172.9056776,0.0,633.0
1719328173.039823,0.0,633.0
1719328173.1731005,0.0,633.0
1719328173.309227,0.0,633.0
1719328173.4443974,0.0,633.0
1719328173.5807571,0.0,633.0
1719328173.751498,0.0,633.0
1719328173.922277,0.0,633.0
1719328174.08483,0.0,633.0
1719328174.2545707,0.0,633.0
1719328174.4173164,0.0,633.0
1719328174.5673583,0.0,633.0
1719328174.7137427,0.0,633.0
1719328174.8609672,0.0,633.0
1719328175.0305486,0.0,633.0
1719328175.1722722,0.0,633.0
1719328175.33677,0.0,633.0
1719328175.4948506,0.0,633.0
1719328175.644515,0.0,633.0
1719328175.784991,0.0,633.0
1719328175.9465601,0.0,633.0
1719328176.1513534,0.0,633.0
1719328176.3205814,0.0,633.0
1719328176.5223043,0.0,633.0
1719328176.7272582,0.0,633.0
1719328176.8809855,0.0,633.0
1719328177.0325437,0.0,633.0
1719328177.1998641,0.0,633.0
1719328177.3503678,0.0,633.0
1719328177.4882824,0.0,633.0
1719328177.6274571,0.0,633.0
1719328177.7658439,0.0,633.0
1719328177.8999894,0.0,633.0
1719328178.0329475,0.0,633.0
1719328178.1682217,0.0,633.0
1719328178.3035958,0.0,633.0
1719328178.4530702,0.0,633.0
1719328178.6266599,0.0,633.0
1719328178.7970219,0.0,633.0
1719328178.9622576,0.0,633.0
1719328179.1227992,0.0,633.0
1719328179.284002,0.0,633.0
1719328179.4288135,0.0,633.0
1719328179.5980525,0.0,633.0
1719328179.7427046,0.0,633.0
1719328179.8973832,0.0,633.0
1719328180.0665715,0.0,633.0
1719328180.2220302,0.0,633.0
1719328180.393282,0.0,633.0
1719328180.5597723,0.0,633.0
1719328180.7171404,0.0,633.0
1719328180.918691,0.0,633.0
1719328181.0738275,0.0,633.0
1719328181.2592187,0.0,633.0
1719328181.4115229,0.0,633.0
1719328181.593666,0.0,633.0
1719328181.7712455,0.0,633.0
1719328181.9141572,0.0,633.0
1719328182.0721254,0.0,633.0
1719328182.2326636,0.0,633.0
1719328182.3683655,0.0,633.0
1719328182.504624,0.0,633.0
1719328182.6396885,0.0,633.0
1719328182.7700982,0.0,633.0
1719328182.906152,0.0,633.0
1719328183.041227,0.0,633.0
1719328183.1767097,0.0,633.0
1719328183.3382957,0.0,633.0
1719328183.492026,0.0,633.0
1719328183.6491823,0.0,633.0
1719328183.8189049,0.0,633.0
1719328184.0094025,0.0,633.0
1719328184.1636,0.0,633.0
1719328184.3355808,0.0,633.0
1719328184.4779632,0.0,633.0
1719328184.6302154,0.0,633.0
1719328184.77558,0.0,633.0
1719328184.9328375,0.0,633.0
1719328185.0903614,0.0,633.0
1719328185.251619,0.0,633.0
1719328185.3904238,0.0,633.0
1719328185.597336,0.0,633.0
1719328185.799662,0.0,633.0
1719328186.0020347,0.0,633.0
1719328186.151813,0.0,633.0
1719328186.3523064,0.0,633.0
1719328186.5350764,0.0,633.0
1719328186.6995945,0.0,633.0
1719328186.8601775,0.0,633.0
1719328187.000943,0.0,633.0
1719328187.1352851,0.0,633.0
1719328187.2715378,0.0,633.0
1719328187.4070098,0.0,633.0
1719328187.53985,0.0,633.0
1719328187.6763942,0.0,633.0
1719328187.8107398,0.0,633.0
1719328187.9600208,0.0,633.0
1719328188.1213768,0.0,633.0
1719328188.2833111,0.0,633.0
1719328188.4332128,0.0,633.0
1719328188.598773,0.0,633.0
1719328188.7518458,0.0,633.0
1719328188.909237,0.0,633.0
1719328189.046619,0.0,633.0
1719328189.198845,0.0,633.0
1719328189.3429143,0.0,633.0
1719328189.4945278,0.0,633.0
1719328189.6583183,0.0,633.0
1719328189.8068204,0.0,633.0
1719328189.9702394,0.0,633.0
1719328190.1182528,0.0,633.0
1719328190.310485,0.0,633.0
1719328190.5129647,0.0,633.0
1719328190.6900587,0.0,633.0
1719328190.8924918,0.0,633.0
1719328191.0789766,0.0,633.0
1719328191.2343595,0.0,633.0
1719328191.3803024,0.0,633.0
1719328191.5360317,0.0,633.0
1719328191.6851015,0.0,633.0
1719328191.8302588,0.0,633.0
1719328191.9639618,0.0,633.0
1719328192.1031237,0.0,633.0
1719328192.2385685,0.0,633.0
1719328192.369201,0.0,633.0
1719328192.5018399,0.0,633.0
1719328192.6378243,0.0,633.0
1719328192.7738986,0.0,633.0
1719328192.9401174,0.0,633.0
1719328193.1092994,0.0,633.0
1719328193.2638385,0.0,633.0
1719328193.4127157,0.0,633.0
1719328193.5650442,0.0,633.0
1719328193.7447462,0.0,633.0
1719328193.8924189,0.0,633.0
1719328194.061666,0.0,633.0
1719328194.210662,0.0,633.0
1719328194.382921,0.0,633.0
1719328194.5554194,0.0,633.0
1719328194.697675,0.0,633.0
1719328194.855188,0.0,633.0
1719328195.0041168,0.0,633.0
1719328195.155997,0.0,633.0
1719328195.34682,0.0,633.0
1719328195.540023,0.0,633.0
1719328195.7420793,0.0,633.0
1719328195.8952086,0.0,633.0
1719328196.082774,0.0,633.0
1719328196.2558236,0.0,633.0
1719328196.420544,0.0,633.0
1719328196.5854053,0.0,633.0
1719328196.7291975,0.0,633.0
1719328196.8646865,0.0,633.0
1719328197.0019226,0.0,633.0
1719328197.1366658,0.0,633.0
1719328197.2684855,0.0,633.0
1719328197.3986235,0.0,633.0
1719328197.5363305,0.0,633.0
1719328197.6712296,0.0,633.0
1719328197.8287716,0.0,633.0
1719328197.9916813,0.0,633.0
1719328198.1697183,0.0,633.0
1719328198.3439417,0.0,633.0
1719328198.4955902,0.0,633.0
1719328198.6857657,0.0,633.0
1719328198.8325953,0.0,633.0
1719328199.003657,0.0,633.0
1719328199.1552432,0.0,633.0
1719328199.3164992,0.0,633.0
1719328199.4999804,0.0,633.0
1719328199.647261,0.0,633.0
1719328199.8238332,0.0,633.0
1719328199.9766655,0.0,633.0
1719328200.1802173,0.0,633.0
1719328200.357916,0.0,633.0
1719328200.5339375,0.0,633.0
1719328200.7360404,0.0,633.0
1719328200.9160018,0.0,633.0
1719328201.0778685,0.0,633.0
1719328201.21485,0.0,633.0
1719328201.3601413,0.0,633.0
1719328201.5348742,0.0,633.0
1719328201.678351,0.0,633.0
1719328201.8137093,0.0,633.0
1719328201.9491897,0.0,633.0
1719328202.0843084,0.0,633.0
1719328202.2150736,0.0,633.0
1719328202.3500824,0.0,633.0
1719328202.4866676,0.0,633.0
1719328202.6305752,0.0,633.0
1719328202.80915,0.0,633.0
1719328202.957237,0.0,633.0
1719328203.103392,0.0,633.0
1719328203.254646,0.0,633.0
1719328203.4062812,0.0,633.0
1719328203.5625162,0.0,633.0
1719328203.722301,0.0,633.0
1719328203.8831716,0.0,633.0
1719328204.0399868,0.0,633.0
1719328204.1963563,0.0,633.0
1719328204.3419921,0.0,633.0
1719328204.500975,0.0,633.0
1719328204.6459115,0.0,633.0
1719328204.797524,0.0,633.0
1719328204.9457703,0.0,633.0
1719328205.0957572,0.0,633.0
1719328205.300897,0.0,633.0
1719328205.4715037,0.0,633.0
1719328205.661462,0.0,633.0
1719328205.813463,0.0,633.0
1719328205.9935982,0.0,633.0
1719328206.156977,0.0,633.0
1719328206.302611,0.0,633.0
1719328206.4616923,0.0,633.0
1719328206.6175702,0.0,633.0
1719328206.7563558,0.0,633.0
1719328206.8953013,0.0,633.0
1719328207.0319777,0.0,633.0
1719328207.166656,0.0,633.0
1719328207.3078473,0.0,633.0
1719328207.4506483,0.0,633.0
1719328207.5919874,0.0,633.0
1719328207.7352867,0.0,633.0
1719328207.8947742,0.0,633.0
1719328208.04637,0.0,633.0
1719328208.2125478,0.0,633.0
1719328208.3748088,0.0,633.0
1719328208.5301845,0.0,633.0
1719328208.671007,0.0,633.0
1719328208.8283615,0.0,633.0
1719328208.9799583,0.0,633.0
1719328209.1192248,0.0,633.0
1719328209.2900352,0.0,633.0
1719328209.440758,0.0,633.0
1719328209.59044,0.0,633.0
1719328209.7393746,0.0,633.0
1719328209.8857987,0.0,633.0
1719328210.0841095,0.0,633.0
1719328210.2881327,0.0,633.0
1719328210.498008,0.0,633.0
1719328210.6537771,0.0,633.0
1719328210.8588192,0.0,633.0
1719328211.02768,0.0,633.0
1719328211.1900225,0.0,633.0
1719328211.3472383,0.0,633.0
1719328211.4949195,0.0,633.0
1719328211.630319,0.0,633.0
1719328211.765695,0.0,633.0
1719328211.8993213,0.0,633.0
1719328212.0288434,0.0,633.0
1719328212.1658485,0.0,633.0
1719328212.3003325,0.0,633.0
1719328212.4568532,0.0,633.0
1719328212.6196015,0.0,633.0
1719328212.7825093,0.0,633.0
1719328212.943014,0.0,633.0
1719328213.091947,0.0,633.0
1719328213.271828,0.0,633.0
1719328213.4217384,0.0,633.0
1719328213.5852246,0.0,633.0
1719328213.7466934,0.0,633.0
1719328213.8930888,0.0,633.0
1719328214.0442252,0.0,633.0
1719328214.2011573,0.0,633.0
1719328214.3784006,0.0,633.0
1719328214.5580978,0.0,633.0
1719328214.7175884,0.0,633.0
1719328214.9175732,0.0,633.0
1719328215.0842624,0.0,633.0
1719328215.2737021,0.0,633.0
1719328215.4256227,0.0,633.0
1719328215.612126,0.0,633.0
1719328215.7726684,0.0,633.0
1719328215.9179003,0.0,633.0
1719328216.077531,0.0,633.0
1719328216.238751,0.0,633.0
1719328216.373328,0.0,633.0
1719328216.509579,0.0,633.0
1719328216.6463695,0.0,633.0
1719328216.775673,0.0,633.0
1719328216.9057176,0.0,633.0
1719328217.0418565,0.0,633.0
1719328217.178136,0.0,633.0
1719328217.3336735,0.0,633.0
1719328217.4917414,0.0,633.0
1719328217.6436188,0.0,633.0
1719328217.8046682,0.0,633.0
1719328217.9534495,0.0,633.0
1719328218.1227534,0.0,633.0
1719328218.2657027,0.0,633.0
1719328218.4147253,0.0,633.0
1719328218.5661979,0.0,633.0
1719328218.7187688,0.0,633.0
1719328218.8638167,0.0,633.0
1719328219.0083401,0.0,633.0
1719328219.163826,0.0,633.0
1719328219.331149,0.0,633.0
1719328219.470966,0.0,633.0
1719328219.6779,0.0,633.0
1719328219.877305,0.0,633.0
1719328220.0673313,0.0,633.0
1719328220.2495363,0.0,633.0
1719328220.4381092,0.0,633.0
1719328220.6095457,0.0,633.0
1719328220.7619736,0.0,633.0
1719328220.9273021,0.0,633.0
1719328221.0866325,0.0,633.0
1719328221.2215998,0.0,633.0
1719328221.3590262,0.0,633.0
1719328221.4946241,0.0,633.0
1719328221.629054,0.0,633.0
1719328221.766465,0.0,633.0
1719328221.90304,0.0,633.0
1719328222.038605,0.0,633.0
1719328222.201279,0.0,633.0
1719328222.366567,0.0,633.0
1719328222.5068212,0.0,633.0
1719328222.668381,0.0,633.0
1719328222.8416195,0.0,633.0
1719328223.010062,0.0,633.0
1719328223.168438,0.0,633.0
1719328223.3108852,0.0,633.0
1719328223.454358,0.0,633.0
1719328223.6075096,0.0,633.0
1719328223.7606006,0.0,633.0
1719328223.9348068,0.0,633.0
1719328224.1050954,0.0,633.0
1719328224.244752,0.0,633.0
1719328224.4391136,0.0,633.0
1719328224.6422489,0.0,633.0
1719328224.8482196,0.0,633.0
1719328225.0149798,0.0,633.0
1719328225.2053757,0.0,633.0
1719328225.3646739,0.0,633.0
1719328225.510592,0.0,633.0
1719328225.6708152,0.0,633.0
1719328225.824049,0.0,633.0
1719328225.961263,0.0,633.0
1719328226.1003358,0.0,633.0
1719328226.235324,0.0,633.0
1719328226.3690267,0.0,633.0
1719328226.498361,0.0,633.0
1719328226.6319425,0.0,633.0
1719328226.7684677,0.0,633.0
1719328226.9050746,0.0,633.0
1719328227.065028,0.0,633.0
1719328227.222054,0.0,633.0
1719328227.3737469,0.0,633.0
1719328227.5375302,0.0,633.0
1719328227.6967611,0.0,633.0
1719328227.8684516,0.0,633.0
1719328228.0138109,0.0,633.0
1719328228.1565006,0.0,633.0
1719328228.3025808,0.0,633.0
1719328228.4477327,0.0,633.0
1719328228.6208372,0.0,633.0
1719328228.7840858,0.0,633.0
1719328228.9358454,0.0,633.0
1719328229.0896873,0.0,633.0
1719328229.296891,0.0,633.0
1719328229.5006316,0.0,633.0
1719328229.6840253,0.0,633.0
1719328229.8827968,0.0,633.0
1719328230.0656776,0.0,633.0
1719328230.201426,0.0,633.0
1719328230.353812,0.0,633.0
1719328230.5027316,0.0,633.0
1719328230.6640136,0.0,633.0
1719328230.8010862,0.0,633.0
1719328230.9361627,0.0,633.0
1719328231.072711,0.0,633.0
1719328231.2070298,0.0,633.0
1719328231.3388903,0.0,633.0
1719328231.4702148,0.0,633.0
1719328231.6075969,0.0,633.0
1719328231.7424822,0.0,633.0
1719328231.921834,0.0,633.0
1719328232.07289,0.0,633.0
1719328232.227665,0.0,633.0
1719328232.4003386,0.0,633.0
1719328232.5551643,0.0,633.0
1719328232.757066,0.0,633.0
1719328232.8981338,0.0,633.0
1719328233.0545766,0.0,633.0
1719328233.201546,0.0,633.0
1719328233.3546734,0.0,633.0
1719328233.5094032,0.0,633.0
1719328233.666501,0.0,633.0
1719328233.825176,0.0,633.0
1719328233.9784973,0.0,633.0
1719328234.174637,0.0,633.0
1719328234.3810942,0.0,633.0
1719328234.5699034,0.0,633.0
1719328234.7596726,0.0,633.0
1719328234.9454129,0.0,633.0
1719328235.0879486,0.0,633.0
1719328235.2394688,0.0,633.0
1719328235.4058573,0.0,633.0
1719328235.578159,0.0,633.0
1719328235.7147627,0.0,633.0
1719328235.8541067,0.0,633.0
1719328235.9891171,0.0,633.0
1719328236.1207714,0.0,633.0
1719328236.2514014,0.0,633.0
1719328236.3867342,0.0,633.0
1719328236.5238295,0.0,633.0
1719328236.661235,0.0,633.0
1719328236.812967,0.0,633.0
1719328236.9784985,0.0,633.0
1719328237.1282682,0.0,633.0
1719328237.2802944,0.0,633.0
1719328237.4547765,0.0,633.0
1719328237.633832,0.0,633.0
1719328237.7782335,0.0,633.0
1719328237.935778,0.0,633.0
1719328238.0752535,0.0,633.0
1719328238.2277145,0.0,633.0
1719328238.373752,0.0,633.0
1719328238.5326962,0.0,633.0
1719328238.6877904,0.0,633.0
1719328238.8367612,0.0,633.0
1719328239.0386672,0.0,633.0
1719328239.2257617,0.0,633.0
1719328239.4292364,0.0,633.0
1719328239.6250656,0.0,633.0
1719328239.8146307,0.0,633.0
1719328239.9847946,0.0,633.0
1719328240.131528,0.0,633.0
1719328240.2904823,0.0,633.0
1719328240.4539268,0.0,633.0
1719328240.5899055,0.0,633.0
1719328240.725181,0.0,633.0
1719328240.8591485,0.0,633.0
1719328240.9884863,0.0,633.0
1719328241.117482,0.0,633.0
1719328241.2533557,0.0,633.0
1719328241.3892496,0.0,633.0
1719328241.5257523,0.0,633.0
1719328241.6783671,0.0,633.0
1719328241.829318,0.0,633.0
1719328241.9817119,0.0,633.0
1719328242.1330054,0.0,633.0
1719328242.2935367,0.0,633.0
1719328242.4751217,0.0,633.0
1719328242.6146898,0.0,633.0
1719328242.7616959,0.0,633.0
1719328242.9111223,0.0,633.0
1719328243.061045,0.0,633.0
1719328243.2337475,0.0,633.0
1719328243.3830907,0.0,633.0
1719328243.548743,0.0,633.0
1719328243.6986222,0.0,633.0
1719328243.8645856,0.0,633.0
1719328244.0678284,0.0,633.0
1719328244.2333353,0.0,633.0
1719328244.421059,0.0,633.0
1719328244.572628,0.0,633.0
1719328244.7621326,0.0,633.0
1719328244.9501905,0.0,633.0
1719328245.0915084,0.0,633.0
1719328245.2514892,0.0,633.0
1719328245.411969,0.0,633.0
1719328245.5464327,0.0,633.0
1719328245.683758,0.0,633.0
1719328245.8186917,0.0,633.0
1719328245.9511535,0.0,633.0
1719328246.0865285,0.0,633.0
1719328246.223063,0.0,633.0
1719328246.3584285,0.0,633.0
1719328246.5238466,0.0,633.0
1719328246.6769412,0.0,633.0
1719328246.832947,0.0,633.0
1719328246.9947062,0.0,633.0
1719328247.1494706,0.0,633.0
1719328247.3308377,0.0,633.0
1719328247.4825895,0.0,633.0
1719328247.6438804,0.0,633.0
1719328247.7966666,0.0,633.0
1719328247.9427023,0.0,633.0
1719328248.1092508,0.0,633.0
1719328248.2705357,0.0,633.0
1719328248.4234405,0.0,633.0
1719328248.5627797,0.0,633.0
1719328248.7645676,0.0,633.0
1719328248.9648678,0.0,633.0
1719328249.164586,0.0,633.0
1719328249.324366,0.0,633.0
1719328249.519435,0.0,633.0
1719328249.6945822,0.0,633.0
1719328249.8651142,0.0,633.0
1719328250.028273,0.0,633.0
1719328250.1757007,0.0,633.0
1719328250.3119519,0.0,633.0
1719328250.4480238,0.0,633.0
1719328250.583363,0.0,633.0
1719328250.7138975,0.0,633.0
1719328250.8443754,0.0,633.0
1719328250.9809551,0.0,633.0
1719328251.1160426,0.0,633.0
1719328251.27446,0.0,633.0
1719328251.4497721,0.0,633.0
1719328251.6026552,0.0,633.0
1719328251.7591941,0.0,633.0
1719328251.9196503,0.0,633.0
1719328252.0726395,0.0,633.0
1719328252.234634,0.0,633.0
1719328252.3918393,0.0,633.0
1719328252.5482419,0.0,633.0
1719328252.6967406,0.0,633.0
1719328252.8370261,0.0,633.0
1719328252.9835043,0.0,633.0
1719328253.1554945,0.0,633.0
1719328253.3052194,0.0,633.0
1719328253.446725,0.0,633.0
1719328253.6527958,0.0,633.0
1719328253.8528972,0.0,633.0
1719328253.9982283,0.0,633.0
1719328254.1812356,0.0,633.0
1719328254.3823998,0.0,633.0
1719328254.5434601,0.0,633.0
1719328254.7071676,0.0,633.0
1719328254.8649328,0.0,633.0
1719328255.021638,0.0,633.0
1719328255.1570249,0.0,633.0
1719328255.292677,0.0,633.0
1719328255.429218,0.0,633.0
1719328255.5638757,0.0,633.0
1719328255.6930602,0.0,633.0
1719328255.830349,0.0,633.0
1719328255.964586,0.0,633.0
1719328256.1092618,0.0,633.0
1719328256.2732625,0.0,633.0
1719328256.4229765,0.0,633.0
1719328256.5699408,0.0,633.0
1719328256.7199497,0.0,633.0
1719328256.8865259,0.0,633.0
1719328257.05222,0.0,633.0
1719328257.2071028,0.0,633.0
1719328257.3637145,0.0,633.0
1719328257.51214,0.0,633.0
1719328257.6572943,0.0,633.0
1719328257.8161333,0.0,633.0
1719328257.9779613,0.0,633.0
1719328258.147109,0.0,633.0
1719328258.288867,0.0,633.0
1719328258.4826074,0.0,633.0
1719328258.68184,0.0,633.0
1719328258.8666763,0.0,633.0
1719328259.0487828,0.0,633.0
1719328259.2338777,0.0,633.0
1719328259.4089472,0.0,633.0
1719328259.5514495,0.0,633.0
1719328259.7135823,0.0,633.0
1719328259.8625925,0.0,633.0
1719328259.9972913,0.0,633.0
1719328260.1344278,0.0,633.0
1719328260.2684798,0.0,633.0
1719328260.3991878,0.0,633.0
1719328260.5302303,0.0,633.0
1719328260.6668208,0.0,633.0
1719328260.8008184,0.0,633.0
1719328260.952585,0.0,633.0
1719328261.1110463,0.0,633.0
1719328261.2741768,0.0,633.0
1719328261.4237578,0.0,633.0
1719328261.5960915,0.0,633.0
1719328261.756388,0.0,633.0
1719328261.9072433,0.0,633.0
1719328262.0641944,0.0,633.0
1719328262.2174842,0.0,633.0
1719328262.36413,0.0,633.0
1719328262.51239,0.0,633.0
1719328262.6718435,0.0,633.0
1719328262.8377142,0.0,633.0
1719328262.9953578,0.0,633.0
1719328263.1348999,0.0,633.0
1719328263.3337111,0.0,633.0
1719328263.538074,0.0,633.0
1719328263.741232,0.0,633.0
1719328263.90283,0.0,633.0
1719328264.0850224,0.0,633.0
1719328264.2537026,0.0,633.0
1719328264.400192,0.0,633.0
1719328264.548442,0.0,633.0
1719328264.7120342,0.0,633.0
1719328264.8483667,0.0,633.0
1719328264.986198,0.0,633.0
1719328265.1228936,0.0,633.0
1719328265.2592237,0.0,633.0
1719328265.3909526,0.0,633.0
1719328265.5237308,0.0,633.0
1719328265.6607525,0.0,633.0
1719328265.7950845,0.0,633.0
1719328265.958407,0.0,633.0
1719328266.1337812,0.0,633.0
1719328266.3027422,0.0,633.0
1719328266.4650111,0.0,633.0
1719328266.6227508,0.0,633.0
1719328266.8100412,0.0,633.0
1719328266.955302,0.0,633.0
1719328267.1120446,0.0,633.0
1719328267.2598405,0.0,633.0
1719328267.4136918,0.0,633.0
1719328267.5621307,0.0,633.0
1719328267.735838,0.0,633.0
1719328267.888385,0.0,633.0
1719328268.0309572,0.0,633.0
1719328268.2531464,0.0,633.0
1719328268.461778,0.0,633.0
1719328268.6646917,0.0,633.0
1719328268.8242242,0.0,633.0
1719328269.0093184,0.0,633.0
1719328269.1703045,0.0,633.0
1719328269.319084,0.0,633.0
1719328269.4833784,0.0,633.0
1719328269.6368794,0.0,633.0
1719328269.772778,0.0,633.0
1719328269.9087186,0.0,633.0
1719328270.0432272,0.0,633.0
1719328270.1720266,0.0,633.0
1719328270.3056767,0.0,633.0
1719328270.4413943,0.0,633.0
1719328270.5794013,0.0,633.0
1719328270.7554545,0.0,633.0
1719328270.9136558,0.0,633.0
1719328271.0726233,0.0,633.0
1719328271.2340295,0.0,633.0
1719328271.406189,0.0,633.0
1719328271.587678,0.0,633.0
1719328271.727835,0.0,633.0
1719328271.8871932,0.0,633.0
1719328272.029254,0.0,633.0
1719328272.1784275,0.0,633.0
1719328272.3418045,0.0,633.0
1719328272.4892092,0.0,633.0
1719328272.655184,0.0,633.0
1719328272.8081574,0.0,633.0
1719328272.991018,0.0,633.0
1719328273.1895814,0.0,633.0
1719328273.369883,0.0,633.0
1719328273.5694854,0.0,633.0
1719328273.7618735,0.0,633.0
1719328273.90239,0.0,633.0
1719328274.039105,0.0,633.0
1719328274.1932108,0.0,633.0
1719328274.3717163,0.0,633.0
1719328274.5108347,0.0,633.0
1719328274.6466389,0.0,633.0
1719328274.7830782,0.0,633.0
1719328274.919442,0.0,633.0
1719328275.0533698,0.0,633.0
1719328275.1910799,0.0,633.0
1719328275.3282301,0.0,633.0
1719328275.4647913,0.0,633.0
1719328275.6138458,0.0,633.0
1719328275.7721395,0.0,633.0
1719328275.941344,0.0,633.0
1719328276.1069686,0.0,633.0
1719328276.2662928,0.0,633.0
1719328276.4266918,0.0,633.0
1719328276.5658588,0.0,633.0
1719328276.7237346,0.0,633.0
1719328276.8621309,0.0,633.0
1719328277.0090485,0.0,633.0
1719328277.1708982,0.0,633.0
1719328277.325855,0.0,633.0
1719328277.490121,0.0,633.0
1719328277.6413732,0.0,633.0
1719328277.8035102,0.0,633.0
1719328278.003834,0.0,633.0
1719328278.1584377,0.0,633.0
1719328278.3419647,0.0,633.0
1719328278.4937649,0.0,633.0
1719328278.6813455,0.0,633.0
1719328278.8476186,0.0,633.0
1719328278.996703,0.0,633.0
1719328279.1522987,0.0,633.0
1719328279.3006983,0.0,633.0
1719328279.436306,0.0,633.0
1719328279.575044,0.0,633.0
1719328279.7094896,0.0,633.0
1719328279.8400195,0.0,633.0
1719328279.9700043,0.0,633.0
1719328280.1067061,0.0,633.0
1719328280.2412453,0.0,633.0
1719328280.378178,0.0,633.0
1719328280.5382776,0.0,633.0
1719328280.7099214,0.0,633.0
1719328280.8676965,0.0,633.0
1719328281.0245671,0.0,633.0
1719328281.1909342,0.0,633.0
1719328281.327012,0.0,633.0
1719328281.4716609,0.0,633.0
1719328281.6281843,0.0,633.0
1719328281.7750325,0.0,633.0
1719328281.9306474,0.0,633.0
1719328282.0863576,0.0,633.0
1719328282.2558525,0.0,633.0
1719328282.4237092,0.0,633.0
1719328282.5683353,0.0,633.0
1719328282.755282,0.0,633.0
1719328282.9424417,0.0,633.0
1719328283.1454463,0.0,633.0
1719328283.3133848,0.0,633.0
1719328283.4971867,0.0,633.0
1719328283.6455839,0.0,633.0
1719328283.7916303,0.0,633.0
1719328283.950198,0.0,633.0
1719328284.1039586,0.0,633.0
1719328284.2391772,0.0,633.0
1719328284.3767636,0.0,633.0
1719328284.5140982,0.0,633.0
1719328284.6502395,0.0,633.0
1719328284.7808964,0.0,633.0
1719328284.9187002,0.0,633.0
1719328285.055884,0.0,633.0
1719328285.1930954,0.0,633.0
1719328285.3452046,0.0,633.0
1719328285.497854,0.0,633.0
1719328285.6427035,0.0,633.0
1719328285.8142815,0.0,633.0
1719328285.9649918,0.0,633.0
1719328286.1533527,0.0,633.0
1719328286.2948494,0.0,633.0
1719328286.4602518,0.0,633.0
1719328286.6035962,0.0,633.0
1719328286.760032,0.0,633.0
1719328286.9089901,0.0,633.0
1719328287.0832193,0.0,633.0
1719328287.232596,0.0,633.0
1719328287.3881032,0.0,633.0
1719328287.5979245,0.0,633.0
1719328287.8088725,0.0,633.0
1719328287.9560158,0.0,633.0
1719328288.1514156,0.0,633.0
1719328288.341574,0.0,633.0
1719328288.4810529,0.0,633.0
1719328288.6243525,0.0,633.0
1719328288.7700722,0.0,633.0
1719328288.9225595,0.0,633.0
1719328289.0713058,0.0,633.0
1719328289.2095673,0.0,633.0
1719328289.3448417,0.0,633.0
1719328289.4778032,0.0,633.0
1719328289.6076071,0.0,633.0
1719328289.7434223,0.0,633.0
1719328289.8790357,0.0,633.0
1719328290.0258207,0.0,633.0
1719328290.190758,0.0,633.0
1719328290.3465343,0.0,633.0
1719328290.4958444,0.0,633.0
1719328290.6508107,0.0,633.0
1719328290.8077285,0.0,633.0
1719328290.9795432,0.0,633.0
1719328291.121546,0.0,633.0
1719328291.2907856,0.0,633.0
1719328291.454717,0.0,633.0
1719328291.6017654,0.0,633.0
1719328291.763357,0.0,633.0
1719328291.9675245,0.0,633.0
1719328292.1688964,0.0,633.0
1719328292.3473191,0.0,633.0
1719328292.551409,0.0,633.0
1719328292.702314,0.0,633.0
1719328292.8524296,0.0,633.0
1719328293.025817,0.0,633.0
1719328293.193176,0.0,633.0
1719328293.3437574,0.0,633.0
1719328293.5012329,0.0,633.0
1719328293.6584778,0.0,633.0
1719328293.7995355,0.0,633.0
1719328293.9345407,0.0,633.0
1719328294.068985,0.0,633.0
1719328294.2000551,0.0,633.0
1719328294.3372703,0.0,633.0
1719328294.471522,0.0,633.0
1719328294.6092083,0.0,633.0
1719328294.769583,0.0,633.0
1719328294.927673,0.0,633.0
1719328295.0918224,0.0,633.0
1719328295.2613385,0.0,633.0
1719328295.4282818,0.0,633.0
1719328295.584862,0.0,633.0
1719328295.7277415,0.0,633.0
1719328295.8820426,0.0,633.0
1719328296.0211477,0.0,633.0
1719328296.1653154,0.0,633.0
1719328296.3081958,0.0,633.0
1719328296.475575,0.0,633.0
1719328296.6343648,0.0,633.0
1719328296.784975,0.0,633.0
1719328296.9797232,0.0,633.0
1719328297.1722593,0.0,633.0
1719328297.3414948,0.0,633.0
1719328297.539793,0.0,633.0
1719328297.7325096,0.0,633.0
1719328297.8826702,0.0,633.0
1719328298.049508,0.0,633.0
1719328298.2114198,0.0,633.0
1719328298.3555703,0.0,633.0
1719328298.5018768,0.0,633.0
1719328298.6360085,0.0,633.0
1719328298.7728875,0.0,633.0
1719328298.9076807,0.0,633.0
1719328299.0377808,0.0,633.0
1719328299.1654892,0.0,633.0
1719328299.3009832,0.0,633.0
1719328299.4612758,0.0,633.0
1719328299.627007,0.0,633.0
1719328299.8017793,0.0,633.0
1719328299.9632022,0.0,633.0
1719328300.124942,0.0,633.0
1719328300.2869186,0.0,633.0
1719328300.4718418,0.0,633.0
1719328300.6131415,0.0,633.0
1719328300.7714112,0.0,633.0
1719328300.9090288,0.0,633.0
1719328301.0641136,0.0,633.0
1719328301.2260673,0.0,633.0
1719328301.3832972,0.0,633.0
1719328301.5555785,0.0,633.0
1719328301.6911006,0.0,633.0
1719328301.8678427,0.0,633.0
1719328302.0130696,0.0,633.0
1719328302.2064676,0.0,633.0
1719328302.3862395,0.0,633.0
1719328302.5784392,0.0,633.0
1719328302.7279615,0.0,633.0
1719328302.9151242,0.0,633.0
1719328303.0877593,0.0,633.0
1719328303.248063,0.0,633.0
1719328303.4245594,0.0,633.0
1719328303.567834,0.0,633.0
1719328303.7039905,0.0,633.0
1719328303.8395758,0.0,633.0
1719328303.9744408,0.0,633.0
1719328304.103961,0.0,633.0
1719328304.2379222,0.0,633.0
1719328304.3731556,0.0,633.0
1719328304.5089147,0.0,633.0
1719328304.6685627,0.0,633.0
1719328304.8283489,0.0,633.0
1719328304.9845452,0.0,633.0
1719328305.128956,0.0,633.0
1719328305.2884865,0.0,633.0
1719328305.4655123,0.0,633.0
1719328305.605572,0.0,633.0
1719328305.7550356,0.0,633.0
1719328305.9031029,0.0,633.0
1719328306.061788,0.0,633.0
1719328306.2227793,0.0,633.0
1719328306.3641665,0.0,633.0
1719328306.5327106,0.0,633.0
1719328306.6770098,0.0,633.0
1719328306.8458686,0.0,633.0
1719328307.0450025,0.0,633.0
1719328307.203255,0.0,633.0
1719328307.3920865,0.0,633.0
1719328307.5415285,0.0,633.0
1719328307.7264774,0.0,633.0
1719328307.9033659,0.0,633.0
1719328308.0478208,0.0,633.0
1719328308.2146835,0.0,633.0
1719328308.3758714,0.0,633.0
1719328308.5119638,0.0,633.0
1719328308.6496866,0.0,633.0
1719328308.784604,0.0,633.0
1719328308.9149168,0.0,633.0
1719328309.0466297,0.0,633.0
1719328309.1828454,0.0,633.0
1719328309.3198392,0.0,633.0
1719328309.4734855,0.0,633.0
1719328309.625305,0.0,633.0
1719328309.8010721,0.0,633.0
1719328309.9482172,0.0,633.0
1719328310.1004531,0.0,633.0
1719328310.2702694,0.0,633.0
1719328310.4127035,0.0,633.0
1719328310.5713344,0.0,633.0
1719328310.7207577,0.0,633.0
1719328310.873691,0.0,633.0
1719328311.0181332,0.0,633.0
1719328311.1652992,0.0,633.0
1719328311.3320844,0.0,633.0
1719328311.4893913,0.0,633.0
1719328311.6290264,0.0,633.0
1719328311.8351321,0.0,633.0
1719328312.0397806,0.0,633.0
1719328312.24383,0.0,633.0
1719328312.4114144,0.0,633.0
1719328312.5963082,0.0,633.0
1719328312.7775962,0.0,633.0
1719328312.9524684,0.0,633.0
1719328313.1140127,0.0,633.0
1719328313.2553723,0.0,633.0
1719328313.391097,0.0,633.0
1719328313.5271432,0.0,633.0
1719328313.6612456,0.0,633.0
1719328313.7924714,0.0,633.0
1719328313.9290586,0.0,633.0
1719328314.0670712,0.0,633.0
1719328314.2013264,0.0,633.0
1719328314.3591437,0.0,633.0
1719328314.517681,0.0,633.0
1719328314.6756892,0.0,633.0
1719328314.832077,0.0,633.0
1719328314.993702,0.0,633.0
1719328315.161335,0.0,633.0
1719328315.3081598,0.0,633.0
1719328315.4778087,0.0,633.0
1719328315.6242049,0.0,633.0
1719328315.7760973,0.0,633.0
1719328315.9348097,0.0,633.0
1719328316.0969288,0.0,633.0
1719328316.2621212,0.0,633.0
1719328316.4025204,0.0,633.0
1719328316.5976713,0.0,633.0
1719328316.8051746,0.0,633.0
1719328316.9907765,0.0,633.0
1719328317.1796339,0.0,633.0
1719328317.3700547,0.0,633.0
1719328317.5330293,0.0,633.0
1719328317.6778042,0.0,633.0
1719328317.8299103,0.0,633.0
1719328317.9816313,0.0,633.0
1719328318.1178112,0.0,633.0
1719328318.257042,0.0,633.0
1719328318.3944442,0.0,633.0
1719328318.52877,0.0,633.0
1719328318.6654925,0.0,633.0
1719328318.8014429,0.0,633.0
1719328318.9407887,0.0,633.0
1719328319.1014075,0.0,633.0
1719328319.2684035,0.0,633.0
1719328319.4222198,0.0,633.0
1719328319.5865366,0.0,633.0
1719328319.7477071,0.0,633.0
1719328319.9105368,0.0,633.0
1719328320.053702,0.0,633.0
1719328320.217686,0.0,633.0
1719328320.3581874,0.0,633.0
1719328320.509802,0.0,633.0
1719328320.660081,0.0,633.0
1719328320.81174,0.0,633.0
1719328320.962564,0.0,633.0
1719328321.1128914,0.0,633.0
1719328321.328996,0.0,633.0
1719328321.546739,0.0,633.0
1719328321.7502382,0.0,633.0
1719328321.923142,0.0,633.0
1719328322.1098158,0.0,633.0
1719328322.2905319,0.0,633.0
1719328322.4445274,0.0,633.0
1719328322.6027632,0.0,633.0
1719328322.7587035,0.0,633.0
1719328322.8942835,0.0,633.0
1719328323.0299482,0.0,633.0
1719328323.1643314,0.0,633.0
1719328323.294073,0.0,633.0
1719328323.4227812,0.0,633.0
1719328323.5592308,0.0,633.0
1719328323.6954327,0.0,633.0
1719328323.8316407,0.0,633.0
1719328324.0003521,0.0,633.0
1719328324.1753979,0.0,697.0
1719328324.3636923,0.0,4067.0
1719328324.5211453,7.0,7715.0
1719328324.6775858,71.0,30409.0
1719328324.876998,88.0,30409.0
1719328325.0335436,88.0,35797.0
1719328325.2027824,91.0,49629.0
1719328325.3678405,100.0,49629.0
1719328325.52598,97.0,49633.0
1719328325.7295713,54.0,49645.0
1719328325.949239,0.0,49645.0
1719328326.172804,0.0,49645.0
1719328326.3495815,0.0,49645.0
1719328326.5621233,0.0,49645.0
1719328326.721783,0.0,49645.0
1719328326.9255946,0.0,49645.0
1719328327.085084,0.0,49645.0
1719328327.2453506,0.0,49645.0
1719328327.4176464,0.0,49645.0
1719328327.59719,0.0,49645.0
1719328327.743767,0.0,49645.0
1719328327.8898354,0.0,49645.0
1719328328.0336118,0.0,49645.0
1719328328.1763148,0.0,49645.0
1719328328.323769,0.0,49645.0
1719328328.4726558,0.0,49645.0
1719328328.6480134,0.0,49645.0
1719328328.8229122,0.0,49645.0
1719328328.9900377,0.0,49645.0
1719328329.179308,0.0,49645.0
1719328329.3553944,0.0,49645.0
1719328329.5331988,0.0,49645.0
1719328329.683724,0.0,49645.0
1719328329.8618276,0.0,49645.0
1719328330.013314,0.0,49645.0
1719328330.1829493,0.0,49645.0
1719328330.362368,0.0,49645.0
1719328330.5285153,0.0,49645.0
1719328330.7020245,0.0,49645.0
1719328330.8547976,0.0,49645.0
1719328331.0741177,0.0,49645.0
1719328331.270758,0.0,49645.0
1719328331.4767504,0.0,49645.0
1719328331.6267395,0.0,49645.0
1719328331.8362598,0.0,49645.0
1719328332.01088,0.0,49645.0
1719328332.2015152,0.0,49645.0
1719328332.3727174,0.0,49645.0
1719328332.520346,0.0,49645.0
1719328332.6664088,0.0,49645.0
1719328332.8119338,0.0,49645.0
1719328332.9528158,0.0,49645.0
1719328333.0977013,0.0,49645.0
1719328333.2446783,0.0,49645.0
1719328333.3909657,0.0,49645.0
1719328333.5674572,0.0,49645.0
1719328333.7594368,0.0,49645.0
1719328333.9232776,0.0,49645.0
1719328334.114952,0.0,49645.0
1719328334.277089,0.0,49645.0
1719328334.4425478,0.0,49645.0
1719328334.6389515,0.0,49645.0
1719328334.8009377,0.0,49645.0
1719328334.9662328,0.0,49645.0
1719328335.1519864,0.0,49645.0
1719328335.327436,0.0,49645.0
1719328335.5008638,0.0,49645.0
1719328335.662062,0.0,49645.0
1719328335.895664,0.0,49645.0
1719328336.1304705,0.0,49645.0
1719328336.3457863,0.0,49645.0
1719328336.5106936,0.0,49645.0
1719328336.7301562,0.0,49645.0
1719328336.8831232,0.0,49645.0
1719328337.0548344,0.0,49645.0
1719328337.2388358,0.0,49645.0
1719328337.3870811,0.0,49645.0
1719328337.537886,0.0,49645.0
1719328337.6836488,0.0,49645.0
1719328337.8290994,0.0,49645.0
1719328337.9731464,0.0,49645.0
1719328338.1193535,0.0,49645.0
1719328338.2661717,0.0,49645.0
1719328338.4388003,0.0,49645.0
1719328338.6128333,0.0,49645.0
1719328338.7832909,0.0,49645.0
1719328338.9502625,0.0,49645.0
1719328339.1263475,0.0,49645.0
1719328339.2938488,0.0,49645.0
1719328339.4748023,0.0,49645.0
1719328339.639277,0.0,49645.0
1719328339.797231,0.0,49645.0
1719328339.9746876,0.0,49645.0
1719328340.142053,0.0,49645.0
1719328340.3160644,0.0,49645.0
1719328340.481994,0.0,49645.0
1719328340.7233374,0.0,49645.0
1719328340.9365718,0.0,49645.0
1719328341.157857,0.0,49645.0
1719328341.3272674,0.0,49645.0
1719328341.5417502,0.0,49645.0
1719328341.7009776,0.0,49645.0
1719328341.8668623,0.0,49645.0
1719328342.0418742,0.0,49645.0
1719328342.205087,0.0,49645.0
1719328342.3518338,0.0,49645.0
1719328342.4984605,0.0,49645.0
1719328342.6426022,0.0,49645.0
1719328342.7841737,0.0,49645.0
1719328342.9310024,0.0,49645.0
1719328343.0781581,0.0,49645.0
1719328343.2242272,0.0,49645.0
1719328343.391361,0.0,49645.0
1719328343.5793405,0.0,49645.0
1719328343.7515697,0.0,49645.0
1719328343.9309022,0.0,49645.0
1719328344.125666,0.0,49645.0
1719328344.2806485,0.0,49645.0
1719328344.456433,0.0,49645.0
1719328344.6095102,0.0,49645.0
1719328344.7733936,0.0,49645.0
1719328344.9437776,0.0,49645.0
1719328345.1714294,0.0,49645.0
1719328345.3850577,0.0,49645.0
1719328345.5852745,0.0,49645.0
1719328345.781012,0.0,49645.0
1719328345.958196,0.0,49645.0
1719328346.145043,0.0,49645.0
1719328346.3571062,0.0,49645.0
1719328346.5087097,0.0,49645.0
1719328346.676291,0.0,49645.0
1719328346.8469348,0.0,49645.0
1719328346.9987705,0.0,49645.0
1719328347.1469522,0.0,49645.0
1719328347.2959378,0.0,49645.0
1719328347.4454618,0.0,49645.0
1719328347.588313,0.0,49645.0
1719328347.7354574,0.0,49645.0
1719328347.8878412,0.0,49645.0
1719328348.1068337,0.0,49645.0
1719328348.2978718,0.0,49645.0
1719328348.46241,0.0,49645.0
1719328348.655847,0.0,49645.0
1719328348.8489807,0.0,49645.0
1719328349.002832,0.0,49645.0
1719328349.162084,0.0,49645.0
1719328349.3145103,0.0,49645.0
1719328349.474662,0.0,49645.0
1719328349.6612067,0.0,49645.0
1719328349.8385615,0.0,49645.0
1719328350.0100374,0.0,49645.0
1719328350.161294,0.0,49645.0
1719328350.386181,0.0,49645.0
1719328350.5903804,0.0,49645.0
1719328350.7855217,0.0,49645.0
1719328350.9494107,0.0,49645.0
1719328351.1445687,0.0,49645.0
1719328351.3037183,0.0,49645.0
1719328351.4711642,0.0,49645.0
1719328351.6513507,0.0,49645.0
1719328351.8057563,0.0,49645.0
1719328351.9515789,0.0,49645.0
1719328352.0980186,0.0,49645.0
1719328352.2444167,0.0,49645.0
1719328352.3857775,0.0,49645.0
1719328352.5332024,0.0,49645.0
1719328352.6778634,0.0,49645.0
1719328352.8301854,0.0,49645.0
1719328353.0089145,0.0,49645.0
1719328353.177535,0.0,49645.0
1719328353.349059,0.0,49645.0
1719328353.534269,0.0,49645.0
1719328353.7262638,0.0,49645.0
1719328353.8841212,0.0,49645.0
1719328354.0607429,0.0,49645.0
1719328354.2188797,0.0,49645.0
1719328354.375387,0.0,49645.0
1719328354.5362558,0.0,49645.0
1719328354.724804,0.0,49645.0
1719328354.9030712,0.0,49645.0
1719328355.0671687,0.0,49645.0
1719328355.2826006,0.0,49645.0
1719328355.4746127,0.0,49645.0
1719328355.6726692,0.0,49645.0
1719328355.8356626,0.0,49645.0
1719328356.0453389,0.0,49645.0
1719328356.2165904,0.0,49645.0
1719328356.3984678,0.0,49645.0
1719328356.5662222,0.0,49645.0
1719328356.7360172,0.0,49645.0
1719328356.8817074,0.0,49645.0
1719328357.0297284,0.0,49645.0
1719328357.1759284,0.0,49645.0
1719328357.3199594,0.0,49645.0
1719328357.4666207,0.0,49645.0
1719328357.6120024,0.0,49645.0
1719328357.7689908,0.0,49645.0
1719328357.9497325,0.0,49645.0
1719328358.120291,0.0,49645.0
1719328358.2828221,0.0,49645.0
1719328358.4643505,0.0,49645.0
1719328358.6438298,0.0,49645.0
1719328358.813468,0.0,49645.0
1719328358.9979377,0.0,49645.0
1719328359.1605172,0.0,49645.0
1719328359.3282552,0.0,49645.0
1719328359.4995394,0.0,49645.0
1719328359.692553,0.0,49645.0
1719328359.8660629,0.0,49645.0
1719328360.027849,0.0,49645.0
1719328360.2513225,0.0,49645.0
1719328360.4488347,0.0,49645.0
1719328360.6953764,0.0,49645.0
1719328360.9099958,0.0,49645.0
1719328361.0761716,0.0,49645.0
1719328361.2330894,0.0,49645.0
1719328361.4178352,0.0,49645.0
1719328361.6023567,0.0,49645.0
1719328361.7490551,0.0,49645.0
1719328361.8963583,0.0,49645.0
1719328362.0428843,0.0,49645.0
1719328362.1847327,0.0,49645.0
1719328362.3246381,0.0,49645.0
1719328362.4730349,0.0,49645.0
1719328362.619683,0.0,49645.0
1719328362.8102686,0.0,49645.0
1719328362.983096,0.0,49645.0
1719328363.1651058,0.0,49645.0
1719328363.3393605,0.0,49645.0
1719328363.5049992,0.0,49645.0
1719328363.67149,0.0,49645.0
1719328363.868964,0.0,49645.0
1719328364.0401604,0.0,49645.0
1719328364.2080123,0.0,49645.0
1719328364.4143004,0.0,49645.0
1719328364.5981646,0.0,49645.0
1719328364.7747998,0.0,49645.0
1719328364.9315345,0.0,49645.0
1719328365.1789382,0.0,49645.0
1719328365.381577,0.0,49645.0
1719328365.610039,0.0,49645.0
1719328365.7811353,0.0,49645.0
1719328365.9712124,0.0,49645.0
1719328366.1225405,0.0,49645.0
1719328366.3104634,0.0,49645.0
1719328366.4958513,0.0,49645.0
1719328366.642842,0.0,49645.0
1719328366.7893925,0.0,49645.0
1719328366.9367075,0.0,49645.0
1719328367.0824244,0.0,49645.0
1719328367.2254012,0.0,49645.0
1719328367.3720758,0.0,49645.0
1719328367.517781,0.0,49645.0
1719328367.7003675,0.0,49645.0
1719328367.8699334,0.0,49645.0
1719328368.035805,0.0,49645.0
1719328368.202167,0.0,49645.0
1719328368.3725994,0.0,49645.0
1719328368.5710204,0.0,49645.0
1719328368.7274795,0.0,49645.0
1719328368.8974109,0.0,49645.0
1719328369.0654604,0.0,49645.0
1719328369.224075,0.0,49645.0
1719328369.404854,0.0,49645.0
1719328369.5685813,0.0,49645.0
1719328369.7339606,0.0,49645.0
1719328369.8912878,0.0,49645.0
1719328370.1297975,0.0,49645.0
1719328370.3033369,0.0,49645.0
1719328370.5209959,0.0,49645.0
1719328370.7343917,0.0,49645.0
1719328370.90784,0.0,49645.0
1719328371.061815,0.0,49645.0
1719328371.2360716,0.0,49645.0
1719328371.4072871,0.0,49645.0
1719328371.5546799,0.0,49645.0
1719328371.7019987,0.0,49645.0
1719328371.8469484,0.0,49645.0
1719328371.9881654,0.0,49645.0
1719328372.1267018,0.0,49645.0
1719328372.2732599,0.0,49645.0
1719328372.4181097,0.0,49645.0
1719328372.5627923,0.0,49645.0
1719328372.7302966,0.0,49645.0
1719328372.926486,0.0,49645.0
1719328373.0932593,0.0,49645.0
1719328373.2758453,0.0,49645.0
1719328373.4663532,0.0,49645.0
1719328373.621309,0.0,49645.0
1719328373.7935548,0.0,49645.0
1719328373.9402742,0.0,49645.0
1719328374.1065872,0.0,49645.0
1719328374.2697413,0.0,49645.0
1719328374.4300702,0.0,49645.0
1719328374.5989165,0.0,49645.0
1719328374.7528653,0.0,49645.0
1719328374.9697132,0.0,49645.0
1719328375.1900098,0.0,49645.0
1719328375.397386,0.0,49645.0
1719328375.557313,0.0,49645.0
1719328375.7745101,0.0,49645.0
1719328375.925548,0.0,49645.0
1719328376.0913768,0.0,49645.0
1719328376.258051,0.0,49645.0
1719328376.4139307,0.0,49645.0
1719328376.5617268,0.0,49645.0
1719328376.7067008,0.0,49645.0
1719328376.8509402,0.0,49645.0
1719328377.0002286,0.0,49645.0
1719328377.1450014,0.0,49645.0
1719328377.2998586,0.0,49645.0
1719328377.4790783,0.0,49645.0
1719328377.6714647,0.0,49645.0
1719328377.855841,0.0,49645.0
1719328378.0296373,0.0,49645.0
1719328378.2270083,0.0,49645.0
1719328378.3817806,0.0,49645.0
1719328378.5711186,0.0,49645.0
1719328378.744722,0.0,49645.0
1719328378.912058,0.0,49645.0
1719328379.0787053,0.0,49645.0
1719328379.2557747,0.0,49645.0
1719328379.4239688,0.0,49645.0
1719328379.5904121,0.0,49645.0
1719328379.8013153,0.0,49645.0
1719328379.97024,0.0,49645.0
1719328380.181054,0.0,49645.0
1719328380.389479,0.0,49645.0
1719328380.551521,0.0,49645.0
1719328380.6967547,0.0,49645.0
1719328380.8621209,0.0,49645.0
1719328381.0409167,0.0,49645.0
1719328381.189572,0.0,49645.0
1719328381.3370554,0.0,49645.0
1719328381.483427,0.0,49645.0
1719328381.6252408,0.0,49645.0
1719328381.7651393,0.0,49645.0
1719328381.911719,0.0,49645.0
1719328382.0573316,0.0,49645.0
1719328382.2022586,0.0,49645.0
1719328382.3747056,0.0,49645.0
1719328382.547081,0.0,49645.0
1719328382.705003,0.0,49645.0
1719328382.8828194,0.0,49645.0
1719328383.0506682,0.0,49645.0
1719328383.2136598,0.0,49645.0
1719328383.3997066,0.0,49645.0
1719328383.554303,0.0,49645.0
1719328383.7116451,0.0,49645.0
1719328383.9022756,0.0,49645.0
1719328384.0645459,0.0,49645.0
1719328384.2369895,0.0,49645.0
1719328384.3987725,0.0,49645.0
1719328384.612057,0.0,49645.0
1719328384.8305638,0.0,49645.0
1719328385.0652456,0.0,49645.0
1719328385.2188132,0.0,49645.0
1719328385.433698,0.0,49645.0
1719328385.5940204,0.0,49645.0
1719328385.7981899,0.0,49645.0
1719328385.9822628,0.0,49645.0
1719328386.1304832,0.0,49645.0
1719328386.2820053,0.0,49645.0
1719328386.427055,0.0,49645.0
1719328386.5707986,0.0,49645.0
1719328386.7169538,0.0,49645.0
1719328386.8636677,0.0,49645.0
1719328387.0481024,0.0,49645.0
1719328387.2156188,0.0,49645.0
1719328387.3750784,0.0,49645.0
1719328387.5558476,0.0,49645.0
1719328387.7338567,0.0,49645.0
1719328387.935153,0.0,49645.0
1719328388.0875335,0.0,49645.0
1719328388.2497144,0.0,49645.0
1719328388.40782,0.0,49645.0
1719328388.5705798,0.0,49645.0
1719328388.7416651,0.0,49645.0
1719328388.9579277,0.0,49645.0
1719328389.211589,0.0,49645.0
1719328389.462543,0.0,49645.0
1719328389.6893017,0.0,49645.0
1719328389.8652308,0.0,49645.0
1719328390.0829844,0.0,49645.0
1719328390.240385,0.0,49645.0
1719328390.4168336,0.0,49645.0
1719328390.5918298,0.0,49645.0
1719328390.7397134,0.0,49645.0
1719328390.8837361,0.0,49645.0
1719328391.0266361,0.0,49645.0
1719328391.1674757,0.0,49645.0
1719328391.3100424,0.0,49645.0
1719328391.4553049,0.0,49645.0
1719328391.6118333,0.0,49645.0
