timestamp,gpu_util,gpu_mem
1718316380.0562785,5.0,2050.0
1718316380.187742,3.0,2050.0
1718316380.3188043,4.0,2062.0
1718316380.4684918,4.0,2307.0
1718316380.6161475,19.0,2559.0
1718316380.7502046,4.0,2559.0
1718316380.9024289,4.0,2559.0
1718316381.0366287,0.0,2559.0
1718316381.170923,0.0,2559.0
1718316381.3081348,0.0,2559.0
1718316381.4459023,0.0,2559.0
1718316381.5946617,0.0,2559.0
1718316381.7282872,1.0,2559.0
1718316381.8620656,1.0,2559.0
1718316382.0007749,0.0,2559.0
1718316382.1345522,0.0,2559.0
1718316382.2839646,0.0,2559.0
1718316382.4181147,0.0,2559.0
1718316382.610967,0.0,2559.0
1718316382.7439964,1.0,2559.0
1718316382.8788073,1.0,2559.0
1718316383.02695,0.0,2559.0
1718316383.1864533,0.0,2559.0
1718316383.3988433,0.0,2559.0
1718316383.5486581,1.0,2559.0
1718316383.692617,1.0,2559.0
1718316383.8814256,1.0,2559.0
1718316384.0416868,0.0,2559.0
1718316384.1954668,0.0,2559.0
1718316384.3494253,0.0,2559.0
1718316384.4937954,0.0,2559.0
1718316384.6394243,2.0,2559.0
1718316384.7765317,2.0,2559.0
1718316384.9103823,2.0,2559.0
1718316385.054362,1.0,2559.0
1718316385.1893597,0.0,2559.0
1718316385.3330379,1.0,2559.0
1718316385.4946744,1.0,2559.0
1718316385.6441238,2.0,2559.0
1718316385.813331,1.0,2559.0
1718316385.986534,0.0,2559.0
1718316386.146227,0.0,2559.0
1718316386.2991352,0.0,2559.0
1718316386.4503193,0.0,2555.0
1718316386.587429,7.0,2555.0
1718316386.74993,8.0,2555.0
1718316386.9074657,8.0,2555.0
1718316387.0584052,3.0,2555.0
1718316387.2218382,0.0,2559.0
1718316387.3828447,9.0,2551.0
1718316387.5634904,9.0,2559.0
1718316387.7462883,4.0,2559.0
1718316387.9243653,1.0,2559.0
1718316388.10479,0.0,2559.0
1718316388.288637,0.0,2559.0
1718316388.463509,0.0,2559.0
1718316388.6510234,0.0,2559.0
1718316388.8365228,1.0,2559.0
1718316389.0186584,1.0,2558.0
1718316389.2270334,4.0,2558.0
1718316389.409747,2.0,2558.0
1718316389.5989258,2.0,2558.0
1718316389.795742,3.0,2560.0
1718316389.995545,8.0,2560.0
1718316390.1963675,4.0,2568.0
1718316390.37754,11.0,2568.0
1718316390.552622,7.0,2568.0
1718316390.7493765,6.0,2568.0
1718316390.9495811,6.0,2568.0
1718316391.1449645,6.0,2568.0
1718316391.335482,6.0,2568.0
1718316391.5246017,4.0,2568.0
1718316391.7170277,3.0,2558.0
1718316391.9020352,3.0,2558.0
1718316392.0995688,4.0,2558.0
1718316392.305569,2.0,2558.0
1718316392.5470629,2.0,2558.0
1718316392.7361302,2.0,2558.0
1718316392.9231038,5.0,2558.0
1718316393.1407545,6.0,2558.0
1718316393.331539,5.0,2556.0
1718316393.5303168,4.0,2548.0
1718316393.7414923,4.0,2548.0
1718316393.9371762,4.0,2548.0
1718316394.13017,2.0,2548.0
1718316394.3165312,3.0,2548.0
1718316394.493286,4.0,2548.0
1718316394.6674929,4.0,2548.0
1718316394.8342245,5.0,2548.0
1718316395.0145192,4.0,2548.0
1718316395.1962583,12.0,2550.0
1718316395.4669528,10.0,2550.0
1718316395.6646318,11.0,2550.0
1718316395.8853548,13.0,2550.0
1718316396.0743556,13.0,2542.0
1718316396.2415445,13.0,2542.0
1718316396.4175045,13.0,2550.0
1718316396.588114,13.0,2550.0
1718316396.7536585,14.0,2550.0
1718316396.9233074,10.0,2550.0
1718316397.090387,12.0,2550.0
1718316397.2624285,12.0,2550.0
1718316397.427482,12.0,2550.0
1718316397.6002512,29.0,2550.0
1718316397.774062,37.0,2550.0
1718316397.9526625,33.0,2546.0
1718316398.1220555,36.0,2546.0
1718316398.2992756,38.0,2546.0
1718316398.4835403,37.0,2546.0
1718316398.6729443,37.0,2546.0
1718316398.83946,39.0,2546.0
1718316399.0059605,41.0,2546.0
1718316399.2445612,41.0,2542.0
1718316399.4176788,38.0,2542.0
1718316399.5880194,36.0,2546.0
1718316399.7653644,38.0,2546.0
1718316399.9434607,39.0,2546.0
1718316400.175298,37.0,2546.0
1718316400.3458521,44.0,2546.0
1718316400.5186818,36.0,2546.0
1718316400.7074673,39.0,2548.0
1718316400.884275,35.0,2548.0
1718316401.061118,35.0,2548.0
1718316401.2366943,37.0,2544.0
1718316401.4099936,37.0,2544.0
1718316401.5811372,36.0,2552.0
1718316401.7581067,38.0,2552.0
1718316401.928503,38.0,2548.0
1718316402.10208,36.0,2548.0
1718316402.2791038,41.0,2548.0
1718316402.4714553,41.0,2548.0
1718316402.6567788,37.0,2548.0
1718316402.834302,39.0,2549.0
1718316403.0102596,48.0,2549.0
1718316403.1858613,18.0,2549.0
1718316403.3787966,16.0,2549.0
1718316403.5672457,15.0,2554.0
1718316403.7453487,20.0,2555.0
1718316403.9629428,20.0,2556.0
1718316404.1428635,18.0,2557.0
1718316404.313322,18.0,2558.0
1718316404.4835536,6.0,2557.0
1718316404.6755517,1.0,2557.0
1718316404.8687823,1.0,2557.0
1718316405.0378888,3.0,2557.0
1718316405.2112696,11.0,2557.0
1718316405.384623,37.0,2557.0
1718316405.558819,20.0,2557.0
1718316405.7292814,0.0,2557.0
1718316405.901606,3.0,2557.0
1718316406.07336,3.0,2561.0
1718316406.2505288,3.0,2561.0
1718316406.4523323,0.0,2561.0
1718316406.6491656,69.0,2561.0
1718316406.8215892,0.0,2561.0
1718316406.9937954,3.0,2561.0
1718316407.1681483,22.0,2561.0
1718316407.3631089,5.0,2561.0
1718316407.535448,0.0,2559.0
1718316407.7070355,0.0,2559.0
1718316407.8836434,0.0,2559.0
1718316408.055362,0.0,2559.0
1718316408.2314873,0.0,2559.0
1718316408.4072278,0.0,2559.0
1718316408.577607,6.0,2559.0
1718316408.7520912,10.0,2559.0
1718316408.9453485,74.0,2559.0
1718316409.1226277,34.0,2559.0
1718316409.2995882,36.0,2559.0
1718316409.4849215,4.0,2559.0
1718316409.6562986,4.0,2559.0
1718316409.8231082,7.0,2559.0
1718316409.991205,0.0,2559.0
1718316410.165422,0.0,2559.0
1718316410.3326836,0.0,2559.0
1718316410.502621,0.0,2559.0
1718316410.6714315,0.0,2559.0
1718316410.8401644,0.0,2559.0
1718316411.051467,0.0,2559.0
1718316411.2857728,0.0,2559.0
1718316411.4831624,0.0,2559.0
1718316411.6579516,0.0,2559.0
1718316411.833756,0.0,2559.0
1718316412.0659168,6.0,2538.0
1718316412.322507,15.0,2373.0
1718316412.5158029,71.0,2373.0
1718316412.7345011,71.0,2511.0
1718316412.954844,17.0,2511.0
1718316413.1428103,0.0,2511.0
1718316413.3605978,0.0,2511.0
1718316413.5342276,1.0,2511.0
1718316413.727448,0.0,2511.0
1718316413.963531,0.0,2511.0
1718316414.13918,0.0,2511.0
1718316414.3375583,0.0,2511.0
1718316414.529743,0.0,2511.0
1718316414.739159,0.0,2511.0
1718316414.9354753,59.0,2509.0
1718316415.1179943,92.0,2509.0
1718316415.2954571,11.0,2509.0
1718316415.48014,11.0,2509.0
1718316415.6461453,5.0,2509.0
1718316415.8122478,7.0,2509.0
1718316415.9744303,16.0,2509.0
1718316416.1394336,16.0,2511.0
1718316416.3331184,16.0,2511.0
1718316416.5263438,2.0,2511.0
1718316416.7032952,0.0,2511.0
1718316416.8594866,0.0,2511.0
1718316417.013747,0.0,2511.0
1718316417.173082,0.0,2511.0
1718316417.4631488,0.0,2511.0
1718316417.6352282,0.0,2511.0
1718316417.8664353,1.0,2511.0
1718316418.0614288,0.0,2511.0
1718316418.2751615,0.0,2511.0
1718316418.4631326,0.0,2511.0
1718316418.6416109,0.0,2511.0
1718316418.8949988,34.0,2511.0
1718316419.1374385,96.0,2511.0
1718316419.3489254,16.0,2511.0
1718316419.5253704,2.0,2511.0
1718316419.76944,0.0,2511.0
1718316419.959993,1.0,2511.0
1718316420.2200522,4.0,2511.0
1718316420.4096293,4.0,2511.0
1718316420.6492796,0.0,2511.0
1718316420.93325,0.0,2511.0
1718316421.192705,4.0,2511.0
1718316421.3787177,0.0,2511.0
1718316421.568427,2.0,2511.0
1718316421.7403913,3.0,2511.0
1718316421.901907,5.0,2511.0
1718316422.148051,0.0,2511.0
1718316422.6460702,11.0,2506.0
1718316422.8394804,15.0,2552.0
1718316423.0893555,92.0,2543.0
1718316423.2576454,8.0,2544.0
1718316423.544845,2.0,2544.0
1718316423.7145636,0.0,2544.0
1718316423.8816252,0.0,2544.0
1718316424.0660558,0.0,2544.0
1718316424.229581,1.0,2544.0
1718316424.4295073,6.0,2544.0
1718316424.6395063,0.0,2544.0
1718316424.8136563,0.0,2544.0
1718316425.09653,8.0,2544.0
1718316425.3506365,28.0,2543.0
1718316425.578189,42.0,2543.0
1718316425.822032,29.0,2544.0
1718316426.0229614,22.0,2537.0
1718316426.446828,5.0,2537.0
1718316426.6819365,7.0,2537.0
1718316426.9242997,15.0,2537.0
1718316427.3605046,91.0,2537.0
1718316427.6648662,15.0,2546.0
1718316427.8830304,15.0,2546.0
1718316428.0401323,1.0,2546.0
1718316428.2844582,2.0,2495.0
1718316430.7620125,1.0,2460.0
1718316431.0714157,0.0,2460.0
1718316431.3450143,0.0,2460.0
1718316432.0074165,0.0,2460.0
1718316432.2815676,1.0,2460.0
1718316432.526975,0.0,2460.0
1718316432.7085721,28.0,2428.0
1718316433.149081,61.0,2418.0
1718316433.3666859,42.0,2377.0
1718316433.5895295,0.0,2377.0
1718316434.7286627,2.0,2377.0
1718316434.951083,0.0,2377.0
1718316435.7237635,1.0,2369.0
1718316436.0920944,1.0,2364.0
1718316437.0261033,0.0,2360.0
1718316438.948889,0.0,2356.0
1718316441.5731282,0.0,2356.0
1718316444.6266277,1.0,2352.0
1718316444.8500578,1.0,2355.0
1718316445.022039,1.0,2362.0
1718316445.1767426,2.0,2178.0
1718316445.3325038,1.0,2168.0
1718316445.4834356,1.0,2168.0
1718316445.6264658,1.0,2168.0
1718316445.806975,0.0,2168.0
1718316445.9914298,0.0,2168.0
1718316446.1841927,0.0,2168.0
1718316446.3810024,0.0,2170.0
1718316446.539181,0.0,2170.0
1718316446.722929,1.0,2196.0
1718316446.8895357,1.0,2282.0
1718316447.0354333,1.0,2262.0
1718316447.2246413,4.0,2295.0
1718316447.5034215,0.0,2297.0
1718316447.6896095,0.0,2297.0
1718316447.927256,0.0,2333.0
1718316448.246156,11.0,2376.0
1718316448.4474154,9.0,2376.0
1718316448.661285,9.0,2408.0
1718316448.8051538,21.0,2409.0
1718316448.9566755,6.0,2446.0
1718316449.1735222,9.0,2535.0
1718316449.4211583,22.0,2537.0
1718316449.5699668,30.0,2527.0
1718316449.8010638,0.0,2527.0
1718316450.1702335,2.0,2527.0
1718316450.4309857,38.0,2527.0
1718316450.886665,1.0,2527.0
1718316451.0890484,0.0,2527.0
1718316451.3826015,94.0,2527.0
1718316451.6520627,2.0,2527.0
1718316451.8563452,0.0,2527.0
1718316452.242838,0.0,2527.0
1718316452.6147225,0.0,2527.0
1718316453.2470875,0.0,2526.0
1718316455.3297658,13.0,2526.0
1718316455.5060098,97.0,2516.0
1718316455.6480894,97.0,2516.0
1718316455.788023,5.0,2516.0
1718316455.9245548,2.0,2516.0
1718316456.060153,2.0,2322.0
1718316456.201092,3.0,2505.0
1718316456.3392997,4.0,2522.0
1718316456.479326,4.0,2522.0
1718316456.613604,0.0,2522.0
1718316456.7500603,0.0,2522.0
1718316456.887411,0.0,2522.0
1718316457.06136,0.0,2522.0
1718316457.2067368,1.0,2522.0
