timestamp,gpu_util,gpu_mem
1718318937.112346,0.0,3.0
1718318937.272574,0.0,3.0
1718318937.4275026,0.0,3.0
1718318937.5894039,0.0,15.0
1718318937.78548,0.0,541.0
1718318937.9552546,18.0,617.0
1718318938.1347191,7.0,709.0
1718318938.315622,6.0,803.0
1718318938.4896348,6.0,887.0
1718318938.6899977,5.0,969.0
1718318938.889941,5.0,1215.0
1718318939.0856855,6.0,1215.0
1718318939.285129,0.0,1215.0
1718318939.4772186,0.0,1215.0
1718318939.66557,0.0,1215.0
1718318939.864058,0.0,1215.0
1718318940.0584767,0.0,1215.0
1718318940.4527826,0.0,1215.0
1718318940.639874,0.0,1215.0
1718318940.838967,0.0,1215.0
1718318941.0389535,0.0,1215.0
1718318941.233094,0.0,1215.0
1718318941.4367344,0.0,1215.0
1718318941.6241252,0.0,1215.0
1718318941.814737,0.0,1215.0
1718318942.0152838,0.0,1215.0
1718318942.2080436,0.0,1215.0
1718318942.410287,0.0,1215.0
1718318942.6116655,0.0,1215.0
1718318942.801119,0.0,1215.0
1718318942.989395,0.0,1215.0
1718318943.179195,0.0,1215.0
1718318943.3768253,0.0,1215.0
1718318943.5788243,0.0,1215.0
1718318943.7659187,0.0,1215.0
1718318943.9565222,0.0,1215.0
1718318944.1518884,0.0,1215.0
1718318944.3437293,0.0,1215.0
1718318944.5281374,0.0,1215.0
1718318944.7262673,0.0,1215.0
1718318944.9218137,0.0,1215.0
1718318945.1407557,0.0,1215.0
1718318945.3235636,0.0,1215.0
1718318945.5099306,0.0,1215.0
1718318945.70292,0.0,1214.0
1718318945.8982317,0.0,1214.0
1718318946.0820289,0.0,1214.0
1718318946.2726216,0.0,1214.0
1718318946.4723642,0.0,1214.0
1718318946.6581995,0.0,1214.0
1718318946.8438225,0.0,1214.0
1718318947.0320244,0.0,1214.0
1718318947.2180638,0.0,1214.0
1718318947.3982818,0.0,1214.0
1718318947.59786,0.0,1214.0
1718318947.786865,0.0,1214.0
1718318947.971336,0.0,1214.0
1718318948.1561844,0.0,1214.0
1718318948.3544002,0.0,1214.0
1718318948.5350864,0.0,1214.0
1718318948.7236223,0.0,1214.0
1718318948.9203513,0.0,1214.0
1718318949.107585,0.0,1214.0
1718318949.2949216,0.0,1214.0
1718318949.4874387,0.0,1214.0
1718318949.680817,0.0,1214.0
1718318949.8715591,0.0,1214.0
1718318950.0565248,0.0,1214.0
1718318950.2482302,0.0,1214.0
1718318950.4483533,0.0,1214.0
1718318950.6348443,0.0,1214.0
1718318950.8205407,0.0,1214.0
1718318951.0092435,0.0,1214.0
1718318951.2042754,0.0,1214.0
1718318951.3846517,0.0,1214.0
1718318951.5720158,0.0,1214.0
1718318951.7700186,0.0,1214.0
1718318951.9555154,0.0,1214.0
1718318952.1387138,0.0,1214.0
1718318952.3318598,0.0,1214.0
1718318952.5227518,0.0,1214.0
1718318952.7076242,0.0,1214.0
1718318952.890985,0.0,1214.0
1718318953.0812848,0.0,1214.0
1718318953.2757049,0.0,1214.0
1718318953.4842634,0.0,1214.0
1718318953.6647217,0.0,1214.0
1718318953.8884928,0.0,1214.0
1718318954.0976305,0.0,1214.0
1718318954.2888906,0.0,1214.0
1718318954.4877274,0.0,1214.0
1718318954.70652,0.0,1214.0
1718318954.8920317,0.0,1214.0
1718318955.0821176,0.0,1214.0
1718318955.272097,0.0,1214.0
1718318955.4680457,0.0,1214.0
1718318955.6647205,0.0,1214.0
1718318955.85241,0.0,1214.0
1718318956.0390017,0.0,1214.0
1718318956.222375,0.0,1214.0
1718318956.4145691,0.0,1214.0
1718318956.6117523,0.0,1214.0
1718318956.7964156,0.0,1214.0
1718318956.9857705,0.0,1214.0
1718318957.1827257,0.0,1214.0
1718318957.3704185,0.0,1214.0
1718318957.5559874,0.0,1214.0
1718318957.7404182,0.0,1214.0
1718318957.9374754,0.0,1214.0
1718318958.1232834,0.0,1214.0
1718318958.3060746,0.0,1214.0
1718318958.5016,0.0,1214.0
1718318958.686714,0.0,1214.0
1718318958.8728023,0.0,1214.0
1718318959.0687234,0.0,1214.0
1718318959.2649395,0.0,1214.0
1718318959.45494,0.0,1214.0
1718318959.6426883,0.0,1214.0
1718318959.8335655,0.0,1214.0
1718318960.0221934,0.0,1214.0
1718318960.208626,0.0,1214.0
1718318960.393482,0.0,1214.0
1718318960.5939348,0.0,1214.0
1718318960.7799184,0.0,1214.0
1718318960.9650562,0.0,1214.0
1718318961.1547801,0.0,1214.0
1718318961.3484132,0.0,1214.0
1718318961.5424151,0.0,1214.0
1718318961.7352235,0.0,1214.0
1718318961.926715,0.0,1214.0
1718318962.1233184,0.0,1214.0
1718318962.3114169,0.0,1214.0
1718318962.499511,0.0,1214.0
1718318962.6931622,0.0,1214.0
1718318962.8803773,0.0,1214.0
1718318963.0664995,0.0,1214.0
1718318963.2597098,0.0,1214.0
1718318963.4474156,0.0,1214.0
1718318963.6461136,0.0,1214.0
1718318963.8380616,0.0,1214.0
1718318964.0228355,0.0,1214.0
1718318964.218264,0.0,1214.0
1718318964.4082258,0.0,1214.0
1718318964.5915394,0.0,1214.0
1718318964.7869358,0.0,1214.0
1718318964.9761953,0.0,1214.0
1718318965.1646948,0.0,1214.0
1718318965.3594906,0.0,1214.0
1718318965.5439246,0.0,1214.0
1718318965.734813,0.0,1214.0
1718318965.927566,0.0,1214.0
1718318966.1061008,0.0,1214.0
1718318966.3095484,0.0,1214.0
1718318966.4951828,0.0,1214.0
1718318966.6903696,0.0,1214.0
1718318966.8847501,0.0,1214.0
1718318967.0678763,0.0,1214.0
1718318967.264324,0.0,1214.0
1718318967.4544187,0.0,1214.0
1718318967.6405947,0.0,1214.0
1718318967.833348,0.0,1214.0
1718318968.0070221,0.0,1214.0
1718318968.2011852,0.0,1214.0
1718318968.392915,0.0,1214.0
1718318968.5782716,0.0,1214.0
1718318968.7727976,0.0,1214.0
