timestamp,gpu_util,gpu_mem
1718316595.917092,0.0,2018.0
1718316596.0439894,0.0,2018.0
1718316596.176663,0.0,2018.0
1718316596.3164716,2.0,2485.0
1718316596.4551573,2.0,2526.0
1718316596.5893142,11.0,2526.0
1718316596.7247605,0.0,2526.0
1718316596.8566682,0.0,2526.0
1718316596.9888074,0.0,2526.0
1718316597.1221163,0.0,2526.0
1718316597.2535355,0.0,2526.0
1718316597.3824923,0.0,2526.0
1718316597.5162714,0.0,2526.0
1718316597.6485136,0.0,2526.0
1718316597.781821,0.0,2526.0
1718316597.9144154,0.0,2526.0
1718316598.0413556,0.0,2526.0
1718316598.2016518,0.0,2526.0
1718316598.3315697,0.0,2526.0
1718316598.464431,0.0,2526.0
1718316598.596675,0.0,2526.0
1718316598.7267888,0.0,2526.0
1718316598.8547945,0.0,2526.0
1718316598.9863675,0.0,2526.0
1718316599.1332786,0.0,2526.0
1718316599.269046,0.0,2526.0
1718316599.406882,0.0,2526.0
1718316599.5394175,0.0,2526.0
1718316599.6720889,0.0,2526.0
1718316599.8043723,0.0,2526.0
1718316599.9372787,0.0,2526.0
1718316600.0685244,0.0,2526.0
1718316600.200913,0.0,2526.0
1718316600.3330398,0.0,2526.0
1718316600.4689977,1.0,2527.0
1718316600.609439,1.0,2527.0
1718316600.7428548,0.0,2527.0
1718316600.8749506,0.0,2527.0
1718316601.0083501,0.0,2527.0
1718316601.1417038,0.0,2527.0
1718316601.2814023,0.0,2527.0
1718316601.422586,0.0,2527.0
1718316601.567439,0.0,2527.0
1718316601.7108142,0.0,2527.0
1718316601.8504488,0.0,2527.0
1718316601.9896705,0.0,2527.0
1718316602.136533,0.0,2527.0
1718316602.2914665,0.0,2527.0
1718316602.4348047,0.0,2527.0
1718316602.5866668,0.0,2527.0
1718316602.7474363,0.0,2527.0
1718316602.8994265,0.0,2527.0
1718316603.043298,0.0,2527.0
1718316603.1794837,0.0,2527.0
1718316603.3255367,0.0,2527.0
1718316603.4709022,0.0,2527.0
1718316603.6131752,0.0,2527.0
1718316603.7540274,0.0,2527.0
1718316603.9000463,0.0,2527.0
1718316604.044302,0.0,2527.0
1718316604.18674,0.0,2527.0
1718316604.33224,0.0,2527.0
1718316604.4826345,0.0,2527.0
1718316604.6235218,0.0,2527.0
1718316604.7707825,0.0,2527.0
1718316604.9176216,0.0,2527.0
1718316605.0624793,0.0,2527.0
1718316605.2129185,0.0,2527.0
1718316605.3565383,0.0,2527.0
1718316605.5064204,0.0,2527.0
1718316605.6494274,0.0,2527.0
1718316605.7983634,0.0,2527.0
1718316605.9470658,0.0,2527.0
1718316606.0954223,0.0,2527.0
1718316606.2394025,0.0,2527.0
1718316606.384039,0.0,2527.0
1718316606.5287616,0.0,2527.0
1718316606.6782196,0.0,2527.0
1718316606.821348,0.0,2527.0
1718316606.9548998,0.0,2527.0
1718316607.0915513,0.0,2527.0
1718316607.2242122,0.0,2527.0
1718316607.358503,0.0,2527.0
1718316607.49378,0.0,2527.0
1718316607.6272159,0.0,2527.0
1718316607.760238,0.0,2527.0
1718316607.8934112,0.0,2527.0
1718316608.0304625,0.0,2527.0
1718316608.1681895,0.0,2527.0
1718316608.3049216,0.0,2527.0
1718316608.437912,0.0,2527.0
1718316608.5757728,0.0,2527.0
1718316608.7098613,0.0,2527.0
1718316608.8449292,0.0,2527.0
1718316608.979694,0.0,2527.0
1718316609.1159432,0.0,2527.0
1718316609.2533784,0.0,2527.0
1718316609.3872693,0.0,2527.0
1718316609.5266733,0.0,2527.0
1718316609.6676447,0.0,2527.0
1718316609.8042853,0.0,2527.0
1718316609.94131,0.0,2527.0
1718316610.077092,0.0,2527.0
1718316610.2138634,0.0,2527.0
1718316610.3502119,0.0,2527.0
1718316610.48467,0.0,2527.0
1718316610.6238923,0.0,2527.0
1718316610.7603924,0.0,2527.0
1718316610.9010093,0.0,2527.0
1718316611.0367389,0.0,2527.0
1718316611.1768336,0.0,2527.0
1718316611.3154285,0.0,2527.0
1718316611.455367,0.0,2527.0
1718316611.5927422,0.0,2527.0
1718316611.733071,0.0,2527.0
1718316611.8724906,0.0,2527.0
1718316612.0069323,0.0,2527.0
1718316612.1406963,0.0,2527.0
1718316612.2787027,0.0,2527.0
1718316612.415665,0.0,2527.0
1718316612.5520153,0.0,2527.0
1718316612.6895156,0.0,2527.0
1718316612.8256018,0.0,2527.0
1718316612.9633303,0.0,2527.0
1718316613.099474,0.0,2527.0
1718316613.2346675,0.0,2527.0
1718316613.371284,0.0,2527.0
1718316613.5085182,0.0,2527.0
1718316613.6469455,0.0,2527.0
1718316613.7847807,0.0,2527.0
1718316613.9191391,0.0,2527.0
1718316614.0531144,0.0,2527.0
1718316614.1854622,0.0,2527.0
1718316614.3272936,0.0,2527.0
1718316614.4608915,1.0,2527.0
1718316614.5981102,1.0,2527.0
1718316614.7374082,0.0,2527.0
1718316614.870921,0.0,2527.0
1718316615.012425,0.0,2527.0
1718316615.146596,0.0,2527.0
1718316615.2821112,0.0,2527.0
1718316615.4181545,0.0,2527.0
1718316615.5595,15.0,2527.0
1718316615.697462,20.0,2527.0
1718316615.8329034,20.0,2527.0
1718316615.9704998,0.0,2527.0
1718316616.1089547,0.0,2527.0
1718316616.2492452,0.0,2527.0
1718316616.3905768,0.0,2527.0
1718316616.5315151,0.0,2527.0
1718316616.6718566,0.0,2527.0
1718316616.813027,0.0,2527.0
1718316616.9581199,0.0,2527.0
1718316617.1059165,0.0,2527.0
1718316617.250121,0.0,2527.0
1718316617.3895366,0.0,2527.0
1718316617.5237012,0.0,2527.0
1718316617.6644213,0.0,2527.0
1718316617.7994742,0.0,2527.0
1718316617.9344125,0.0,2527.0
1718316618.0739925,0.0,2527.0
1718316618.2170029,0.0,2527.0
1718316618.3572283,0.0,2527.0
1718316618.4976242,0.0,2527.0
1718316618.6370404,0.0,2527.0
1718316618.7744617,1.0,2527.0
1718316618.9164963,0.0,2527.0
1718316619.0600684,0.0,2527.0
1718316619.200835,0.0,2527.0
1718316619.3432996,0.0,2527.0
1718316619.4819276,0.0,2527.0
1718316619.6187704,0.0,2527.0
1718316619.7551475,0.0,2527.0
1718316619.8972316,0.0,2527.0
1718316620.0360167,0.0,2527.0
1718316620.1765542,0.0,2527.0
1718316620.3166041,0.0,2527.0
1718316620.4561105,0.0,2527.0
1718316620.5930374,0.0,2527.0
1718316620.7312007,0.0,2527.0
1718316620.870356,0.0,2527.0
1718316621.0095322,0.0,2527.0
1718316621.1483932,0.0,2527.0
1718316621.287151,0.0,2527.0
1718316621.4233186,0.0,2527.0
1718316621.557997,0.0,2527.0
1718316621.6995015,0.0,2527.0
1718316621.9294307,0.0,2527.0
1718316622.2152123,0.0,2527.0
1718316622.5075862,0.0,2527.0
1718316622.8555129,0.0,2527.0
1718316623.154749,0.0,2527.0
1718316623.5085013,0.0,2527.0
1718316623.7756326,0.0,2525.0
1718316624.0835066,0.0,2525.0
1718316624.435506,0.0,2525.0
1718316624.913972,0.0,2525.0
1718316625.298962,0.0,2525.0
1718316625.5343874,0.0,2525.0
1718316625.7675142,0.0,2525.0
1718316625.9835227,0.0,2525.0
1718316626.2038066,0.0,2525.0
1718316626.4027176,0.0,2525.0
1718316626.635522,0.0,2525.0
1718316626.8835008,0.0,2525.0
1718316627.095665,0.0,2525.0
1718316627.2973566,0.0,2525.0
1718316627.491527,0.0,2525.0
1718316627.791508,0.0,2525.0
1718316628.1154656,0.0,2525.0
1718316628.3794956,0.0,2525.0
1718316628.692886,0.0,2525.0
1718316628.932439,0.0,2525.0
1718316629.115422,0.0,2525.0
1718316629.2994237,0.0,2525.0
1718316629.487421,0.0,2525.0
1718316629.6834183,0.0,2525.0
1718316629.8831136,0.0,2525.0
1718316630.087006,0.0,2525.0
1718316630.2498093,0.0,2525.0
1718316630.4667745,0.0,2525.0
1718316630.6754184,35.0,2525.0
1718316630.9274852,0.0,2525.0
1718316631.2795022,0.0,2525.0
1718316631.8234608,0.0,2525.0
1718316632.001634,0.0,2525.0
1718316632.1683838,0.0,2525.0
1718316632.3118331,0.0,2525.0
1718316632.4579191,6.0,3337.0
1718316632.6108582,6.0,4105.0
1718316632.7635071,30.0,7481.0
1718316633.0134866,11.0,7709.0
1718316633.3431602,57.0,18739.0
1718316633.667082,0.0,18743.0
1718316634.0489042,1.0,18745.0
1718316634.4354978,0.0,18745.0
1718316634.735573,1.0,18745.0
1718316634.975517,2.0,18755.0
1718316635.2596176,0.0,18755.0
1718316635.7125094,1.0,21829.0
1718316636.1205642,100.0,21829.0
1718316636.5471094,100.0,21829.0
1718316636.7836561,59.0,21829.0
1718316637.0114274,18.0,21833.0
1718316637.215424,79.0,21839.0
1718316637.4675,19.0,21839.0
1718316637.6872258,100.0,21841.0
1718316637.9106023,91.0,21841.0
1718316638.1236155,100.0,21841.0
1718316638.3434916,100.0,21841.0
1718316638.6115003,100.0,21841.0
1718316638.9356325,0.0,21841.0
1718316639.243139,0.0,21841.0
1718316639.6156113,0.0,21841.0
1718316640.0119965,0.0,21841.0
1718316640.2114217,0.0,21841.0
1718316640.462866,0.0,21841.0
1718316640.699574,0.0,21841.0
1718316640.8897026,0.0,21841.0
1718316641.1047254,0.0,21841.0
1718316641.3461692,0.0,21841.0
1718316641.6270554,0.0,21841.0
1718316641.9237204,0.0,21841.0
1718316642.2954519,0.0,21841.0
1718316642.6809056,0.0,21841.0
1718316643.0309405,0.0,21841.0
1718316643.2163687,0.0,21841.0
1718316643.381315,0.0,21841.0
1718316643.5411634,27.0,21841.0
1718316643.6936421,100.0,21841.0
1718316643.8755107,90.0,21841.0
1718316644.1156402,100.0,21841.0
1718316644.419138,100.0,21841.0
1718316644.7554853,100.0,21841.0
1718316644.9835865,89.0,21841.0
1718316645.4018044,100.0,21841.0
1718316645.750345,100.0,21841.0
1718316646.1634898,100.0,21841.0
1718316646.5155632,0.0,21841.0
1718316646.838021,0.0,21841.0
1718316647.0875833,0.0,21841.0
1718316647.3875728,0.0,21841.0
1718316647.809473,0.0,21841.0
1718316648.1276574,0.0,21841.0
1718316648.379714,0.0,21841.0
1718316648.6274788,0.0,21841.0
1718316648.859521,0.0,21841.0
1718316649.1035318,0.0,21841.0
1718316649.339499,0.0,21841.0
1718316649.652021,0.0,21841.0
1718316649.955506,0.0,21841.0
1718316650.159485,0.0,21841.0
1718316650.391578,0.0,21841.0
1718316650.6509092,0.0,21841.0
1718316650.9755414,0.0,21841.0
1718316651.327427,0.0,21841.0
1718316651.5163093,0.0,21841.0
1718316651.7349494,0.0,21841.0
1718316651.9611206,0.0,21841.0
1718316652.2154796,0.0,21841.0
1718316652.543415,0.0,21841.0
1718316652.9229288,0.0,21841.0
1718316653.1873376,0.0,21841.0
1718316653.4116173,0.0,21841.0
1718316653.6435237,0.0,21841.0
1718316653.9876995,0.0,21841.0
1718316654.1742387,0.0,21841.0
1718316654.3275988,74.0,21841.0
1718316654.4887936,99.0,21841.0
1718316654.668456,100.0,21841.0
1718316654.9515955,100.0,21841.0
1718316655.3194926,100.0,21841.0
1718316655.647414,96.0,21841.0
1718316655.8395014,100.0,21841.0
1718316656.1434917,100.0,21841.0
1718316656.5633643,100.0,21841.0
1718316656.9385808,57.0,21841.0
1718316657.3511703,0.0,21841.0
1718316657.7235212,0.0,21841.0
1718316658.0595143,0.0,21841.0
1718316658.3476708,0.0,21841.0
1718316658.755525,0.0,21841.0
1718316659.0515542,0.0,21841.0
1718316659.363244,0.0,21841.0
1718316659.5795,0.0,21841.0
1718316659.847563,0.0,21841.0
1718316660.110175,0.0,21841.0
1718316660.4075727,0.0,21841.0
1718316660.7412758,1.0,21841.0
1718316660.997772,0.0,21841.0
1718316661.1951437,0.0,21841.0
1718316661.4666495,0.0,21841.0
1718316661.679471,0.0,21841.0
1718316662.0515263,0.0,21841.0
1718316662.367151,0.0,21841.0
1718316662.6145644,1.0,21841.0
1718316662.8675828,0.0,21841.0
1718316663.1435192,0.0,21841.0
1718316663.4901316,0.0,21841.0
1718316663.671426,0.0,21841.0
1718316663.9025292,0.0,21841.0
1718316664.067518,0.0,21841.0
1718316664.2933226,0.0,21841.0
1718316664.615469,0.0,21841.0
1718316664.9219813,46.0,21841.0
1718316665.1137335,100.0,21841.0
1718316665.2710552,99.0,21841.0
1718316665.4756873,100.0,21841.0
1718316665.7910285,100.0,21841.0
1718316666.177459,87.0,21841.0
1718316666.419502,100.0,21841.0
1718316666.6864154,100.0,21841.0
1718316667.0075243,100.0,21841.0
1718316667.246699,100.0,21841.0
1718316667.4552228,77.0,21841.0
1718316667.8075006,0.0,21841.0
1718316668.1431587,0.0,21841.0
1718316668.4830759,0.0,21841.0
1718316668.791194,0.0,21841.0
1718316669.0108986,0.0,21841.0
1718316669.2939186,0.0,21841.0
1718316669.623509,0.0,21841.0
1718316669.9114923,0.0,21841.0
1718316670.2115264,0.0,21841.0
1718316670.4811804,0.0,21841.0
1718316670.7435331,0.0,21841.0
1718316671.0234709,0.0,21841.0
1718316671.3676324,0.0,21841.0
1718316671.6554492,0.0,21841.0
1718316671.9674861,0.0,21841.0
1718316672.2265637,0.0,21841.0
1718316672.4326165,0.0,21841.0
1718316672.699549,0.0,21841.0
1718316673.0150354,0.0,21841.0
1718316673.4728801,0.0,21841.0
1718316673.8326142,0.0,21841.0
1718316674.0754228,0.0,21841.0
1718316674.273353,0.0,21841.0
1718316674.4994075,42.0,21841.0
1718316674.7180722,100.0,21841.0
1718316674.8965466,88.0,21841.0
1718316675.1290596,100.0,21841.0
1718316675.3769886,100.0,21841.0
1718316675.7443728,77.0,21841.0
1718316676.1287189,0.0,21841.0
1718316676.4674962,0.0,21841.0
1718316676.826407,0.0,21841.0
1718316677.0514998,0.0,21841.0
1718316677.3282351,0.0,21841.0
1718316677.6124961,0.0,21841.0
1718316677.8333635,0.0,21841.0
1718316678.0734828,7.0,21841.0
1718316678.239501,100.0,21841.0
1718316678.4566514,99.0,21841.0
1718316678.6210077,100.0,21841.0
1718316678.819021,100.0,21841.0
1718316679.1114783,100.0,21841.0
1718316679.4595346,6.0,21841.0
1718316679.8157644,0.0,21841.0
1718316680.2526019,0.0,21841.0
1718316680.6234555,0.0,21841.0
1718316680.98864,0.0,21841.0
1718316681.370034,0.0,21841.0
1718316681.6114612,0.0,21841.0
1718316681.8874128,0.0,21841.0
1718316682.1794398,0.0,21841.0
1718316682.388938,0.0,21841.0
1718316682.6253805,0.0,21841.0
1718316682.85151,0.0,21841.0
1718316683.0785294,0.0,21841.0
1718316683.3314736,0.0,21841.0
1718316683.6434872,0.0,21841.0
1718316683.9515438,0.0,21841.0
1718316684.2084365,0.0,21841.0
1718316684.4235182,0.0,21841.0
1718316684.6955047,0.0,21841.0
1718316685.0235195,0.0,21841.0
1718316685.2324858,31.0,21841.0
1718316685.4154222,100.0,21841.0
1718316685.6554828,97.0,21841.0
1718316685.9795067,100.0,21841.0
1718316686.2824683,100.0,21841.0
1718316686.6077597,84.0,21841.0
1718316686.9354453,0.0,21841.0
1718316687.2194915,0.0,21841.0
1718316687.5596116,0.0,21841.0
1718316687.9274924,0.0,21841.0
1718316688.4224865,0.0,21841.0
1718316688.6454926,0.0,21841.0
1718316688.873138,0.0,21841.0
1718316689.0686796,0.0,21841.0
1718316689.2799413,0.0,21841.0
1718316689.4703488,51.0,21841.0
1718316689.6508799,100.0,21841.0
1718316689.8314676,98.0,21841.0
1718316690.0434895,100.0,21841.0
1718316690.335549,100.0,21841.0
1718316690.7835064,0.0,21841.0
1718316691.194658,0.0,21841.0
1718316691.5314214,0.0,21841.0
1718316691.8051345,0.0,21841.0
1718316692.0422711,0.0,21841.0
1718316692.231454,0.0,21841.0
1718316692.4979727,0.0,21841.0
1718316692.8291118,0.0,21841.0
1718316693.010114,0.0,21841.0
1718316693.2784383,0.0,21841.0
1718316693.499483,0.0,21841.0
1718316693.8071964,0.0,21841.0
1718316694.1354892,0.0,21841.0
1718316694.459523,0.0,21841.0
1718316694.7035792,0.0,21841.0
1718316694.9226034,0.0,21841.0
1718316695.1042533,0.0,21841.0
1718316695.35147,24.0,21841.0
1718316695.5835013,100.0,21841.0
1718316695.915484,96.0,21841.0
1718316696.1450355,100.0,21841.0
1718316696.3271062,100.0,21841.0
1718316696.6650167,100.0,21841.0
1718316696.9470768,0.0,21841.0
1718316697.2514358,0.0,21841.0
1718316697.5675058,0.0,21841.0
1718316697.8555515,0.0,21841.0
1718316698.1675274,0.0,21841.0
1718316698.5235083,0.0,21841.0
1718316698.8474925,0.0,21841.0
1718316699.2575839,0.0,21841.0
1718316699.5355635,0.0,21841.0
1718316699.7315192,0.0,21841.0
1718316699.9547896,0.0,21841.0
1718316700.1580899,0.0,21841.0
1718316700.3268847,3.0,21841.0
1718316700.5229566,100.0,21841.0
1718316700.6994808,98.0,21841.0
1718316700.910132,100.0,21841.0
1718316701.1247692,100.0,21830.0
1718316701.4566193,100.0,21844.0
1718316701.8675942,1.0,21840.0
1718316702.2859097,1.0,21840.0
1718316702.668942,3.0,21834.0
1718316703.0074296,0.0,21834.0
1718316703.215567,0.0,21834.0
1718316703.4291947,0.0,21834.0
1718316703.6914313,0.0,21834.0
1718316703.9638224,1.0,21834.0
1718316704.3403723,0.0,21834.0
1718316704.6115603,0.0,21834.0
1718316704.8968081,0.0,21834.0
1718316705.3794534,0.0,21834.0
1718316705.5994887,0.0,21834.0
1718316705.7874484,0.0,21834.0
1718316705.985829,0.0,21834.0
1718316706.1715095,16.0,21834.0
1718316706.3714619,100.0,21834.0
1718316706.5875041,99.0,21834.0
1718316706.905919,100.0,21834.0
1718316707.1989028,100.0,21834.0
1718316707.4704454,98.0,21834.0
1718316707.851454,0.0,21834.0
1718316708.2235694,0.0,21834.0
1718316708.5264518,0.0,21834.0
1718316708.747603,0.0,21834.0
1718316709.143509,0.0,21834.0
1718316709.530992,0.0,21834.0
1718316709.8834484,0.0,21834.0
1718316710.2108257,0.0,21834.0
1718316710.5555396,0.0,21834.0
1718316710.9093268,0.0,21834.0
1718316711.1291463,0.0,21834.0
1718316711.3124747,0.0,21834.0
1718316711.5110998,0.0,21834.0
1718316711.6954405,0.0,21834.0
1718316711.907492,81.0,21834.0
1718316712.1149652,93.0,21834.0
1718316712.3753026,100.0,21834.0
1718316712.682735,100.0,21834.0
1718316712.8675008,100.0,21834.0
1718316713.1595628,38.0,21834.0
1718316713.512547,0.0,21834.0
1718316713.7942362,0.0,21834.0
1718316714.063158,0.0,21834.0
1718316714.2914355,0.0,21834.0
1718316714.6312652,0.0,21834.0
1718316714.9915075,0.0,21834.0
1718316715.2995765,0.0,21834.0
1718316715.5555222,0.0,21834.0
1718316715.8258493,0.0,21834.0
1718316716.1315255,0.0,21834.0
1718316716.4434183,0.0,21834.0
1718316716.6554248,0.0,21834.0
1718316716.8187323,0.0,21834.0
1718316717.0395436,0.0,21834.0
1718316717.2172298,82.0,21834.0
1718316717.4554436,99.0,21834.0
1718316717.6916797,100.0,21834.0
1718316717.9781063,100.0,21834.0
1718316718.243509,100.0,21834.0
1718316718.5238395,49.0,21828.0
1718316718.8835113,0.0,21828.0
1718316719.1975234,0.0,21828.0
1718316719.5207984,0.0,21828.0
1718316719.7563813,0.0,21828.0
1718316720.0555258,0.0,21828.0
1718316720.4886713,0.0,21828.0
1718316720.8515155,0.0,21828.0
1718316721.2089577,0.0,21828.0
1718316721.5154212,0.0,21828.0
1718316721.8222823,1.0,21828.0
1718316722.0748854,0.0,21828.0
1718316722.2834535,0.0,21828.0
1718316722.477712,0.0,21828.0
1718316722.6628728,22.0,21828.0
1718316722.871491,100.0,21828.0
1718316723.083472,97.0,21828.0
1718316723.375565,100.0,21828.0
1718316723.6942518,100.0,21828.0
1718316723.893881,100.0,21828.0
1718316724.0875046,1.0,21828.0
1718316724.4764473,0.0,21828.0
1718316724.7674525,0.0,21828.0
1718316725.074303,1.0,21828.0
1718316725.351505,0.0,21828.0
1718316725.7493622,0.0,21828.0
1718316726.091471,0.0,21828.0
1718316726.4340062,0.0,21828.0
1718316726.91551,0.0,21828.0
1718316727.2350123,0.0,21828.0
1718316727.4947484,0.0,21828.0
1718316727.6876488,0.0,21828.0
1718316727.8640997,0.0,21828.0
1718316728.0394697,48.0,21828.0
1718316728.223478,100.0,21828.0
1718316728.407577,98.0,21828.0
1718316728.631527,100.0,21828.0
1718316729.0275176,100.0,21828.0
1718316729.513818,0.0,21828.0
1718316729.8733594,0.0,21828.0
1718316730.2475328,0.0,21828.0
1718316730.4834208,0.0,21828.0
1718316730.791535,0.0,21828.0
1718316731.2075024,0.0,21828.0
1718316731.4675093,0.0,21828.0
1718316731.7586758,0.0,21828.0
1718316731.971773,0.0,21828.0
1718316732.2364476,0.0,21828.0
1718316732.5555348,0.0,21828.0
1718316732.8634298,0.0,21828.0
1718316733.07955,0.0,21828.0
1718316733.2903166,0.0,21828.0
1718316733.482862,0.0,21828.0
1718316733.7103672,1.0,21828.0
1718316733.9489448,0.0,21828.0
1718316734.171051,89.0,21828.0
1718316734.4127965,100.0,21828.0
1718316734.779534,100.0,21828.0
1718316735.0023878,100.0,21828.0
1718316735.2468853,50.0,21828.0
1718316735.6157792,0.0,21828.0
1718316735.9762716,0.0,21828.0
1718316736.343498,0.0,21828.0
1718316736.7155132,0.0,21828.0
1718316737.1680698,0.0,21828.0
1718316737.559188,0.0,21828.0
1718316737.8866963,0.0,21828.0
1718316738.1109314,0.0,21828.0
1718316738.2794862,0.0,21828.0
1718316738.4789526,16.0,21828.0
1718316738.6570323,100.0,21828.0
1718316738.8514633,99.0,21828.0
1718316739.0698853,100.0,21828.0
1718316739.3228693,100.0,21828.0
1718316739.767637,100.0,21828.0
1718316740.120557,0.0,21828.0
1718316740.6154923,0.0,21828.0
1718316740.8955343,0.0,21828.0
1718316741.194819,0.0,21828.0
1718316741.5568337,0.0,21828.0
1718316741.9020946,0.0,21828.0
1718316742.2074623,1.0,21828.0
1718316742.416882,0.0,21828.0
1718316742.6545444,0.0,21828.0
1718316742.9435275,0.0,21828.0
1718316743.1796384,1.0,21828.0
1718316743.3998218,0.0,21828.0
1718316743.806528,0.0,21828.0
1718316744.0435863,0.0,21828.0
1718316744.2794657,0.0,21828.0
1718316744.4992142,0.0,21828.0
1718316744.6995723,0.0,21828.0
1718316744.9235256,0.0,21828.0
1718316745.2174962,18.0,21828.0
1718316745.429827,100.0,21828.0
1718316745.5914228,99.0,21828.0
1718316745.819549,100.0,21828.0
1718316746.0533407,100.0,21828.0
1718316746.4035494,100.0,21828.0
1718316746.7475,0.0,21828.0
1718316747.135499,0.0,21828.0
1718316747.3513548,0.0,21828.0
1718316747.655992,0.0,21828.0
1718316748.0795162,0.0,21828.0
1718316748.595498,1.0,21828.0
1718316748.8832433,0.0,21828.0
1718316749.1155376,0.0,21828.0
1718316749.3314908,0.0,21828.0
1718316749.514966,0.0,21828.0
1718316749.6834798,23.0,21828.0
1718316749.887447,100.0,21828.0
1718316750.0594153,98.0,21828.0
1718316750.2941642,100.0,21828.0
1718316750.6012213,100.0,21828.0
1718316751.0181587,0.0,21828.0
1718316751.3763351,0.0,21828.0
1718316751.695504,1.0,21828.0
1718316752.0189888,0.0,21828.0
1718316752.2548852,0.0,21828.0
1718316752.6578941,0.0,21828.0
1718316752.88549,0.0,21828.0
1718316753.1764426,0.0,21828.0
1718316753.4146903,0.0,21828.0
1718316753.6675427,0.0,21828.0
1718316753.9594877,0.0,21828.0
1718316754.2938151,0.0,21828.0
1718316754.651477,0.0,21828.0
1718316754.8995113,0.0,21828.0
1718316755.1395004,1.0,21828.0
1718316755.3313646,0.0,21828.0
1718316755.5834868,0.0,21828.0
1718316755.8274806,68.0,21828.0
1718316756.1234705,100.0,21828.0
1718316756.320756,90.0,21828.0
1718316756.4954681,100.0,21828.0
1718316756.8448498,100.0,21828.0
1718316757.1438217,58.0,21828.0
1718316757.5105472,0.0,21828.0
1718316757.83552,0.0,21828.0
1718316758.1198027,1.0,21828.0
1718316758.4188633,0.0,21828.0
1718316758.7274854,0.0,21828.0
1718316759.0555735,0.0,21828.0
1718316759.5408127,0.0,21828.0
1718316759.807658,0.0,21828.0
1718316759.9954972,0.0,21828.0
1718316760.195508,0.0,21828.0
1718316760.3806055,12.0,21828.0
1718316760.5711548,100.0,21828.0
1718316760.780843,98.0,21828.0
1718316760.9754772,100.0,21828.0
1718316761.2154853,100.0,21828.0
1718316761.5714774,100.0,21828.0
1718316761.8951135,6.0,21828.0
1718316762.1725,0.0,21828.0
1718316762.4755435,0.0,21828.0
1718316762.8423157,0.0,21828.0
1718316763.076583,0.0,21828.0
1718316763.2635162,0.0,21828.0
1718316763.615456,1.0,21828.0
1718316763.9255016,0.0,21828.0
1718316764.1951869,0.0,21828.0
1718316764.4796212,0.0,21828.0
1718316764.699529,0.0,21828.0
1718316765.1195192,0.0,21828.0
1718316765.4680793,0.0,21828.0
1718316765.6832998,0.0,21828.0
1718316765.89549,0.0,21828.0
1718316766.1067321,0.0,21828.0
1718316766.3061063,11.0,21828.0
1718316766.5194943,69.0,21828.0
1718316766.8314972,99.0,21828.0
1718316767.051496,100.0,21828.0
1718316767.263667,100.0,21828.0
1718316767.4314682,100.0,21828.0
1718316767.6834826,37.0,21828.0
1718316768.0756443,0.0,21828.0
1718316768.4355543,0.0,21828.0
1718316768.7170954,0.0,21828.0
1718316768.9715376,0.0,21828.0
1718316769.264548,0.0,21828.0
1718316769.635472,0.0,21828.0
1718316770.063549,0.0,21828.0
1718316770.516126,0.0,21828.0
1718316770.7787533,0.0,21828.0
1718316771.0661166,1.0,21828.0
1718316771.2622664,0.0,21828.0
1718316771.459529,0.0,21828.0
1718316771.6872928,64.0,21828.0
1718316771.8778172,100.0,21828.0
1718316772.1220942,100.0,21828.0
1718316772.4514766,100.0,21828.0
1718316772.8715541,52.0,21828.0
1718316773.260955,0.0,21828.0
1718316773.6246128,0.0,21828.0
1718316773.8914557,0.0,21828.0
1718316774.1154935,1.0,21828.0
1718316774.3994665,0.0,21828.0
1718316774.771375,0.0,21828.0
1718316775.0075605,0.0,21828.0
1718316775.298971,0.0,21828.0
1718316775.535467,0.0,21828.0
1718316775.8555179,0.0,21828.0
1718316776.254512,0.0,21828.0
1718316776.4786687,1.0,21828.0
1718316776.6919413,0.0,21828.0
1718316776.901459,0.0,21828.0
1718316777.1034763,24.0,21828.0
1718316777.3435307,100.0,21828.0
1718316777.6154668,97.0,21828.0
1718316777.8834722,100.0,21828.0
1718316778.1312006,100.0,21828.0
1718316778.3314698,100.0,21828.0
1718316778.5835178,98.0,21828.0
1718316778.871487,0.0,21828.0
1718316779.2200394,0.0,21828.0
1718316779.563482,1.0,21828.0
1718316779.8315563,0.0,21828.0
1718316780.1555789,0.0,21828.0
1718316780.602671,0.0,21828.0
1718316781.0449123,0.0,21828.0
1718316781.3235588,0.0,21828.0
1718316781.5362372,0.0,21828.0
1718316781.7074826,0.0,21828.0
1718316781.9214647,1.0,21828.0
1718316782.1043475,0.0,21828.0
1718316782.3141346,29.0,21828.0
1718316782.5179203,100.0,21828.0
1718316782.714343,84.0,21828.0
1718316782.923508,100.0,21828.0
1718316783.3157084,100.0,21828.0
1718316783.8195536,1.0,21828.0
1718316784.206573,0.0,21828.0
1718316784.5727227,0.0,21828.0
1718316784.8196855,0.0,21828.0
1718316785.1235137,0.0,21828.0
1718316785.4154208,0.0,21828.0
1718316785.7394984,0.0,21828.0
1718316786.0677018,1.0,21828.0
1718316786.306939,0.0,21828.0
1718316786.567986,0.0,21828.0
1718316786.9643848,0.0,21828.0
1718316787.2568352,1.0,21828.0
1718316787.4515479,0.0,21828.0
1718316787.659572,0.0,21828.0
1718316787.8501692,0.0,21828.0
1718316788.0626614,0.0,21828.0
1718316788.2629008,100.0,21828.0
1718316788.5586545,97.0,21828.0
1718316788.8453755,100.0,21828.0
1718316789.0410664,100.0,21828.0
1718316789.231519,100.0,21828.0
1718316789.6111658,74.0,21828.0
1718316789.9023879,0.0,21828.0
1718316790.2286737,0.0,21828.0
1718316790.5035346,0.0,21828.0
1718316790.7477298,0.0,21828.0
1718316791.0635104,0.0,21828.0
1718316791.4384224,0.0,21828.0
1718316791.8661509,0.0,21828.0
1718316792.2108142,0.0,21828.0
1718316792.4796894,1.0,21828.0
1718316792.6515193,0.0,21828.0
1718316792.871419,0.0,21828.0
1718316793.0369127,20.0,21828.0
1718316793.2394738,100.0,21828.0
1718316793.453635,99.0,21828.0
1718316793.6942377,100.0,21828.0
1718316794.0075262,100.0,21828.0
1718316794.3835075,1.0,21828.0
1718316794.8195038,0.0,21828.0
1718316795.2352197,0.0,21828.0
1718316795.5155487,0.0,21828.0
1718316795.8315167,0.0,21828.0
1718316796.1741934,0.0,21828.0
1718316796.4607666,0.0,21828.0
1718316796.6851056,0.0,21828.0
1718316796.919044,0.0,21828.0
1718316797.1673825,0.0,21828.0
1718316797.4275236,0.0,21828.0
1718316797.6677246,1.0,21828.0
1718316798.0234234,0.0,21828.0
1718316798.3194447,0.0,21828.0
1718316798.5752552,0.0,21828.0
1718316798.79546,0.0,21828.0
1718316799.0024793,0.0,21828.0
1718316799.250283,0.0,21828.0
1718316799.5543616,0.0,21828.0
1718316799.7700982,95.0,21828.0
1718316799.939425,93.0,21828.0
1718316800.1755216,100.0,21828.0
1718316800.4154756,100.0,21828.0
1718316800.7434928,100.0,21828.0
1718316801.123485,32.0,21828.0
1718316801.5115845,0.0,21828.0
1718316801.775051,0.0,21828.0
1718316802.1675289,1.0,21828.0
1718316802.535517,0.0,21828.0
1718316802.9832087,0.0,21828.0
1718316803.243692,1.0,21828.0
1718316803.4296486,0.0,21828.0
1718316803.6474895,0.0,21828.0
1718316803.83861,0.0,21828.0
1718316804.0234692,64.0,21828.0
1718316804.2155025,100.0,21828.0
1718316804.4194436,85.0,21828.0
1718316804.619502,100.0,21828.0
1718316804.9355257,100.0,21828.0
1718316805.359549,70.0,21828.0
1718316805.727566,0.0,21828.0
1718316806.0276644,0.0,21828.0
1718316806.3995526,1.0,21828.0
1718316806.6235664,0.0,21828.0
1718316806.894627,0.0,21828.0
1718316807.2434704,1.0,21828.0
1718316807.57942,0.0,21828.0
1718316807.8761919,0.0,21828.0
1718316808.1155238,0.0,21828.0
1718316808.391496,0.0,21828.0
1718316808.6609502,0.0,21828.0
1718316808.96349,0.0,21828.0
1718316809.2180672,0.0,21828.0
1718316809.4355586,0.0,21828.0
1718316809.6314583,0.0,21828.0
1718316809.834891,0.0,21828.0
1718316810.0350385,0.0,21828.0
1718316810.2874703,100.0,21828.0
1718316810.598824,94.0,21828.0
1718316810.8019354,100.0,21828.0
1718316810.991418,100.0,21828.0
1718316811.2652974,100.0,21828.0
1718316811.651593,91.0,21828.0
1718316811.9279032,0.0,21828.0
1718316812.3062258,0.0,21828.0
1718316812.5954876,0.0,21828.0
1718316812.8595395,0.0,21828.0
1718316813.2315018,0.0,21828.0
1718316813.6715188,0.0,21828.0
1718316814.055513,0.0,21828.0
1718316814.328968,0.0,21828.0
1718316814.523489,0.0,21828.0
1718316814.7394276,0.0,21828.0
1718316814.9231389,0.0,21828.0
1718316815.1274855,100.0,21828.0
1718316815.3456814,97.0,21828.0
1718316815.5445127,100.0,21828.0
1718316815.7796443,100.0,21828.0
1718316816.021889,100.0,21828.0
1718316816.3636153,0.0,21828.0
1718316816.8115063,0.0,21828.0
1718316817.1600435,0.0,21828.0
1718316817.4195175,0.0,21828.0
1718316817.6474574,0.0,21828.0
1718316817.9115276,0.0,21828.0
1718316818.195445,1.0,21828.0
1718316818.3914611,0.0,21828.0
1718316818.7084906,0.0,21828.0
1718316818.9706128,0.0,21828.0
1718316819.1995115,1.0,21828.0
1718316819.4915075,0.0,21828.0
1718316819.8211308,0.0,21828.0
1718316820.108426,0.0,21828.0
1718316820.3364458,1.0,21828.0
1718316820.555512,0.0,21828.0
1718316820.7431962,0.0,21828.0
1718316820.9874392,35.0,21828.0
1718316821.2247405,78.0,21828.0
1718316821.5580087,100.0,21828.0
1718316821.735638,100.0,21828.0
1718316821.9034204,100.0,21828.0
1718316822.2127683,100.0,21828.0
1718316822.5634904,0.0,21828.0
1718316822.9474657,0.0,21828.0
1718316823.2554874,0.0,21828.0
1718316823.4930751,0.0,21828.0
1718316823.8259764,0.0,21828.0
1718316824.1180298,0.0,21828.0
1718316824.4239316,1.0,21828.0
1718316824.8115265,0.0,21828.0
1718316825.102332,0.0,21828.0
1718316825.3229697,0.0,21828.0
1718316825.5742528,1.0,21828.0
1718316825.7770805,6.0,21828.0
1718316825.9754932,100.0,21828.0
1718316826.2015965,99.0,21828.0
1718316826.384706,100.0,21828.0
1718316826.615542,100.0,21828.0
1718316826.959509,100.0,21828.0
1718316827.4274883,0.0,21828.0
1718316827.9115472,0.0,21828.0
1718316828.2394247,0.0,21828.0
1718316828.4714634,0.0,21828.0
1718316828.7715995,0.0,21828.0
1718316829.0914695,0.0,21828.0
1718316829.3994904,0.0,21828.0
1718316829.6514692,0.0,21828.0
1718316829.9115403,1.0,21828.0
1718316830.2111971,0.0,21828.0
1718316830.5075104,0.0,21828.0
1718316830.8395083,0.0,21828.0
1718316831.067659,1.0,21828.0
1718316831.2696674,0.0,21828.0
1718316831.463416,0.0,21828.0
1718316831.6712368,0.0,21828.0
1718316831.8915124,0.0,21828.0
1718316832.1388054,100.0,21828.0
1718316832.5127385,95.0,21828.0
1718316832.719618,100.0,21828.0
1718316832.9074135,100.0,21828.0
1718316833.2674866,100.0,21828.0
1718316833.5154767,16.0,21828.0
1718316833.8274567,0.0,21828.0
1718316834.1675313,1.0,21828.0
1718316834.435447,0.0,21828.0
1718316834.8315196,0.0,21828.0
1718316835.2977145,0.0,21828.0
1718316835.6935809,0.0,21828.0
1718316835.915581,0.0,21828.0
1718316836.163576,0.0,21828.0
1718316836.3194442,1.0,21828.0
1718316836.5514855,0.0,21828.0
1718316836.7565198,0.0,21828.0
1718316836.9754643,88.0,21828.0
1718316837.1778698,84.0,21828.0
1718316837.3675573,100.0,21828.0
1718316837.5872269,100.0,21828.0
1718316837.859824,100.0,21828.0
1718316838.2073338,46.0,21828.0
1718316838.5681927,1.0,21828.0
1718316838.9173977,0.0,21828.0
1718316839.275421,0.0,21828.0
1718316839.4954636,1.0,21828.0
1718316839.7954535,0.0,21828.0
1718316840.1491957,0.0,21828.0
1718316840.45369,0.0,21828.0
1718316840.749296,0.0,21828.0
1718316840.9594967,0.0,21828.0
1718316841.2170238,0.0,21828.0
1718316841.5088143,0.0,21828.0
1718316841.8542874,0.0,21828.0
1718316842.1301432,0.0,21828.0
1718316842.3474913,0.0,21828.0
1718316842.5299819,0.0,21828.0
1718316842.759452,30.0,21828.0
1718316843.0153556,80.0,21828.0
1718316843.3635123,100.0,21828.0
1718316843.5607,100.0,21828.0
1718316843.7514784,100.0,21828.0
1718316844.0714836,100.0,21828.0
1718316844.361136,10.0,21828.0
1718316844.6582441,0.0,21828.0
1718316845.0184104,1.0,21828.0
1718316845.274911,0.0,21828.0
1718316845.599519,0.0,21828.0
1718316845.9655552,0.0,21828.0
1718316846.471503,0.0,21828.0
1718316846.8108199,0.0,21828.0
1718316847.0232606,0.0,21828.0
1718316847.2095375,1.0,21828.0
1718316847.411419,0.0,21828.0
1718316847.5980313,8.0,21828.0
1718316847.7880092,100.0,21828.0
1718316848.013303,99.0,21828.0
1718316848.2116761,100.0,21828.0
1718316848.4355223,100.0,21828.0
1718316848.7916307,100.0,21828.0
1718316849.21447,0.0,21828.0
1718316849.6275184,0.0,21828.0
1718316850.0029619,0.0,21828.0
1718316850.2634645,1.0,21828.0
1718316850.5963645,0.0,21828.0
1718316851.0245967,0.0,21828.0
1718316851.2915618,1.0,21828.0
1718316851.5334127,0.0,21828.0
1718316851.7664444,0.0,21828.0
1718316852.0314908,0.0,21828.0
1718316852.3601716,0.0,21828.0
1718316852.682094,0.0,21828.0
1718316852.9033132,0.0,21828.0
1718316853.1329548,0.0,21828.0
1718316853.3151438,0.0,21828.0
1718316853.547611,1.0,21828.0
1718316853.7716496,0.0,21828.0
1718316854.099505,100.0,21828.0
1718316854.3314803,99.0,21828.0
1718316854.5229058,100.0,21828.0
1718316854.7394757,100.0,21828.0
1718316854.991481,100.0,21828.0
1718316855.3194504,88.0,21828.0
1718316855.6263354,1.0,21828.0
1718316855.9752617,0.0,21828.0
1718316856.2545288,0.0,21828.0
1718316856.5234654,0.0,21828.0
1718316856.8250809,0.0,21828.0
1718316857.2134926,0.0,21828.0
1718316857.528091,0.0,21828.0
1718316857.7742152,0.0,21828.0
1718316858.0062253,0.0,21828.0
1718316858.1835077,0.0,21828.0
1718316858.3884535,0.0,21828.0
1718316858.5866072,95.0,21828.0
1718316858.8114598,98.0,21828.0
1718316859.0065746,100.0,21828.0
1718316859.307531,100.0,21828.0
1718316859.7026765,100.0,21828.0
1718316860.0476086,0.0,21828.0
1718316860.5236819,0.0,21828.0
1718316860.8725905,0.0,21828.0
1718316861.1916249,0.0,21828.0
1718316861.5794706,0.0,21828.0
1718316861.8142674,0.0,21828.0
1718316862.1034806,1.0,21828.0
1718316862.3692656,0.0,21828.0
1718316862.5794966,0.0,21828.0
1718316862.8401282,0.0,21828.0
1718316863.0661376,0.0,21828.0
1718316863.305101,0.0,21828.0
1718316863.6154945,0.0,21828.0
1718316863.9552598,0.0,21828.0
1718316864.1714737,0.0,21828.0
1718316864.3954363,1.0,21828.0
1718316864.5956907,0.0,21828.0
1718316864.8564382,0.0,21828.0
1718316865.1593616,0.0,21828.0
1718316865.3916247,81.0,21828.0
1718316865.5849023,91.0,21828.0
1718316865.8248153,86.0,21828.0
1718316866.022098,100.0,21828.0
1718316866.3515544,100.0,21828.0
1718316866.6715307,59.0,21828.0
1718316867.0434542,0.0,21828.0
1718316867.2994788,0.0,21828.0
1718316867.5675528,1.0,21828.0
1718316867.9145443,0.0,21828.0
1718316868.3195298,1.0,21828.0
1718316868.7438111,0.0,21828.0
1718316868.989731,0.0,21828.0
1718316869.1783004,0.0,21828.0
1718316869.3773208,0.0,21828.0
1718316869.564484,37.0,21828.0
1718316869.7565145,100.0,21828.0
1718316869.9801428,98.0,21828.0
1718316870.1756873,100.0,21828.0
1718316870.3915095,100.0,21828.0
1718316870.779604,84.0,21828.0
1718316871.2476141,0.0,21828.0
1718316871.6153648,1.0,21828.0
1718316871.957883,0.0,21828.0
1718316872.1914926,0.0,21828.0
1718316872.5335248,0.0,21828.0
1718316872.8778298,0.0,21828.0
1718316873.1723683,0.0,21828.0
1718316873.4116309,0.0,21828.0
1718316873.6500866,0.0,21828.0
1718316873.931545,1.0,21828.0
1718316874.2714663,0.0,21828.0
1718316874.6234698,0.0,21828.0
1718316874.8635244,0.0,21828.0
1718316875.09947,1.0,21828.0
1718316875.2951488,0.0,21828.0
1718316875.547511,0.0,21828.0
1718316875.786629,67.0,21828.0
1718316876.1074932,100.0,21828.0
1718316876.315665,96.0,21828.0
1718316876.482003,100.0,21828.0
1718316876.6690733,100.0,21828.0
1718316876.8784606,100.0,21828.0
1718316877.2356129,54.0,21828.0
1718316877.5051787,0.0,21828.0
1718316877.8547719,0.0,21828.0
1718316878.1154583,1.0,21828.0
1718316878.36368,0.0,21828.0
1718316878.7475634,0.0,21828.0
1718316879.26346,0.0,21828.0
1718316879.5755203,0.0,21828.0
1718316879.8756866,0.0,21828.0
1718316880.0407205,0.0,21828.0
1718316880.2753522,0.0,21828.0
1718316880.462512,12.0,21828.0
1718316880.6648383,100.0,21828.0
1718316880.887417,95.0,21828.0
1718316881.0960283,100.0,21828.0
1718316881.4312522,100.0,21828.0
1718316881.8128536,13.0,21828.0
1718316882.2647884,0.0,21828.0
1718316882.7621462,0.0,21828.0
1718316882.9838753,0.0,21828.0
1718316883.283489,0.0,21828.0
1718316883.6701229,0.0,21828.0
1718316883.9229558,0.0,21828.0
1718316884.1910887,0.0,21828.0
1718316884.446939,0.0,21828.0
1718316884.7396646,0.0,21828.0
1718316884.9995236,0.0,21828.0
1718316885.2914867,0.0,21828.0
1718316885.5794947,0.0,21828.0
1718316885.8434846,1.0,21828.0
1718316886.0754313,0.0,21828.0
1718316886.2715912,0.0,21828.0
1718316886.4955208,0.0,21828.0
1718316886.7474086,1.0,21828.0
1718316887.0194995,62.0,21828.0
1718316887.2585893,100.0,21828.0
1718316887.4383512,99.0,21828.0
1718316887.633889,100.0,21828.0
1718316887.9155262,100.0,21828.0
1718316888.247419,55.0,21828.0
1718316888.5399354,0.0,21828.0
1718316888.8675084,0.0,21828.0
1718316889.084623,0.0,21828.0
1718316889.3744855,0.0,21828.0
1718316889.7555275,0.0,21828.0
1718316890.2635198,0.0,21828.0
1718316890.5968323,0.0,21828.0
1718316890.7974713,0.0,21828.0
1718316891.0257819,0.0,21828.0
1718316891.2164826,1.0,21828.0
1718316891.4075706,17.0,21828.0
1718316891.5874822,100.0,21828.0
1718316891.7979858,98.0,21828.0
1718316892.035485,100.0,21828.0
1718316892.2634902,100.0,21828.0
1718316892.5995195,100.0,21828.0
1718316893.0355086,0.0,21828.0
1718316893.4672644,0.0,21828.0
1718316893.8074338,0.0,21828.0
1718316894.0392942,0.0,21828.0
1718316894.3795333,0.0,21828.0
1718316894.7115438,0.0,21828.0
1718316895.0048811,0.0,21828.0
1718316895.3181047,1.0,21828.0
1718316895.5354342,0.0,21828.0
1718316895.807476,0.0,21828.0
1718316896.0795069,0.0,21828.0
1718316896.406997,0.0,21828.0
1718316896.6526914,0.0,21828.0
1718316896.878997,0.0,21828.0
1718316897.0594702,0.0,21828.0
1718316897.2828774,0.0,21828.0
1718316897.4950187,0.0,21828.0
1718316897.7195165,99.0,21828.0
1718316898.0424283,78.0,21828.0
1718316898.266985,100.0,21828.0
1718316898.4688785,100.0,21828.0
1718316898.7806451,67.0,21828.0
1718316899.1498618,0.0,21828.0
1718316899.5755346,0.0,21828.0
1718316899.839256,0.0,21828.0
1718316900.119961,0.0,21828.0
1718316900.5652533,0.0,21828.0
1718316900.8875515,0.0,21828.0
1718316901.220623,0.0,21828.0
1718316901.5715053,0.0,21828.0
1718316901.807504,0.0,21828.0
1718316902.0490165,0.0,21828.0
1718316902.2434795,0.0,21828.0
1718316902.44085,0.0,21828.0
1718316902.662166,91.0,21828.0
1718316902.8537993,99.0,21828.0
1718316903.0831056,100.0,21828.0
1718316903.3779883,100.0,21828.0
1718316903.71022,26.0,21828.0
1718316904.1779935,0.0,21828.0
1718316904.6194193,0.0,21828.0
1718316904.8754206,0.0,21828.0
1718316905.1555588,0.0,21828.0
1718316905.4954774,0.0,21828.0
1718316905.7915354,0.0,21828.0
1718316906.056381,0.0,21828.0
1718316906.284322,0.0,21828.0
1718316906.5115848,0.0,21828.0
1718316906.7595522,0.0,21828.0
1718316907.063537,1.0,21828.0
1718316907.4505887,0.0,21828.0
1718316907.683478,0.0,21828.0
1718316907.9035385,0.0,21828.0
1718316908.106806,0.0,21828.0
1718316908.3271723,1.0,21828.0
1718316908.6034906,98.0,21828.0
1718316908.9264932,100.0,21828.0
1718316909.1140294,100.0,21828.0
1718316909.3088787,100.0,21828.0
1718316909.6234772,100.0,21828.0
1718316909.9215453,44.0,21828.0
1718316910.1773207,0.0,21828.0
1718316910.595494,0.0,21828.0
1718316910.8795912,0.0,21828.0
1718316911.1916025,0.0,21828.0
1718316911.5314982,0.0,21828.0
1718316912.052021,0.0,21828.0
1718316912.328563,0.0,21828.0
1718316912.5711222,1.0,21828.0
1718316912.7714517,0.0,21828.0
1718316912.982966,0.0,21828.0
1718316913.1835911,37.0,21828.0
1718316913.3890932,100.0,21828.0
1718316913.609306,94.0,21828.0
1718316913.8027518,100.0,21828.0
1718316914.0765274,100.0,21828.0
1718316914.3955312,86.0,21828.0
1718316914.8047323,0.0,21828.0
1718316915.2329113,0.0,21828.0
1718316915.5625787,0.0,21828.0
1718316915.7930803,0.0,21828.0
1718316916.0475233,0.0,21828.0
1718316916.385642,0.0,21828.0
1718316916.7566936,0.0,21828.0
1718316917.0228686,0.0,21828.0
1718316917.293479,0.0,21828.0
1718316917.603476,0.0,21828.0
1718316917.8715684,1.0,21828.0
1718316918.1915095,0.0,21828.0
1718316918.4554808,0.0,21828.0
1718316918.693497,0.0,21828.0
1718316918.8834498,1.0,21828.0
1718316919.1212523,0.0,21828.0
1718316919.3596692,19.0,21828.0
1718316919.7417321,100.0,21828.0
1718316919.9554582,99.0,21828.0
1718316920.1394224,100.0,21828.0
1718316920.3615067,100.0,21828.0
1718316920.5478437,100.0,21828.0
1718316920.8927674,100.0,21828.0
1718316921.255494,0.0,21828.0
1718316921.5800366,0.0,21828.0
1718316921.8274672,0.0,21828.0
1718316922.1937025,0.0,21828.0
1718316922.5506706,0.0,21828.0
1718316923.0490289,0.0,21828.0
1718316923.359516,1.0,21828.0
1718316923.5607095,0.0,21828.0
1718316923.7936978,0.0,21828.0
1718316924.011506,0.0,21811.0
1718316924.1786883,59.0,21805.0
1718316924.3871744,100.0,21805.0
1718316924.5594544,95.0,21805.0
1718316924.7875245,100.0,21805.0
1718316925.069282,100.0,21805.0
1718316925.525035,0.0,21805.0
1718316925.9551325,0.0,21805.0
1718316926.3389394,0.0,21805.0
1718316926.5995085,0.0,21805.0
1718316926.9474692,0.0,21805.0
1718316927.260843,0.0,21805.0
1718316927.493133,0.0,21805.0
1718316927.7675064,0.0,21805.0
1718316927.9634702,0.0,21805.0
1718316928.17952,0.0,21805.0
1718316928.4522548,0.0,21805.0
1718316928.7194853,1.0,21805.0
1718316929.0025678,0.0,21805.0
1718316929.3096607,0.0,21805.0
1718316929.5591502,0.0,21805.0
1718316929.7464304,1.0,21805.0
1718316929.9515312,0.0,21805.0
1718316930.163531,0.0,21805.0
1718316930.4434943,0.0,21805.0
1718316930.72676,89.0,21805.0
1718316930.9155984,98.0,21805.0
1718316931.1033666,100.0,21805.0
1718316931.3514237,100.0,21805.0
1718316931.691548,100.0,21805.0
1718316931.9497337,100.0,21805.0
1718316932.2979684,0.0,21805.0
1718316932.6154845,0.0,21805.0
1718316932.9195182,0.0,21805.0
1718316933.3755367,0.0,21805.0
1718316933.8034682,0.0,21805.0
1718316934.1585991,0.0,21805.0
1718316934.4232736,0.0,21805.0
1718316934.6234784,0.0,21805.0
1718316934.8195333,0.0,21805.0
1718316934.9989822,1.0,21805.0
1718316935.2004757,100.0,21805.0
1718316935.415481,99.0,21805.0
1718316935.608683,100.0,21805.0
1718316935.8395143,100.0,21805.0
1718316936.1555054,100.0,21805.0
1718316936.551523,0.0,21805.0
1718316937.1295357,0.0,21805.0
1718316937.4340575,1.0,21805.0
1718316937.6419792,0.0,21805.0
1718316937.8850844,0.0,21805.0
1718316938.2715213,1.0,21805.0
1718316938.5394738,0.0,21805.0
1718316938.7391293,0.0,21805.0
1718316938.9630246,0.0,21805.0
1718316939.1791234,0.0,21805.0
1718316939.451538,0.0,21805.0
1718316939.739506,0.0,21805.0
1718316940.1019254,0.0,21805.0
1718316940.3888,0.0,21805.0
1718316940.6318405,1.0,21805.0
1718316940.8211308,0.0,21805.0
1718316941.0592952,0.0,21805.0
1718316941.3395166,0.0,21805.0
1718316941.633918,68.0,21805.0
1718316941.8401542,100.0,21805.0
1718316942.036794,100.0,21805.0
1718316942.3898718,100.0,21805.0
1718316942.759423,100.0,21805.0
1718316942.9954987,56.0,21805.0
1718316943.3035328,0.0,21805.0
1718316943.5787966,0.0,21805.0
1718316943.8919225,0.0,21805.0
1718316944.2759871,0.0,21805.0
1718316944.6550493,1.0,21805.0
1718316944.9994702,0.0,21805.0
1718316945.282169,0.0,21805.0
1718316945.4834259,0.0,21805.0
1718316945.7027786,0.0,21805.0
1718316945.8690956,1.0,21805.0
1718316946.0676043,42.0,21805.0
1718316946.2915025,99.0,21805.0
1718316946.487557,100.0,21805.0
1718316946.7514524,100.0,21805.0
1718316946.9977996,100.0,21805.0
1718316947.4035034,0.0,21805.0
1718316947.7595172,0.0,21805.0
1718316948.1155307,0.0,21805.0
1718316948.3922663,0.0,21805.0
1718316948.5959773,0.0,21805.0
1718316948.9575078,0.0,21805.0
1718316949.2137518,0.0,21805.0
1718316949.4994235,0.0,21805.0
1718316949.7834349,0.0,21805.0
1718316949.99547,0.0,21805.0
1718316950.287482,0.0,21805.0
1718316950.5795383,0.0,21805.0
1718316950.8874726,0.0,21805.0
1718316951.1380167,0.0,21805.0
1718316951.3819826,0.0,21805.0
1718316951.5529218,0.0,21805.0
1718316951.7555056,0.0,21805.0
1718316951.9636028,0.0,21805.0
1718316952.235487,60.0,21805.0
1718316952.5811524,92.0,21805.0
1718316952.7674294,98.0,21805.0
1718316953.0034747,100.0,21805.0
1718316953.2666626,100.0,21805.0
1718316953.5996375,66.0,21805.0
1718316953.8987195,0.0,21805.0
1718316954.2635162,1.0,21805.0
1718316954.4991817,0.0,21805.0
1718316954.7834957,0.0,21805.0
1718316955.2059672,0.0,21805.0
1718316955.6835268,0.0,21805.0
1718316956.0013578,0.0,21805.0
1718316956.186177,0.0,21805.0
1718316956.3835094,0.0,21805.0
1718316956.5904732,0.0,21805.0
1718316956.7794833,8.0,21805.0
1718316956.9636574,100.0,21805.0
1718316957.159468,99.0,21805.0
1718316957.3866682,100.0,21805.0
1718316957.5929868,100.0,21805.0
1718316957.9675725,13.0,21805.0
1718316958.535175,0.0,21805.0
1718316958.9006572,0.0,21805.0
1718316959.227412,0.0,21805.0
1718316959.4554894,0.0,21805.0
1718316959.7475176,0.0,21805.0
1718316960.0954583,0.0,21805.0
1718316960.426992,0.0,21805.0
1718316960.783508,1.0,21805.0
1718316961.0316415,0.0,21805.0
1718316961.358436,0.0,21805.0
1718316961.7502017,0.0,21805.0
1718316961.9874995,1.0,21805.0
1718316962.199484,0.0,21805.0
1718316962.4012258,0.0,21805.0
1718316962.6155462,0.0,21805.0
1718316962.8395452,100.0,21805.0
1718316963.1462843,85.0,21805.0
1718316963.4691927,100.0,21805.0
1718316963.6501606,100.0,21805.0
1718316963.8305295,100.0,21805.0
1718316964.1835732,0.0,21805.0
1718316964.5290065,0.0,21805.0
1718316964.8328483,0.0,21805.0
1718316965.1234982,1.0,21805.0
1718316965.3924563,0.0,21805.0
1718316965.7414966,0.0,21805.0
1718316966.1995196,0.0,21805.0
1718316966.5994792,0.0,21805.0
1718316966.8490698,0.0,21805.0
1718316967.052673,0.0,21805.0
1718316967.2271233,0.0,21805.0
1718316967.4275186,0.0,21805.0
1718316967.6093404,0.0,21805.0
1718316967.811511,67.0,21805.0
1718316968.035505,100.0,21805.0
1718316968.2234204,100.0,21805.0
1718316968.531998,100.0,21805.0
1718316968.9795458,54.0,21805.0
1718316969.4394734,0.0,21805.0
1718316969.8524818,0.0,21805.0
1718316970.130685,0.0,21805.0
1718316970.392103,0.0,21805.0
1718316970.697734,0.0,21805.0
1718316971.003553,0.0,21805.0
1718316971.2595022,0.0,21805.0
1718316971.4525456,0.0,21805.0
1718316971.6661112,0.0,21805.0
1718316971.929812,0.0,21805.0
1718316972.203631,0.0,21805.0
1718316972.471482,1.0,21805.0
1718316972.8154867,0.0,21805.0
1718316973.0631511,0.0,21805.0
1718316973.2674847,0.0,21805.0
1718316973.467294,0.0,21805.0
1718316973.6844757,0.0,21805.0
1718316973.9834974,0.0,21805.0
1718316974.26528,38.0,21805.0
1718316974.4549005,100.0,21805.0
1718316974.6355195,100.0,21805.0
1718316974.906177,100.0,21805.0
1718316975.187422,100.0,21805.0
1718316975.5195117,83.0,21805.0
1718316975.85548,0.0,21805.0
1718316976.1518211,0.0,21805.0
1718316976.5140872,0.0,21805.0
1718316976.8310895,0.0,21805.0
1718316977.3475494,0.0,21805.0
1718316977.655482,0.0,21805.0
1718316977.9074993,1.0,21805.0
1718316978.1211567,0.0,21805.0
1718316978.322635,0.0,21805.0
1718316978.5074687,6.0,21805.0
1718316978.7115202,100.0,21805.0
1718316978.9165742,97.0,21805.0
1718316979.1380842,100.0,21805.0
1718316979.3448205,100.0,21805.0
1718316979.6311412,100.0,21805.0
1718316980.0916295,0.0,21805.0
1718316980.5282948,0.0,21805.0
1718316980.9325533,0.0,21805.0
1718316981.1648364,0.0,21805.0
1718316981.5434382,0.0,21805.0
1718316981.8621807,0.0,21805.0
1718316982.2356417,1.0,21805.0
1718316982.5276408,0.0,21805.0
1718316982.7781878,0.0,21805.0
1718316983.1195009,0.0,21805.0
1718316983.4636183,0.0,21805.0
1718316983.7314985,0.0,21805.0
1718316983.9634871,0.0,21805.0
1718316984.1610718,0.0,21805.0
1718316984.3596501,0.0,21805.0
1718316984.575494,75.0,21805.0
1718316984.838457,100.0,21805.0
1718316985.1738205,100.0,21805.0
1718316985.3562102,100.0,21805.0
1718316985.5435426,100.0,21805.0
1718316985.875618,46.0,21805.0
1718316986.2274318,0.0,21805.0
1718316986.5514555,1.0,21805.0
1718316986.855485,0.0,21805.0
1718316987.102148,0.0,21805.0
1718316987.3768485,0.0,21805.0
1718316987.6994975,0.0,21805.0
1718316988.0675566,0.0,21805.0
1718316988.435527,0.0,21805.0
1718316988.7355454,1.0,21805.0
1718316988.9352493,0.0,21805.0
1718316989.1555111,0.0,21805.0
1718316989.343099,0.0,21805.0
1718316989.5439706,20.0,21805.0
1718316989.7531126,100.0,21805.0
1718316989.9554992,99.0,21805.0
1718316990.1755166,100.0,21805.0
1718316990.5401645,100.0,21805.0
1718316990.9492106,2.0,21805.0
1718316991.2905807,0.0,21805.0
1718316991.6874962,0.0,21805.0
1718316991.9179215,1.0,21805.0
1718316992.1634579,0.0,21805.0
1718316992.487982,0.0,21805.0
1718316992.8515253,0.0,21805.0
1718316993.1047955,0.0,21805.0
1718316993.4303322,0.0,21805.0
1718316993.6848395,0.0,21805.0
1718316993.979601,1.0,21805.0
1718316994.3795054,0.0,21805.0
1718316994.6434958,0.0,21805.0
1718316994.8514736,0.0,21805.0
1718316995.0561273,0.0,21805.0
1718316995.2515104,0.0,21805.0
1718316995.495555,61.0,21805.0
1718316995.749333,100.0,21805.0
1718316996.0234993,55.0,21805.0
1718316996.247726,100.0,21805.0
1718316996.4155984,100.0,21805.0
1718316996.645152,100.0,21805.0
1718316996.9438853,98.0,21805.0
1718316997.2291415,1.0,21805.0
1718316997.5914903,0.0,21805.0
1718316997.866027,0.0,21805.0
1718316998.1315124,1.0,21805.0
1718316998.5074859,0.0,21805.0
1718316998.8235302,0.0,21805.0
1718316999.1675673,0.0,21805.0
1718316999.5509949,0.0,21805.0
1718316999.7811146,0.0,21805.0
1718317000.0298252,0.0,21805.0
1718317000.2315214,0.0,21805.0
1718317000.4034526,0.0,21805.0
1718317000.5953932,92.0,21805.0
1718317000.7793398,98.0,21805.0
1718317001.0034683,100.0,21805.0
1718317001.223435,100.0,21805.0
1718317001.4555163,100.0,21805.0
1718317001.9634511,0.0,21805.0
1718317002.400558,0.0,21805.0
1718317002.8514786,0.0,21805.0
1718317003.1251397,0.0,21805.0
1718317003.4175708,0.0,21805.0
1718317003.7912955,0.0,21805.0
1718317004.1755586,0.0,21805.0
1718317004.5196571,0.0,21805.0
1718317004.888851,0.0,21805.0
1718317005.0596323,0.0,21805.0
1718317005.325035,0.0,21805.0
1718317005.520658,0.0,21805.0
1718317005.6874828,0.0,21805.0
1718317005.9075,100.0,21805.0
1718317006.0968888,77.0,21805.0
1718317006.3354616,100.0,21805.0
1718317006.5714943,100.0,21805.0
1718317007.051049,100.0,21805.0
1718317007.402198,0.0,21805.0
1718317007.7979755,0.0,21805.0
1718317008.1468372,1.0,21805.0
1718317008.358611,0.0,21805.0
1718317008.5987585,0.0,21805.0
1718317008.8874853,0.0,21805.0
1718317009.2195592,0.0,21805.0
1718317009.5919564,0.0,21805.0
1718317009.8431587,0.0,21805.0
1718317010.2203977,0.0,21805.0
1718317010.5715072,0.0,21805.0
1718317010.8213007,0.0,21805.0
1718317011.0427384,0.0,21805.0
1718317011.2515268,0.0,21805.0
1718317011.455471,3.0,21805.0
1718317011.6977408,100.0,21805.0
1718317011.9484155,96.0,21805.0
1718317012.1874843,100.0,21805.0
1718317012.542748,100.0,21805.0
1718317012.8315213,100.0,21805.0
1718317013.227573,0.0,21805.0
1718317013.5069888,0.0,21805.0
1718317013.8274546,0.0,21805.0
1718317014.0755525,0.0,21805.0
1718317014.391073,1.0,21805.0
1718317014.8114793,0.0,21805.0
1718317015.2035415,0.0,21805.0
1718317015.5585523,1.0,21805.0
1718317015.813816,0.0,21805.0
1718317016.0019312,0.0,21805.0
1718317016.2141705,0.0,21805.0
1718317016.414026,0.0,21805.0
1718317016.6076806,95.0,21805.0
1718317016.7994585,99.0,21805.0
1718317017.0317357,100.0,21805.0
1718317017.2234814,100.0,21805.0
1718317017.546288,100.0,21805.0
1718317017.8505213,27.0,21805.0
1718317018.1235523,0.0,21805.0
1718317018.5155447,1.0,21805.0
1718317018.9315333,0.0,21805.0
1718317019.169473,0.0,21805.0
1718317019.487507,0.0,21805.0
1718317019.8804626,1.0,21805.0
1718317020.150271,0.0,21805.0
1718317020.4205923,0.0,21805.0
1718317020.7105742,0.0,21805.0
1718317021.019501,0.0,21805.0
1718317021.2916133,0.0,21805.0
1718317021.499638,0.0,21805.0
1718317021.671314,0.0,21805.0
1718317021.855729,0.0,21805.0
1718317022.0554545,17.0,21805.0
1718317022.270835,99.0,21805.0
1718317022.4675164,100.0,21805.0
1718317022.703539,100.0,21805.0
1718317023.0315073,100.0,21805.0
1718317023.319606,5.0,21805.0
1718317023.6966288,0.0,21805.0
1718317024.0673554,1.0,21805.0
1718317024.375501,0.0,21805.0
1718317024.6088448,0.0,21805.0
1718317024.8585267,0.0,21805.0
1718317025.2435436,1.0,21805.0
1718317025.5955524,0.0,21805.0
1718317025.9314945,0.0,21805.0
1718317026.2355044,1.0,21805.0
1718317026.5742176,0.0,21805.0
1718317026.7729602,0.0,21805.0
1718317026.9867053,0.0,21805.0
1718317027.153271,0.0,21805.0
1718317027.3689282,0.0,21805.0
1718317027.5417938,0.0,21805.0
1718317027.7785378,69.0,21805.0
1718317028.038933,93.0,21805.0
1718317028.366906,100.0,21805.0
1718317028.5751617,100.0,21805.0
1718317028.7474463,100.0,21805.0
1718317029.036381,54.0,21805.0
1718317029.3474677,0.0,21805.0
1718317029.6754303,0.0,21805.0
1718317029.9954705,0.0,21805.0
1718317030.3314893,0.0,21805.0
1718317030.6715188,0.0,21805.0
1718317031.1035106,0.0,21805.0
1718317031.4994836,1.0,21805.0
1718317031.915474,0.0,21805.0
1718317032.1164033,0.0,21805.0
1718317032.3325791,0.0,21805.0
1718317032.528701,0.0,21805.0
1718317032.7195618,27.0,21805.0
1718317032.8927162,100.0,21805.0
1718317033.0914712,97.0,21805.0
1718317033.2785287,100.0,21805.0
1718317033.5155075,100.0,21805.0
1718317033.8749838,99.0,21805.0
1718317034.3596365,0.0,21805.0
1718317034.811137,1.0,21805.0
1718317035.096051,0.0,21805.0
1718317035.319446,0.0,21805.0
1718317035.6194959,0.0,21805.0
1718317035.8891907,1.0,21805.0
1718317036.1914673,0.0,21805.0
1718317036.3996298,0.0,21805.0
1718317036.6636152,0.0,21805.0
1718317036.85499,0.0,21805.0
1718317037.191513,0.0,21805.0
1718317037.5675151,0.0,21805.0
1718317037.8675365,0.0,21805.0
1718317038.1115115,1.0,21805.0
1718317038.3057399,0.0,21805.0
1718317038.5284152,0.0,21805.0
1718317038.7426107,36.0,21805.0
1718317039.0432,95.0,21805.0
1718317039.3424404,100.0,21805.0
1718317039.5235677,100.0,21805.0
1718317039.707495,100.0,21805.0
1718317040.0354843,90.0,21805.0
1718317040.2671175,0.0,21805.0
1718317040.5993314,0.0,21805.0
1718317040.9554718,0.0,21805.0
1718317041.2515333,0.0,21805.0
1718317041.5708108,0.0,21805.0
1718317041.9828346,1.0,21805.0
1718317042.5035107,0.0,21805.0
1718317042.778566,0.0,21805.0
1718317042.991941,0.0,21805.0
1718317043.1901984,0.0,21805.0
1718317043.3999548,0.0,21805.0
1718317043.587463,12.0,21805.0
1718317043.7754607,100.0,21805.0
1718317043.9713066,97.0,21805.0
1718317044.1814952,100.0,21805.0
1718317044.3835142,100.0,21805.0
1718317044.8276057,13.0,21805.0
1718317045.3335576,0.0,21794.0
1718317045.8114965,0.0,21755.0
1718317046.0793493,0.0,21755.0
1718317046.363447,0.0,21755.0
1718317046.7674916,0.0,21755.0
1718317047.0804245,0.0,21755.0
1718317047.289167,0.0,21755.0
1718317047.515647,0.0,21755.0
1718317047.703518,1.0,21755.0
1718317048.0112352,0.0,21755.0
1718317048.2750115,0.0,21755.0
1718317048.6091437,0.0,21755.0
1718317048.8433225,0.0,21755.0
1718317049.07863,0.0,21755.0
1718317049.2594876,0.0,21755.0
1718317049.4675064,0.0,21755.0
1718317049.674693,0.0,21755.0
1718317049.9634485,100.0,21755.0
1718317050.2931564,94.0,21755.0
1718317050.485018,100.0,21755.0
1718317050.672899,100.0,21755.0
1718317050.949204,100.0,21755.0
1718317051.2994225,55.0,21755.0
1718317051.5674942,0.0,21755.0
1718317051.9155092,0.0,21755.0
1718317052.1761763,0.0,21755.0
1718317052.4955108,0.0,21755.0
1718317052.8995261,0.0,21755.0
1718317053.2795255,0.0,21755.0
1718317053.624453,0.0,21755.0
1718317053.8525083,0.0,21755.0
1718317054.0308619,1.0,21755.0
1718317054.2874231,0.0,21755.0
1718317054.4865124,32.0,21755.0
1718317054.6913633,100.0,21755.0
1718317054.9212406,97.0,21755.0
1718317055.114611,100.0,21755.0
1718317055.410257,100.0,21755.0
1718317055.9036283,0.0,21755.0
1718317056.3180282,0.0,21755.0
1718317056.75776,0.0,21755.0
1718317057.0111718,0.0,21755.0
1718317057.311415,1.0,21755.0
1718317057.7394195,0.0,21755.0
1718317058.0474827,0.0,21755.0
1718317058.259189,0.0,21755.0
1718317058.5181296,1.0,21755.0
1718317058.7822185,0.0,21755.0
1718317059.010883,0.0,21755.0
1718317059.2988372,0.0,21755.0
1718317059.6434844,0.0,21755.0
1718317059.8755023,0.0,21755.0
1718317060.087561,0.0,21755.0
1718317060.314391,0.0,21755.0
1718317060.5390732,0.0,21755.0
1718317060.8474627,64.0,21755.0
1718317061.1462927,100.0,21755.0
1718317061.341585,87.0,21755.0
1718317061.5274665,100.0,21755.0
1718317061.798793,100.0,21755.0
1718317062.127559,67.0,21755.0
1718317062.5016625,1.0,21755.0
1718317062.8555584,0.0,21755.0
1718317063.0795074,0.0,21755.0
1718317063.4509337,0.0,21755.0
1718317063.753581,1.0,21755.0
1718317064.2139328,0.0,21755.0
1718317064.5515,0.0,21755.0
1718317064.823286,0.0,21755.0
1718317064.9933424,1.0,21755.0
1718317065.2035198,0.0,21755.0
1718317065.4013622,0.0,21755.0
1718317065.6115136,95.0,21755.0
1718317065.8194656,96.0,21755.0
1718317066.0400598,100.0,21755.0
1718317066.2475576,100.0,21755.0
1718317066.6314867,100.0,21755.0
1718317066.9594696,1.0,21755.0
1718317067.411484,0.0,21755.0
1718317067.7572367,0.0,21755.0
1718317068.0109727,1.0,21755.0
1718317068.3136084,0.0,21755.0
1718317068.6755028,0.0,21755.0
1718317068.95146,0.0,21755.0
1718317069.2595015,0.0,21755.0
1718317069.5114703,0.0,21755.0
1718317069.827512,0.0,21755.0
1718317070.1716287,1.0,21755.0
1718317070.4969969,0.0,21755.0
1718317070.693481,0.0,21755.0
1718317070.910691,0.0,21755.0
1718317071.0940528,0.0,21755.0
1718317071.2995205,1.0,21755.0
1718317071.5024734,36.0,21755.0
1718317071.7134838,100.0,21755.0
1718317072.0074565,100.0,21755.0
1718317072.2492206,100.0,21755.0
1718317072.4515355,100.0,21755.0
1718317072.8033695,94.0,21755.0
1718317073.0616755,0.0,21755.0
1718317073.4008145,1.0,21755.0
1718317073.6947544,0.0,21755.0
1718317073.9520016,0.0,21755.0
1718317074.208881,0.0,21755.0
1718317074.5515876,0.0,21755.0
1718317074.987641,0.0,21755.0
1718317075.461793,0.0,21755.0
1718317075.7395117,1.0,21755.0
1718317075.919508,0.0,21755.0
1718317076.1352108,0.0,21755.0
1718317076.3215928,9.0,21755.0
1718317076.5131245,100.0,21755.0
1718317076.739467,99.0,21755.0
1718317076.975492,100.0,21755.0
1718317077.2067206,100.0,21755.0
1718317077.5595267,100.0,21755.0
1718317077.927486,0.0,21755.0
1718317078.2795308,0.0,21755.0
1718317078.6676452,0.0,21755.0
1718317078.9028487,1.0,21755.0
1718317079.16898,0.0,21755.0
1718317079.5315502,0.0,21755.0
1718317079.8821602,1.0,21755.0
1718317080.195615,0.0,21755.0
1718317080.4235048,0.0,21755.0
1718317080.727502,0.0,21755.0
1718317081.0390475,1.0,21755.0
1718317081.3914828,0.0,21755.0
1718317081.6469772,0.0,21755.0
1718317081.8844147,0.0,21755.0
1718317082.0835059,1.0,21755.0
1718317082.315517,0.0,21755.0
1718317082.6013238,0.0,21755.0
1718317082.8874748,87.0,21755.0
1718317083.0925841,97.0,21755.0
1718317083.2714155,100.0,21755.0
1718317083.5262873,100.0,21755.0
1718317083.772924,100.0,21755.0
1718317084.0554488,100.0,21755.0
1718317084.3484638,0.0,21755.0
1718317084.7475986,0.0,21755.0
1718317084.9777846,0.0,21755.0
1718317085.2422283,1.0,21755.0
1718317085.5568104,0.0,21755.0
1718317086.0594943,0.0,21755.0
1718317086.3117666,1.0,21755.0
1718317086.5925982,0.0,21755.0
1718317086.7746768,0.0,21755.0
1718317086.9955156,0.0,21755.0
1718317087.1815603,2.0,21755.0
1718317087.3859055,99.0,21755.0
1718317087.6048148,94.0,21755.0
1718317087.8117979,100.0,21755.0
1718317088.0274954,100.0,21755.0
1718317088.3995585,99.0,21755.0
1718317088.787492,0.0,21755.0
1718317089.2237036,0.0,21755.0
1718317089.587488,1.0,21755.0
1718317089.8075037,0.0,21755.0
1718317090.1700902,0.0,21755.0
1718317090.5074942,0.0,21755.0
1718317090.8003469,0.0,21755.0
1718317091.0247414,0.0,21755.0
1718317091.255217,0.0,21755.0
1718317091.5155003,0.0,21755.0
1718317091.7427158,0.0,21755.0
1718317092.0074878,0.0,21755.0
1718317092.3106177,0.0,21755.0
1718317092.5584092,0.0,21755.0
1718317092.8089135,1.0,21755.0
1718317093.0116477,0.0,21755.0
1718317093.226551,0.0,21755.0
1718317093.4955158,0.0,21755.0
1718317093.8244228,100.0,21755.0
1718317094.039044,100.0,21755.0
1718317094.2314267,100.0,21755.0
1718317094.5154722,100.0,21755.0
1718317094.9014497,100.0,21755.0
1718317095.1231594,95.0,21755.0
1718317095.4369035,0.0,21755.0
1718317095.740588,0.0,21755.0
1718317096.0634687,0.0,21755.0
1718317096.479537,0.0,21755.0
1718317096.8026588,0.0,21755.0
1718317097.183488,0.0,21755.0
1718317097.5235903,0.0,21755.0
1718317097.7111692,0.0,21755.0
1718317097.9197419,0.0,21755.0
1718317098.113905,1.0,21755.0
1718317098.2793088,85.0,21755.0
1718317098.4990075,87.0,21755.0
1718317098.6754963,100.0,21755.0
1718317098.8859944,100.0,21755.0
1718317099.1875463,100.0,21755.0
1718317099.5596113,0.0,21755.0
1718317100.087499,1.0,21755.0
1718317100.503589,0.0,21755.0
1718317100.7714639,0.0,21755.0
1718317101.1422405,1.0,21755.0
1718317101.4413815,0.0,21755.0
1718317101.727086,0.0,21755.0
1718317101.9194977,0.0,21755.0
1718317102.1459913,0.0,21755.0
1718317102.396462,0.0,21755.0
1718317102.6628594,0.0,21755.0
1718317102.9275062,0.0,21755.0
1718317103.2875006,0.0,21755.0
1718317103.5161746,1.0,21755.0
1718317103.7184453,0.0,21755.0
1718317103.8954718,0.0,21755.0
1718317104.1194823,0.0,21755.0
1718317104.3253167,48.0,21755.0
1718317104.5700285,37.0,21755.0
1718317104.8938675,100.0,21755.0
1718317105.0689166,100.0,21755.0
1718317105.2635207,100.0,21755.0
1718317105.61234,100.0,21755.0
1718317105.8821862,35.0,21755.0
1718317106.2134078,0.0,21755.0
1718317106.5457797,0.0,21755.0
1718317106.8235154,0.0,21755.0
1718317107.1634705,0.0,21755.0
1718317107.5875397,1.0,21755.0
1718317108.0074592,0.0,21755.0
1718317108.2955823,0.0,21755.0
1718317108.5162318,0.0,21755.0
1718317108.739479,1.0,21755.0
1718317108.9234219,0.0,21755.0
1718317109.1231866,2.0,21755.0
1718317109.295645,94.0,21755.0
1718317109.4914627,99.0,21755.0
1718317109.7046435,100.0,21755.0
1718317109.8985949,100.0,21755.0
1718317110.1914766,100.0,21755.0
1718317110.485012,25.0,21755.0
1718317110.8974028,0.0,21755.0
1718317111.3019917,0.0,21755.0
1718317111.5765982,0.0,21755.0
1718317111.8395362,0.0,21755.0
1718317112.1083844,0.0,21755.0
1718317112.4858649,0.0,21755.0
1718317112.7777183,0.0,21755.0
1718317113.0744777,1.0,21755.0
1718317113.3221488,0.0,21755.0
1718317113.6195045,0.0,21755.0
1718317113.996096,1.0,21755.0
1718317114.2675774,0.0,21755.0
1718317114.4955473,0.0,21755.0
1718317114.6828456,0.0,21755.0
1718317114.8914828,0.0,21755.0
1718317115.0954752,0.0,21755.0
1718317115.3874896,93.0,21755.0
1718317115.6835153,98.0,21755.0
1718317115.8779166,100.0,21755.0
1718317116.0314054,100.0,21755.0
1718317116.3605297,100.0,21755.0
1718317116.64202,50.0,21755.0
1718317116.8661704,0.0,21755.0
1718317117.1619585,1.0,21755.0
1718317117.4643493,0.0,21755.0
1718317117.7115736,0.0,21755.0
1718317118.0207927,0.0,21755.0
1718317118.4155152,0.0,21755.0
1718317118.8955257,0.0,21755.0
1718317119.1726794,0.0,21755.0
1718317119.439632,0.0,21755.0
1718317119.6314776,0.0,21755.0
1718317119.843429,0.0,21755.0
1718317120.0096152,0.0,21755.0
1718317120.1875544,57.0,21755.0
1718317120.4194338,100.0,21755.0
1718317120.6275163,100.0,21755.0
1718317120.9755833,100.0,21755.0
1718317121.3794794,62.0,21755.0
1718317121.7649925,0.0,21755.0
1718317122.1748261,0.0,21755.0
1718317122.5016823,0.0,21755.0
1718317122.6914988,1.0,21755.0
1718317122.928442,0.0,21755.0
1718317123.227751,0.0,21755.0
1718317123.4487278,0.0,21755.0
1718317123.7474585,1.0,21755.0
1718317124.0140264,0.0,21755.0
1718317124.1952405,0.0,21755.0
1718317124.515587,0.0,21755.0
1718317124.7949371,0.0,21755.0
1718317125.134924,0.0,21755.0
1718317125.398514,0.0,21755.0
1718317125.6209352,0.0,21755.0
1718317125.794659,0.0,21755.0
1718317126.0227349,1.0,21755.0
1718317126.2114856,0.0,21755.0
1718317126.5035238,80.0,21755.0
1718317126.773118,98.0,21755.0
1718317126.9495935,100.0,21755.0
1718317127.1419985,100.0,21755.0
1718317127.3674786,100.0,21755.0
1718317127.7354968,39.0,21755.0
1718317128.0555825,0.0,21755.0
1718317128.329736,0.0,21755.0
1718317128.5795271,0.0,21755.0
1718317128.906103,1.0,21755.0
1718317129.2925704,0.0,21755.0
1718317129.6619632,0.0,21755.0
1718317130.087508,0.0,21755.0
1718317130.4274855,0.0,21755.0
1718317130.68721,0.0,21755.0
1718317130.8687165,0.0,21755.0
1718317131.0370505,0.0,21755.0
1718317131.2060595,2.0,21755.0
1718317131.3845134,99.0,21755.0
1718317131.5755286,97.0,21755.0
1718317131.7955086,100.0,21755.0
1718317132.0452569,100.0,21755.0
1718317132.4489427,100.0,21755.0
1718317132.7551327,0.0,21755.0
1718317133.1248472,0.0,21755.0
1718317133.4514477,0.0,21755.0
1718317133.738758,0.0,21755.0
1718317133.9884946,0.0,21755.0
1718317134.3514903,0.0,21755.0
1718317134.5774944,1.0,21755.0
1718317134.8210037,0.0,21755.0
1718317135.0621238,0.0,21755.0
1718317135.326758,1.0,21755.0
1718317135.6945167,0.0,21755.0
1718317136.0476356,0.0,21755.0
1718317136.280443,0.0,21755.0
1718317136.4808114,0.0,21755.0
1718317136.7069275,0.0,21755.0
1718317136.939629,0.0,21755.0
1718317137.1914372,47.0,21755.0
1718317137.4189744,93.0,21755.0
1718317137.6569889,100.0,21755.0
1718317138.0396829,100.0,21755.0
1718317138.4474785,76.0,21755.0
1718317138.7875352,0.0,21755.0
1718317139.1355345,0.0,21755.0
1718317139.4514902,0.0,21755.0
1718317139.791515,0.0,21755.0
1718317140.1915743,0.0,21755.0
1718317140.7235029,0.0,21755.0
1718317140.994597,1.0,21755.0
1718317141.219424,0.0,21755.0
1718317141.387503,0.0,21755.0
1718317141.5914862,0.0,21755.0
1718317141.7764301,0.0,21755.0
1718317141.9674845,24.0,21755.0
1718317142.1942348,100.0,21755.0
1718317142.390528,100.0,21755.0
1718317142.639548,100.0,21755.0
1718317142.9376116,99.0,21755.0
1718317143.4376152,0.0,21755.0
1718317143.8969223,0.0,21755.0
1718317144.226127,0.0,21755.0
1718317144.4227688,0.0,21755.0
1718317144.655499,0.0,21755.0
1718317144.9981804,0.0,21755.0
1718317145.2714999,0.0,21755.0
1718317145.5073633,0.0,21755.0
1718317145.7379122,0.0,21755.0
1718317145.9755206,0.0,21755.0
1718317146.2126331,1.0,21755.0
1718317146.5236452,0.0,21755.0
1718317146.8668015,0.0,21755.0
1718317147.1514726,0.0,21755.0
1718317147.376869,1.0,21755.0
1718317147.5796452,0.0,21755.0
1718317147.8034923,0.0,21755.0
1718317148.1043453,0.0,21755.0
1718317148.3814576,19.0,21755.0
1718317148.5700722,100.0,21755.0
1718317148.7514765,99.0,21755.0
1718317148.935464,100.0,21755.0
1718317149.1635141,100.0,21755.0
1718317149.5636377,100.0,21755.0
1718317149.8275256,5.0,21755.0
1718317150.1507053,0.0,21755.0
1718317150.41547,0.0,21755.0
1718317150.6795223,0.0,21755.0
1718317151.0715475,0.0,21755.0
1718317151.6068165,0.0,21755.0
1718317151.9521596,0.0,21755.0
1718317152.1963289,0.0,21755.0
1718317152.3713644,0.0,21755.0
1718317152.569712,0.0,21755.0
1718317152.753597,8.0,21755.0
1718317152.9443944,100.0,21755.0
1718317153.1701517,99.0,21755.0
1718317153.373472,100.0,21755.0
1718317153.5795102,100.0,21755.0
1718317153.9435103,100.0,21755.0
1718317154.3675268,0.0,21755.0
1718317154.744604,0.0,21755.0
1718317155.0955582,0.0,21755.0
1718317155.3485029,0.0,21755.0
1718317155.631895,1.0,21755.0
1718317156.075572,0.0,21755.0
1718317156.4167693,0.0,21755.0
1718317156.6289709,0.0,21755.0
1718317156.8555927,1.0,21755.0
1718317157.1379583,0.0,21755.0
1718317157.3836153,0.0,21755.0
1718317157.6106205,0.0,21755.0
1718317157.947502,0.0,21755.0
1718317158.186988,1.0,21755.0
1718317158.4194896,0.0,21755.0
1718317158.6167598,0.0,21755.0
1718317158.831522,0.0,21755.0
1718317159.099468,10.0,21755.0
1718317159.4176683,77.0,21755.0
1718317159.6073236,96.0,21755.0
1718317159.771421,100.0,21755.0
1718317159.997019,100.0,21755.0
1718317160.259491,100.0,21755.0
1718317160.4955168,35.0,21755.0
1718317160.8457103,0.0,21755.0
1718317161.2155426,1.0,21755.0
1718317161.4476027,0.0,21755.0
1718317161.7275002,0.0,21755.0
1718317162.1845546,1.0,21755.0
1718317162.531488,0.0,21755.0
1718317162.879626,0.0,21755.0
1718317163.1147594,0.0,21755.0
1718317163.2915173,0.0,21755.0
1718317163.4954593,0.0,21755.0
1718317163.6774194,0.0,21755.0
1718317163.8874965,98.0,21755.0
1718317164.1043973,95.0,21755.0
1718317164.30352,100.0,21755.0
1718317164.6595383,100.0,21755.0
1718317165.1395535,26.0,21755.0
1718317165.5794652,0.0,21755.0
1718317165.9722352,0.0,21755.0
1718317166.2475219,0.0,21755.0
1718317166.5715024,0.0,21755.0
1718317166.9339008,0.0,21755.0
1718317167.1982973,0.0,21755.0
1718317167.4868648,0.0,21755.0
1718317167.7272086,0.0,21755.0
1718317168.0176654,0.0,21755.0
1718317168.2708795,0.0,21755.0
1718317168.6104715,1.0,21755.0
1718317168.9514942,0.0,21755.0
1718317169.2154615,0.0,21755.0
1718317169.406806,0.0,21755.0
1718317169.6275723,0.0,21755.0
1718317169.822731,0.0,21755.0
1718317170.0716572,0.0,21755.0
1718317170.3585556,23.0,21755.0
1718317170.5474494,100.0,21755.0
1718317170.7114158,96.0,21755.0
1718317170.9555175,100.0,21755.0
1718317171.1794975,100.0,21755.0
1718317171.4805255,100.0,21755.0
1718317171.8074913,2.0,21755.0
1718317172.1595557,0.0,21755.0
1718317172.3835216,0.0,21755.0
1718317172.7275982,0.0,21755.0
1718317173.1435354,0.0,21755.0
1718317173.4275339,0.0,21755.0
1718317173.799571,0.0,21755.0
1718317174.071673,1.0,21755.0
1718317174.2515259,0.0,21755.0
1718317174.4634314,0.0,21755.0
1718317174.659913,27.0,21755.0
1718317174.8554626,100.0,21755.0
1718317175.0816536,98.0,21755.0
1718317175.271505,100.0,21755.0
1718317175.50096,100.0,21755.0
1718317175.855517,94.0,21755.0
1718317176.258017,0.0,21755.0
1718317176.7135882,0.0,21755.0
1718317177.087583,0.0,21755.0
1718317177.3394701,0.0,21755.0
1718317177.6460185,0.0,21755.0
1718317177.9994557,0.0,21755.0
1718317178.3195965,0.0,21755.0
1718317178.5754855,0.0,21755.0
1718317178.792673,0.0,21755.0
1718317179.0914826,0.0,21755.0
1718317179.3692896,1.0,21755.0
1718317179.6954865,0.0,21755.0
1718317179.9351647,0.0,21755.0
1718317180.1671991,0.0,21755.0
1718317180.342655,0.0,21755.0
1718317180.5595086,1.0,21755.0
1718317180.7642052,38.0,21755.0
1718317181.0353475,100.0,21755.0
1718317181.3114686,92.0,21755.0
1718317181.5133264,100.0,21755.0
1718317181.7075164,100.0,21755.0
1718317181.9954674,100.0,21755.0
1718317182.3126507,0.0,21755.0
1718317182.6890132,0.0,21755.0
1718317183.0114825,0.0,21755.0
1718317183.2237127,0.0,21755.0
1718317183.503513,0.0,21755.0
1718317183.8307357,0.0,21755.0
1718317184.303534,0.0,21755.0
1718317184.6747692,0.0,21755.0
1718317184.9578457,0.0,21755.0
1718317185.1465566,0.0,21755.0
1718317185.3586109,0.0,21755.0
1718317185.5474527,0.0,21755.0
1718317185.7394943,88.0,21755.0
1718317185.9691668,99.0,21755.0
1718317186.1795182,100.0,21755.0
1718317186.499521,100.0,21755.0
1718317186.735476,100.0,21755.0
1718317187.1074922,0.0,21755.0
1718317187.5309215,0.0,21755.0
1718317187.8595147,0.0,21755.0
1718317188.0951998,1.0,21755.0
1718317188.3835278,0.0,21755.0
1718317188.7472882,0.0,21755.0
1718317189.0173585,0.0,21755.0
1718317189.243026,0.0,21755.0
1718317189.454666,0.0,21755.0
1718317189.6795366,0.0,21755.0
1718317189.933491,0.0,21755.0
1718317190.1715126,0.0,21755.0
1718317190.4851341,0.0,21755.0
1718317190.801154,0.0,21755.0
1718317191.0343704,0.0,21755.0
1718317191.2834988,1.0,21755.0
1718317191.5023055,0.0,21755.0
1718317191.707577,0.0,21755.0
1718317191.9554992,0.0,21755.0
1718317192.2617142,70.0,21755.0
1718317192.4644394,100.0,21755.0
1718317192.6514964,97.0,21755.0
1718317192.8934543,100.0,21755.0
1718317193.220199,100.0,21755.0
1718317193.5310533,54.0,21755.0
1718317193.8726363,0.0,21755.0
1718317194.2154903,0.0,21755.0
1718317194.5395486,0.0,21755.0
1718317195.0362875,0.0,21755.0
1718317195.3963432,1.0,21755.0
1718317195.7716908,0.0,21755.0
1718317195.970485,0.0,21755.0
1718317196.1429856,0.0,21755.0
1718317196.3544202,0.0,21755.0
1718317196.5235724,1.0,21755.0
1718317196.725717,74.0,21755.0
1718317196.9561276,98.0,21755.0
1718317197.1506,100.0,21755.0
1718317197.3787792,100.0,21755.0
1718317197.751647,49.0,21755.0
1718317198.2515223,0.0,21755.0
1718317198.6590388,1.0,21755.0
1718317199.0194826,0.0,21755.0
1718317199.2434895,0.0,21755.0
1718317199.5715132,0.0,21755.0
1718317199.9954727,0.0,21755.0
1718317200.3101873,0.0,21755.0
1718317200.6316211,0.0,21755.0
1718317200.8755054,0.0,21755.0
1718317201.207583,0.0,21755.0
1718317201.5346017,0.0,21755.0
1718317201.7763927,0.0,21755.0
1718317201.9884388,0.0,21755.0
1718317202.2288253,0.0,21755.0
1718317202.4413767,0.0,21755.0
1718317202.671462,64.0,21755.0
1718317202.9111195,56.0,21755.0
1718317203.230721,100.0,21755.0
1718317203.4276528,100.0,21755.0
1718317203.6270096,100.0,21755.0
1718317203.8875396,100.0,21755.0
1718317204.197366,1.0,21755.0
1718317204.4834428,0.0,21755.0
1718317204.7594242,0.0,21755.0
1718317205.0076656,0.0,21755.0
1718317205.319493,0.0,21755.0
1718317205.6874917,0.0,21755.0
1718317205.9808657,1.0,21755.0
1718317206.3071203,0.0,21755.0
1718317206.69968,0.0,21755.0
1718317206.9048135,0.0,21755.0
1718317207.1323204,0.0,21755.0
1718317207.3196504,0.0,21755.0
1718317207.511509,0.0,21755.0
1718317207.70125,56.0,21755.0
1718317207.9195807,100.0,21755.0
1718317208.1296756,82.0,21755.0
1718317208.327529,100.0,21755.0
1718317208.7115438,100.0,21755.0
1718317209.1122959,0.0,21755.0
1718317209.5663717,0.0,21755.0
1718317209.9174626,0.0,21755.0
1718317210.1215703,0.0,21755.0
1718317210.3690023,1.0,21755.0
1718317210.6834793,0.0,21755.0
1718317210.9924817,0.0,21755.0
1718317211.2515426,0.0,21755.0
1718317211.4635217,1.0,21755.0
1718317211.7027338,0.0,21755.0
1718317211.9634783,0.0,21755.0
1718317212.2674901,0.0,21755.0
1718317212.5954428,1.0,21755.0
1718317212.8554778,0.0,21755.0
1718317213.067949,0.0,21755.0
1718317213.2474394,0.0,21755.0
1718317213.4634926,0.0,21755.0
1718317213.6874878,89.0,21755.0
1718317214.0114977,100.0,21755.0
1718317214.2547126,100.0,21755.0
1718317214.4314926,100.0,21755.0
1718317214.7129328,100.0,21755.0
1718317215.0474224,36.0,21755.0
1718317215.3629777,0.0,21755.0
1718317215.7234714,0.0,21755.0
1718317216.0075357,0.0,21755.0
1718317216.2715037,0.0,21755.0
1718317216.639511,0.0,21755.0
1718317217.0965445,0.0,21755.0
1718317217.572823,0.0,21755.0
1718317217.7955346,0.0,21755.0
1718317218.0594344,0.0,21755.0
1718317218.270547,0.0,21755.0
1718317218.4434516,64.0,21755.0
1718317218.6675253,100.0,21755.0
1718317218.8554418,98.0,21755.0
1718317219.0874805,100.0,21755.0
1718317219.319515,100.0,21755.0
1718317219.6796455,55.0,21755.0
1718317220.0755534,1.0,21755.0
1718317220.4073203,0.0,21755.0
1718317220.7410202,0.0,21755.0
1718317221.0276089,0.0,21755.0
1718317221.3834553,0.0,21755.0
1718317221.7274988,0.0,21755.0
1718317222.0275025,0.0,21755.0
1718317222.3446436,1.0,21755.0
1718317222.5995276,0.0,21755.0
1718317222.9595354,0.0,21755.0
1718317223.3620663,0.0,21755.0
1718317223.6075203,0.0,21755.0
1718317223.8156068,0.0,21755.0
1718317224.0059087,0.0,21755.0
1718317224.1996987,2.0,21735.0
1718317224.419479,96.0,21735.0
1718317224.7075226,100.0,21735.0
1718317225.014765,100.0,21735.0
1718317225.1994593,100.0,21735.0
1718317225.4795046,100.0,21735.0
1718317225.8897617,27.0,21735.0
1718317226.1314187,0.0,21735.0
1718317226.4634516,1.0,21735.0
1718317226.7234678,0.0,21735.0
1718317226.972545,0.0,21735.0
1718317227.3714895,0.0,21735.0
1718317227.651483,0.0,21735.0
1718317227.9427736,0.0,21735.0
1718317228.3315089,0.0,21735.0
1718317228.6168242,1.0,21735.0
1718317228.8218431,0.0,21735.0
1718317229.0435045,0.0,21735.0
1718317229.2322521,7.0,21735.0
1718317229.4274843,100.0,21735.0
1718317229.6549027,99.0,21735.0
1718317229.8555002,100.0,21735.0
1718317230.083568,100.0,21735.0
1718317230.507244,100.0,21735.0
1718317230.9395406,0.0,21735.0
1718317231.3572392,0.0,21735.0
1718317231.6795418,0.0,21735.0
1718317231.9029443,0.0,21735.0
1718317232.2514455,0.0,21735.0
1718317232.57952,0.0,21735.0
1718317232.903503,0.0,21735.0
1718317233.1861794,0.0,21735.0
1718317233.4052508,0.0,21735.0
1718317233.6874819,0.0,21735.0
1718317233.9977033,0.0,21735.0
1718317234.3435085,0.0,21735.0
1718317234.6114662,0.0,21735.0
1718317234.8484266,0.0,21735.0
1718317235.0560648,1.0,21735.0
1718317235.287516,0.0,21735.0
1718317235.5834818,100.0,21735.0
1718317235.9289267,93.0,21735.0
1718317236.1068382,100.0,21735.0
1718317236.3034837,100.0,21735.0
1718317236.580301,100.0,21735.0
1718317236.9193654,0.0,21735.0
1718317237.2107882,0.0,21735.0
1718317237.5486667,0.0,21735.0
1718317237.811507,0.0,21735.0
1718317238.175495,0.0,21735.0
1718317238.6270423,0.0,21735.0
1718317239.0475087,0.0,21735.0
1718317239.3595486,1.0,21735.0
1718317239.5530753,0.0,21735.0
1718317239.7715106,0.0,21735.0
1718317239.9664457,0.0,21735.0
1718317240.1510925,0.0,21735.0
1718317240.3315148,89.0,21735.0
1718317240.5313623,97.0,21735.0
1718317240.7663376,100.0,21735.0
1718317240.978102,100.0,21735.0
1718317241.3865714,37.0,21735.0
1718317241.9354808,0.0,21735.0
1718317242.3550096,0.0,21735.0
1718317242.6195722,0.0,21735.0
1718317242.836954,0.0,21735.0
1718317243.063526,0.0,21735.0
1718317243.4394903,0.0,21735.0
1718317243.6792498,1.0,21735.0
1718317243.883643,0.0,21735.0
1718317244.0875945,0.0,21735.0
1718317244.2954676,0.0,21735.0
1718317244.5787168,1.0,21735.0
1718317244.8764617,0.0,21735.0
1718317245.2068315,0.0,21735.0
1718317245.4095757,0.0,21735.0
1718317245.623635,0.0,21735.0
1718317245.8064775,0.0,21735.0
1718317246.0195026,0.0,21735.0
1718317246.2206008,75.0,21735.0
1718317246.4914927,100.0,21735.0
1718317246.8102207,100.0,21735.0
1718317247.009823,100.0,21735.0
1718317247.1943014,100.0,21735.0
1718317247.4259217,100.0,21735.0
1718317247.7545176,1.0,21735.0
1718317248.0994248,0.0,21735.0
1718317248.3075206,0.0,21735.0
1718317248.5275545,0.0,21735.0
1718317248.7635558,0.0,21735.0
1718317249.0915306,0.0,21735.0
1718317249.5275085,0.0,21735.0
1718317249.9795372,1.0,21735.0
1718317250.3436825,0.0,21735.0
1718317250.5570657,0.0,21735.0
1718317250.783499,0.0,21735.0
1718317250.9750888,0.0,21735.0
1718317251.1571708,33.0,21735.0
1718317251.3887627,100.0,21735.0
1718317251.5818777,100.0,21735.0
1718317251.8514676,100.0,21735.0
1718317252.136455,100.0,21735.0
1718317252.5585773,0.0,21735.0
1718317253.016001,1.0,21735.0
1718317253.3989305,0.0,21735.0
1718317253.6275113,0.0,21735.0
1718317253.8526714,0.0,21735.0
1718317254.2194922,1.0,21735.0
1718317254.4754665,0.0,21735.0
1718317254.7372172,0.0,21735.0
1718317254.9795027,0.0,21735.0
1718317255.1994853,0.0,21735.0
1718317255.4795086,1.0,21735.0
1718317255.7362814,0.0,21735.0
1718317256.0714698,0.0,21735.0
1718317256.3426619,1.0,21735.0
1718317256.599424,1.0,21735.0
1718317256.774791,0.0,21735.0
1718317257.0194635,0.0,21735.0
1718317257.247324,31.0,21735.0
1718317257.5639083,67.0,21735.0
1718317257.8022082,100.0,21735.0
1718317257.9874117,100.0,21735.0
1718317258.2996597,100.0,21735.0
1718317258.6211736,100.0,21735.0
1718317258.9647455,0.0,21735.0
1718317259.2691371,0.0,21735.0
1718317259.5515156,1.0,21735.0
1718317259.8555894,0.0,21735.0
1718317260.183498,0.0,21735.0
1718317260.5395184,1.0,21735.0
1718317261.0114698,0.0,21735.0
1718317261.287524,0.0,21735.0
1718317261.4698436,0.0,21735.0
1718317261.6834886,0.0,21735.0
1718317261.8754082,1.0,21735.0
1718317262.0715005,53.0,21735.0
1718317262.2774794,100.0,21735.0
1718317262.4675097,96.0,21735.0
1718317262.6932423,100.0,21735.0
1718317262.9886296,100.0,21735.0
1718317263.3402789,71.0,21735.0
1718317263.7581615,1.0,21735.0
1718317264.1656702,0.0,21735.0
1718317264.4794514,0.0,21735.0
1718317264.7507215,0.0,21735.0
1718317265.0007179,1.0,21735.0
1718317265.366561,0.0,21735.0
1718317265.603514,0.0,21735.0
1718317265.8879356,0.0,21735.0
1718317266.1195848,0.0,21735.0
1718317266.4756927,0.0,21735.0
1718317266.7995129,0.0,21735.0
1718317267.0672748,0.0,21735.0
1718317267.286677,0.0,21735.0
1718317267.519376,0.0,21735.0
1718317267.7136045,0.0,21735.0
1718317267.955489,100.0,21735.0
1718317268.239657,98.0,21735.0
1718317268.5315142,100.0,21735.0
1718317268.7434304,100.0,21735.0
1718317268.9942315,100.0,21735.0
1718317269.272269,16.0,21735.0
1718317269.6370373,0.0,21735.0
1718317270.0115464,0.0,21735.0
1718317270.311479,0.0,21735.0
1718317270.6507573,0.0,21735.0
1718317271.1155398,0.0,21735.0
1718317271.4910219,0.0,21735.0
1718317271.8512099,0.0,21735.0
1718317272.1579108,0.0,21735.0
1718317272.359509,0.0,21735.0
1718317272.5684354,1.0,21735.0
1718317272.7561684,0.0,21735.0
1718317272.9554703,0.0,21735.0
1718317273.1815917,94.0,21735.0
1718317273.380175,100.0,21735.0
1718317273.6195123,100.0,21735.0
1718317273.9627888,100.0,21735.0
1718317274.431486,1.0,21735.0
1718317274.8788297,0.0,21735.0
1718317275.2283776,0.0,21735.0
1718317275.452926,1.0,21735.0
1718317275.8035486,0.0,21735.0
1718317276.1656613,0.0,21735.0
1718317276.4059122,0.0,21735.0
1718317276.6448646,0.0,21735.0
1718317276.837335,0.0,21735.0
1718317277.1046154,0.0,21735.0
1718317277.4413893,0.0,21735.0
1718317277.723478,1.0,21735.0
1718317278.0170631,0.0,21735.0
1718317278.2354586,0.0,21735.0
1718317278.439458,0.0,21735.0
1718317278.6514308,0.0,21735.0
1718317278.8524132,69.0,21735.0
1718317279.1561744,96.0,21735.0
1718317279.459533,100.0,21735.0
1718317279.6553192,100.0,21735.0
1718317279.9074647,100.0,21735.0
1718317280.2407978,57.0,21735.0
1718317280.5525515,0.0,21735.0
1718317280.8795393,0.0,21735.0
1718317281.137622,0.0,21735.0
1718317281.5013132,0.0,21735.0
1718317281.8315217,1.0,21735.0
1718317282.319538,0.0,21735.0
1718317282.7373312,0.0,21735.0
1718317283.0029483,0.0,21735.0
1718317283.201357,0.0,21735.0
1718317283.4030185,0.0,21735.0
1718317283.593072,20.0,21735.0
1718317283.7954948,100.0,21735.0
1718317284.014916,99.0,21735.0
1718317284.231562,100.0,21735.0
1718317284.459547,100.0,21735.0
1718317284.7755158,100.0,21735.0
1718317285.2123706,3.0,21735.0
1718317285.587495,0.0,21735.0
1718317285.9424703,0.0,21735.0
1718317286.1889412,0.0,21735.0
1718317286.4314342,1.0,21735.0
1718317286.7594903,0.0,21735.0
1718317287.0910265,0.0,21735.0
1718317287.3417873,1.0,21735.0
1718317287.609034,0.0,21735.0
1718317287.8356173,0.0,21735.0
1718317288.135477,0.0,21735.0
1718317288.4675102,1.0,21735.0
1718317288.7915564,0.0,21735.0
1718317289.05156,0.0,21735.0
1718317289.3012247,0.0,21735.0
1718317289.4985032,0.0,21735.0
1718317289.7555358,0.0,21735.0
1718317290.010681,85.0,21735.0
1718317290.3514674,92.0,21735.0
1718317290.550216,100.0,21735.0
1718317290.735459,100.0,21735.0
1718317291.0636241,100.0,21735.0
1718317291.3979354,44.0,21735.0
1718317291.7703695,1.0,21735.0
1718317292.105266,0.0,21735.0
1718317292.3395061,0.0,21735.0
1718317292.6076353,0.0,21735.0
1718317292.903171,0.0,21735.0
1718317293.397651,0.0,21735.0
1718317293.7954998,1.0,21735.0
1718317294.074143,0.0,21735.0
1718317294.310658,0.0,21735.0
1718317294.5290475,0.0,21735.0
1718317294.6865838,0.0,21735.0
1718317294.887497,66.0,21735.0
1718317295.067488,100.0,21735.0
1718317295.2777348,84.0,21735.0
1718317295.4875147,100.0,21735.0
1718317295.883994,100.0,21735.0
1718317296.3796139,0.0,21735.0
1718317296.7869673,0.0,21735.0
1718317297.0954208,0.0,21735.0
1718317297.3080294,0.0,21735.0
1718317297.6756084,0.0,21735.0
1718317297.9971907,0.0,21735.0
1718317298.284566,1.0,21735.0
1718317298.578135,0.0,21735.0
1718317298.79528,0.0,21735.0
1718317299.0989473,1.0,21735.0
1718317299.4515584,0.0,21735.0
1718317299.7795472,0.0,21735.0
1718317300.0283642,0.0,21735.0
1718317300.259931,0.0,21735.0
1718317300.451516,0.0,21735.0
1718317300.6674478,0.0,21735.0
1718317300.8915043,90.0,21735.0
1718317301.223486,98.0,21735.0
1718317301.4636004,100.0,21735.0
1718317301.6314983,100.0,21735.0
1718317301.8755608,100.0,21735.0
1718317302.2220826,1.0,21735.0
1718317302.6075957,0.0,21735.0
1718317302.8810825,0.0,21735.0
1718317303.1181824,0.0,21735.0
1718317303.4494407,0.0,21735.0
1718317303.8515062,0.0,21735.0
1718317304.2195318,0.0,21735.0
1718317304.615512,1.0,21735.0
1718317304.914752,0.0,21735.0
1718317305.1265242,0.0,21735.0
1718317305.3474903,0.0,21735.0
1718317305.5331323,0.0,21735.0
1718317305.7274714,11.0,21735.0
1718317305.955516,100.0,21735.0
1718317306.1554844,100.0,21735.0
1718317306.395501,100.0,21735.0
1718317306.6771915,100.0,21735.0
1718317307.0643222,14.0,21735.0
1718317307.430735,0.0,21735.0
1718317307.863698,1.0,21735.0
1718317308.142929,0.0,21735.0
1718317308.3714824,0.0,21735.0
1718317308.6556644,0.0,21735.0
1718317309.0194457,0.0,21735.0
1718317309.35147,0.0,21735.0
1718317309.671508,0.0,21735.0
1718317309.91471,1.0,21735.0
1718317310.2835045,0.0,21735.0
1718317310.6194918,0.0,21735.0
1718317310.8714883,0.0,21735.0
1718317311.0875103,1.0,21735.0
1718317311.2870817,0.0,21735.0
1718317311.4915717,0.0,21735.0
1718317311.7030535,54.0,21735.0
1718317311.975267,93.0,21735.0
1718317312.2424438,100.0,21735.0
1718317312.4595916,100.0,21735.0
1718317312.6648073,100.0,21735.0
1718317312.851443,100.0,21735.0
1718317313.1262705,1.0,21735.0
1718317313.4541836,0.0,21735.0
1718317313.755087,0.0,21735.0
1718317314.021277,0.0,21735.0
1718317314.3478572,0.0,21735.0
1718317314.699497,0.0,21735.0
1718317315.089129,0.0,21735.0
1718317315.5076258,0.0,21735.0
1718317315.8674812,0.0,21735.0
1718317316.0938587,0.0,21735.0
1718317316.2985501,0.0,21735.0
1718317316.4875093,1.0,21735.0
1718317316.67749,0.0,21735.0
1718317316.8653839,67.0,21735.0
1718317317.0795128,100.0,21735.0
1718317317.2794857,98.0,21735.0
1718317317.5714927,100.0,21735.0
1718317317.8520117,100.0,21735.0
1718317318.039416,100.0,21735.0
1718317318.2712905,54.0,21735.0
1718317318.4834094,0.0,21735.0
1718317318.7070613,1.0,21735.0
1718317318.915521,0.0,21735.0
1718317319.1134498,0.0,21735.0
1718317319.4275079,0.0,21735.0
1718317319.7085185,1.0,21735.0
1718317319.899413,0.0,21735.0
1718317320.0496404,0.0,21735.0
1718317320.1952834,0.0,21735.0
1718317320.3425524,80.0,21735.0
1718317320.4889138,99.0,21735.0
1718317320.6378872,100.0,21735.0
1718317320.7916946,100.0,21735.0
1718317321.6374278,43.0,21735.0
