timestamp,gpu_util,gpu_mem
1719241900.3694925,0.0,4.0
1719241900.5067258,0.0,4.0
1719241900.6450365,0.0,4.0
1719241900.7883935,0.0,21.0
1719241900.947395,0.0,629.0
1719241901.091104,7.0,633.0
1719241901.230134,0.0,633.0
1719241901.4442565,0.0,633.0
1719241901.583744,0.0,633.0
1719241901.7230868,0.0,633.0
1719241901.8624966,0.0,633.0
1719241902.0028152,0.0,633.0
1719241902.1422677,0.0,633.0
1719241902.281874,0.0,633.0
1719241902.4206314,0.0,633.0
1719241902.569916,0.0,633.0
1719241902.7108812,0.0,633.0
1719241902.8500278,0.0,633.0
1719241902.9906778,0.0,633.0
1719241903.1317265,0.0,633.0
1719241903.2737033,0.0,633.0
1719241903.4145205,0.0,633.0
1719241903.5533206,0.0,633.0
1719241903.6931748,0.0,633.0
1719241903.8332922,0.0,633.0
1719241903.9744883,0.0,633.0
1719241904.1174061,0.0,633.0
1719241904.259315,0.0,633.0
1719241904.3992188,0.0,633.0
1719241904.5391834,0.0,633.0
1719241904.6797795,0.0,633.0
1719241904.8206992,0.0,633.0
1719241904.9639752,0.0,633.0
1719241905.1046097,0.0,633.0
1719241905.2447429,0.0,633.0
1719241905.3853147,0.0,633.0
1719241905.526702,0.0,633.0
1719241905.6728673,0.0,633.0
1719241905.813227,0.0,633.0
1719241905.9541779,0.0,633.0
1719241906.0932379,0.0,633.0
1719241906.2336466,0.0,633.0
1719241906.374211,0.0,633.0
1719241906.5138574,0.0,633.0
1719241906.6541245,0.0,633.0
1719241906.7958221,0.0,633.0
1719241906.9392748,0.0,633.0
1719241907.0800645,0.0,633.0
1719241907.2194335,0.0,633.0
1719241907.359828,0.0,633.0
1719241907.5005891,0.0,633.0
1719241907.6402903,0.0,633.0
1719241907.78147,0.0,633.0
1719241907.926017,0.0,633.0
1719241908.0673664,0.0,633.0
1719241908.2100282,0.0,633.0
1719241908.3511806,0.0,633.0
1719241908.491055,0.0,633.0
1719241908.6331754,0.0,633.0
1719241908.774976,0.0,633.0
1719241908.9153879,0.0,633.0
1719241909.0551488,0.0,633.0
1719241909.1958342,0.0,633.0
1719241909.3363192,0.0,633.0
1719241909.4768615,0.0,633.0
1719241909.616725,0.0,633.0
1719241909.758993,0.0,633.0
1719241909.8997478,0.0,633.0
1719241910.0404842,0.0,633.0
1719241910.1814368,0.0,633.0
1719241910.3206751,0.0,633.0
1719241910.4605484,0.0,633.0
1719241910.5989041,0.0,633.0
1719241910.7384405,0.0,633.0
1719241910.8789444,0.0,633.0
1719241911.0213175,0.0,633.0
1719241911.161517,0.0,633.0
1719241911.3020952,0.0,633.0
1719241911.4432642,0.0,633.0
1719241911.582081,0.0,633.0
1719241911.7223482,0.0,633.0
1719241911.8623073,0.0,633.0
1719241912.0038311,0.0,633.0
1719241912.1441505,0.0,633.0
1719241912.2850516,0.0,633.0
1719241912.4276404,0.0,633.0
1719241912.568535,0.0,633.0
1719241912.7068443,0.0,633.0
1719241912.8472052,0.0,633.0
1719241912.9864526,0.0,633.0
1719241913.1271136,0.0,633.0
1719241913.2673457,0.0,633.0
1719241913.407829,0.0,633.0
1719241913.5463324,0.0,633.0
1719241913.6864867,0.0,633.0
1719241913.8258526,0.0,633.0
1719241913.9682436,0.0,633.0
1719241914.1084783,0.0,633.0
1719241914.249108,0.0,633.0
1719241914.3888853,0.0,633.0
1719241914.5283582,0.0,633.0
1719241914.6694293,0.0,633.0
1719241914.8111324,0.0,633.0
1719241914.9516444,0.0,633.0
1719241915.0919418,0.0,633.0
1719241915.2319782,0.0,633.0
1719241915.372968,0.0,633.0
1719241915.5128484,0.0,633.0
1719241915.6538007,0.0,633.0
1719241915.7953103,0.0,633.0
1719241915.9361677,0.0,633.0
1719241916.0767727,0.0,633.0
1719241916.2176733,0.0,633.0
1719241916.358147,0.0,633.0
1719241916.50019,0.0,633.0
1719241916.6395726,0.0,633.0
1719241916.780087,0.0,633.0
1719241916.9216115,0.0,633.0
1719241917.0620239,0.0,633.0
1719241917.2031586,0.0,633.0
1719241917.3440187,0.0,633.0
1719241917.4834936,0.0,633.0
1719241917.6222658,0.0,633.0
1719241917.763766,0.0,633.0
1719241917.9036002,0.0,633.0
1719241918.0443118,0.0,633.0
1719241918.1850414,0.0,633.0
1719241918.326061,0.0,633.0
1719241918.469059,0.0,633.0
1719241918.6092525,0.0,633.0
1719241918.7486546,0.0,633.0
1719241918.8900802,0.0,633.0
1719241919.0291424,0.0,633.0
1719241919.1692202,0.0,633.0
1719241919.3113177,0.0,633.0
1719241919.451653,0.0,633.0
1719241919.5927546,0.0,633.0
1719241919.7335925,0.0,633.0
1719241919.8728597,0.0,633.0
1719241920.011978,0.0,633.0
1719241920.1534135,0.0,633.0
1719241920.2940981,0.0,633.0
1719241920.433918,0.0,633.0
1719241920.574557,0.0,633.0
1719241920.7146113,0.0,633.0
1719241920.854848,0.0,633.0
1719241920.9940112,0.0,633.0
1719241921.1352556,0.0,633.0
1719241921.2755241,0.0,633.0
1719241921.416544,0.0,633.0
1719241921.5554883,0.0,633.0
1719241921.6950538,0.0,633.0
1719241921.8348238,0.0,633.0
1719241921.9766061,0.0,633.0
1719241922.118956,0.0,633.0
1719241922.2609577,0.0,633.0
1719241922.4019508,0.0,633.0
1719241922.5430765,0.0,633.0
1719241922.684768,0.0,633.0
1719241922.8241384,0.0,633.0
1719241922.9636123,0.0,633.0
1719241923.1037257,0.0,633.0
1719241923.2459693,0.0,633.0
1719241923.388431,0.0,633.0
1719241923.5312183,0.0,633.0
1719241923.6749823,0.0,633.0
1719241923.8178446,0.0,633.0
1719241923.9602778,0.0,633.0
1719241924.1033413,0.0,633.0
1719241924.2454472,0.0,633.0
1719241924.3901694,0.0,633.0
1719241924.5316722,0.0,633.0
1719241924.6746247,0.0,633.0
1719241924.818706,0.0,633.0
1719241924.9615798,0.0,633.0
1719241925.1042075,0.0,633.0
1719241925.2467237,0.0,633.0
1719241925.3886092,0.0,633.0
1719241925.5308287,0.0,633.0
1719241925.6751165,0.0,633.0
1719241925.8164544,0.0,633.0
1719241925.959732,0.0,633.0
1719241926.0997193,0.0,633.0
1719241926.2396474,0.0,633.0
1719241926.3805108,0.0,633.0
1719241926.5219865,0.0,633.0
1719241926.663528,0.0,633.0
1719241926.8040102,0.0,633.0
1719241926.9462552,0.0,633.0
1719241927.0862157,0.0,633.0
1719241927.226146,0.0,633.0
1719241927.364716,0.0,633.0
1719241927.5041873,0.0,633.0
1719241927.6448097,0.0,633.0
1719241927.7868638,0.0,633.0
1719241927.9271674,0.0,633.0
1719241928.0681984,0.0,633.0
1719241928.2083163,0.0,633.0
1719241928.347568,0.0,633.0
1719241928.4873679,0.0,633.0
1719241928.6271846,0.0,633.0
1719241928.7666159,0.0,633.0
1719241928.906817,0.0,633.0
1719241929.0472808,0.0,633.0
1719241929.1871755,0.0,633.0
1719241929.3255992,0.0,633.0
1719241929.4649863,0.0,633.0
1719241929.604501,0.0,633.0
1719241929.7447174,0.0,633.0
1719241929.8841176,0.0,633.0
1719241930.0241287,0.0,633.0
1719241930.1649678,0.0,633.0
1719241930.30522,0.0,633.0
1719241930.4464014,0.0,633.0
1719241930.585781,0.0,633.0
1719241930.7259164,0.0,633.0
1719241930.86512,0.0,633.0
1719241931.0062354,0.0,633.0
1719241931.147704,0.0,633.0
1719241931.2884758,0.0,633.0
1719241931.4294133,0.0,633.0
1719241931.589411,0.0,633.0
1719241931.7591448,0.0,633.0
1719241931.928545,0.0,633.0
1719241932.0958347,0.0,633.0
1719241932.276333,0.0,633.0
1719241932.433272,0.0,633.0
1719241932.6025717,0.0,633.0
1719241932.768038,0.0,633.0
1719241932.93286,0.0,633.0
1719241933.0841544,0.0,633.0
1719241933.2478771,0.0,633.0
1719241933.4114158,0.0,633.0
1719241933.5775967,0.0,633.0
1719241933.748506,0.0,633.0
1719241933.8910973,0.0,633.0
1719241934.1062217,0.0,633.0
1719241934.3298202,0.0,633.0
1719241934.5442464,0.0,633.0
1719241934.69663,0.0,633.0
1719241934.922435,0.0,633.0
1719241935.0886354,0.0,633.0
1719241935.2558513,0.0,633.0
1719241935.4131052,0.0,633.0
1719241935.5640817,0.0,633.0
1719241935.704131,0.0,633.0
1719241935.8444176,0.0,633.0
1719241935.987285,6.0,4003.0
1719241936.1309757,6.0,5539.0
1719241936.275556,11.0,7651.0
1719241936.4204774,38.0,9995.0
1719241936.598568,61.0,30395.0
1719241936.7590768,61.0,30395.0
1719241936.9268482,90.0,30405.0
1719241937.1215649,3.0,30405.0
1719241937.2998025,6.0,36551.0
1719241937.5265636,100.0,36553.0
1719241937.6997492,83.0,36555.0
1719241937.8842363,83.0,36567.0
1719241938.0553284,27.0,36567.0
1719241938.217246,0.0,36567.0
1719241938.4037678,0.0,36567.0
1719241938.5892942,0.0,36567.0
1719241938.7684765,0.0,36567.0
1719241938.9274883,0.0,36567.0
1719241939.1722717,0.0,36567.0
1719241939.347324,0.0,36567.0
1719241939.5778348,0.0,36567.0
1719241939.77683,0.0,36567.0
1719241939.942301,0.0,36567.0
1719241940.09554,0.0,36567.0
1719241940.2803042,0.0,36567.0
1719241940.4739711,0.0,36567.0
1719241940.634213,0.0,36567.0
1719241940.7867343,0.0,36567.0
1719241940.9392953,0.0,36567.0
1719241941.0939214,0.0,36567.0
1719241941.249649,96.0,36567.0
1719241941.3999455,96.0,42713.0
1719241941.5530171,100.0,42713.0
1719241941.728,99.0,42713.0
1719241941.9108558,100.0,42713.0
1719241942.1002316,100.0,42713.0
1719241942.2826355,24.0,42713.0
1719241942.4656484,0.0,42713.0
1719241942.6374686,0.0,42713.0
1719241942.8114047,0.0,42713.0
1719241942.9926255,0.0,42713.0
1719241943.155306,0.0,42713.0
1719241943.3212004,0.0,42713.0
1719241943.4924831,0.0,42713.0
1719241943.6686566,0.0,42713.0
1719241943.8464947,0.0,42713.0
1719241944.0082242,0.0,42713.0
1719241944.245367,0.0,42713.0
1719241944.4829855,0.0,42713.0
1719241944.7333312,0.0,42713.0
1719241944.9780204,0.0,42713.0
1719241945.170545,0.0,42713.0
1719241945.3321023,0.0,42713.0
1719241945.5013068,0.0,42713.0
1719241945.6556199,0.0,42713.0
1719241945.8342078,0.0,42713.0
1719241946.0147517,0.0,42713.0
1719241946.1731508,0.0,42713.0
1719241946.3254898,0.0,42713.0
1719241946.477834,0.0,42713.0
1719241946.629742,0.0,42713.0
1719241946.780904,67.0,42713.0
1719241946.9328058,100.0,42713.0
1719241947.0843868,99.0,42713.0
1719241947.2743351,100.0,42713.0
1719241947.452866,100.0,42713.0
1719241947.6436808,48.0,42713.0
1719241947.8314347,0.0,42713.0
1719241948.0175836,0.0,42713.0
1719241948.1725426,0.0,42713.0
1719241948.344449,0.0,42713.0
1719241948.518848,0.0,42713.0
1719241948.6749754,0.0,42713.0
1719241948.8563576,0.0,42713.0
1719241949.0332713,0.0,42713.0
1719241949.2120376,0.0,42713.0
1719241949.3686497,0.0,42713.0
1719241949.6007137,0.0,42713.0
1719241949.8014188,0.0,42713.0
1719241950.013382,0.0,42713.0
1719241950.2082999,0.0,42713.0
1719241950.4110544,0.0,42713.0
1719241950.5634918,0.0,42713.0
1719241950.749656,0.0,42713.0
1719241950.9192355,0.0,42713.0
1719241951.069503,0.0,42713.0
1719241951.2196264,0.0,42713.0
1719241951.3696704,0.0,42713.0
1719241951.5219195,51.0,42713.0
1719241951.673782,51.0,42713.0
1719241951.826354,99.0,42713.0
1719241952.0383663,100.0,42713.0
1719241952.2337089,100.0,42713.0
1719241952.412086,61.0,42713.0
1719241952.6008272,61.0,42713.0
1719241952.8101602,0.0,42713.0
1719241952.981709,0.0,42713.0
1719241953.155745,0.0,42713.0
1719241953.3270156,0.0,42713.0
1719241953.494827,0.0,42713.0
1719241953.6536467,0.0,42713.0
1719241953.8361394,0.0,42713.0
1719241954.0238602,0.0,42713.0
1719241954.1983159,0.0,42713.0
1719241954.3590198,0.0,42713.0
1719241954.5889544,0.0,42713.0
1719241954.7849746,0.0,42713.0
1719241955.0281472,0.0,42713.0
1719241955.2597067,0.0,42713.0
1719241955.4501972,0.0,42713.0
1719241955.612344,0.0,42713.0
1719241955.7950878,0.0,42713.0
1719241955.9657593,0.0,42713.0
1719241956.1175814,0.0,42713.0
1719241956.2677736,0.0,42713.0
1719241956.4167087,0.0,42713.0
1719241956.5694833,63.0,42713.0
1719241956.719511,100.0,42713.0
1719241956.8697994,100.0,42713.0
1719241957.036555,100.0,42713.0
1719241957.2114663,100.0,42713.0
1719241957.3858488,100.0,42713.0
1719241957.5563133,55.0,42713.0
1719241957.7292936,0.0,42713.0
1719241957.9215918,0.0,42713.0
1719241958.0820794,0.0,42713.0
1719241958.243846,0.0,42713.0
1719241958.3963597,0.0,42713.0
1719241958.5677223,0.0,42713.0
1719241958.7680318,0.0,42713.0
1719241958.9461074,0.0,42713.0
1719241959.1272025,0.0,42713.0
1719241959.285332,0.0,42713.0
1719241959.4544187,0.0,42713.0
1719241959.696809,0.0,42713.0
1719241959.9077687,0.0,42713.0
1719241960.102869,0.0,42713.0
1719241960.3477137,0.0,42713.0
1719241960.5413194,0.0,42713.0
1719241960.7338338,0.0,42713.0
1719241960.9192233,0.0,42713.0
1719241961.0722518,0.0,42713.0
1719241961.222514,0.0,42713.0
1719241961.3735805,0.0,42713.0
1719241961.525647,64.0,42713.0
1719241961.6755824,100.0,42713.0
1719241961.8238328,100.0,42713.0
1719241961.989412,99.0,42713.0
1719241962.1645226,100.0,42713.0
1719241962.338146,100.0,42713.0
1719241962.5019476,50.0,42713.0
1719241962.6684484,0.0,42713.0
1719241962.8418045,0.0,42713.0
1719241963.0022812,0.0,42713.0
1719241963.1622262,0.0,42713.0
1719241963.3389108,0.0,42713.0
1719241963.5008347,0.0,42713.0
1719241963.6739266,0.0,42713.0
1719241963.8474038,0.0,42713.0
1719241964.0172355,0.0,42713.0
1719241964.1944122,0.0,42713.0
1719241964.358819,0.0,42713.0
1719241964.528141,0.0,42713.0
1719241964.7756155,0.0,42713.0
1719241964.942041,0.0,42713.0
1719241965.2090302,0.0,42713.0
1719241965.4382067,0.0,42713.0
1719241965.628114,0.0,42713.0
1719241965.7977288,0.0,42713.0
1719241965.966342,0.0,42713.0
1719241966.1489296,0.0,42713.0
1719241966.3139975,0.0,42713.0
1719241966.466523,0.0,42713.0
1719241966.6168008,0.0,42713.0
1719241966.7666094,6.0,42713.0
1719241966.9194324,6.0,42713.0
1719241967.0685112,100.0,42713.0
1719241967.2396102,99.0,42713.0
1719241967.424255,100.0,42713.0
1719241967.6001196,100.0,42713.0
1719241967.7698064,100.0,42713.0
1719241967.9397697,15.0,42713.0
1719241968.1104667,0.0,42713.0
1719241968.303708,0.0,42713.0
1719241968.4585776,0.0,42713.0
1719241968.6312423,0.0,42713.0
1719241968.782921,0.0,42713.0
1719241968.9598446,0.0,42713.0
1719241969.1165848,0.0,42713.0
1719241969.2913692,0.0,42713.0
1719241969.4805458,0.0,42713.0
1719241969.6456444,0.0,42713.0
1719241969.812402,0.0,42713.0
1719241970.0448997,0.0,42713.0
1719241970.222452,0.0,42713.0
1719241970.4607248,0.0,42713.0
1719241970.6948328,0.0,42713.0
1719241970.8767326,0.0,42713.0
1719241971.0447273,0.0,42713.0
1719241971.2235372,0.0,42713.0
1719241971.3950598,0.0,42713.0
1719241971.5469072,0.0,42713.0
1719241971.6992598,0.0,42713.0
1719241971.850426,0.0,42713.0
1719241972.0040576,80.0,42713.0
1719241972.1569529,100.0,42713.0
1719241972.3128629,99.0,42713.0
1719241972.5014296,99.0,42713.0
1719241972.6747034,100.0,42713.0
1719241972.8516586,100.0,42713.0
1719241973.0170848,0.0,42713.0
1719241973.471848,0.0,42713.0
1719241973.662031,0.0,42713.0
1719241973.8221655,0.0,42713.0
1719241973.9856236,0.0,42713.0
1719241974.1574798,0.0,42713.0
1719241974.3336272,0.0,42713.0
1719241974.5106485,0.0,42713.0
1719241974.6798437,0.0,42713.0
1719241974.8376167,0.0,42713.0
1719241975.089878,0.0,42713.0
1719241975.2932184,0.0,42713.0
1719241975.5341473,0.0,42713.0
1719241975.7355952,0.0,42713.0
1719241975.9041061,0.0,42713.0
1719241976.0663433,0.0,42713.0
1719241976.2336023,0.0,42713.0
1719241976.408988,0.0,42713.0
1719241976.5606456,0.0,42713.0
1719241976.7121406,0.0,42713.0
1719241976.8631935,0.0,42713.0
1719241977.0137022,57.0,42713.0
1719241977.1642692,57.0,42713.0
1719241977.3158135,100.0,42713.0
1719241977.469616,99.0,42713.0
1719241977.6235347,100.0,42713.0
1719241977.8131883,100.0,42713.0
1719241977.994326,57.0,42713.0
1719241978.1741757,0.0,42713.0
1719241978.3541915,0.0,42713.0
1719241978.560442,0.0,42713.0
1719241978.7313251,0.0,42713.0
1719241978.9089742,0.0,42713.0
1719241979.0691106,0.0,42713.0
1719241979.2384741,0.0,42713.0
1719241979.4241574,0.0,42713.0
1719241979.575847,0.0,42713.0
1719241979.7476075,0.0,42713.0
1719241979.9437926,0.0,42713.0
1719241980.110518,0.0,42713.0
1719241980.3602264,0.0,42713.0
1719241980.5884488,0.0,42713.0
1719241980.802499,0.0,42713.0
1719241980.9971578,0.0,42713.0
1719241981.2092538,0.0,42713.0
1719241981.3769412,0.0,42713.0
1719241981.5463781,0.0,42713.0
1719241981.7227314,0.0,42713.0
1719241981.877129,0.0,42713.0
1719241982.026174,0.0,42713.0
1719241982.177864,0.0,42713.0
1719241982.3281395,26.0,42713.0
1719241982.478975,100.0,42713.0
1719241982.6291668,99.0,42713.0
1719241982.8039832,100.0,42713.0
1719241983.002736,100.0,42713.0
1719241983.178291,100.0,42713.0
1719241983.375387,97.0,42713.0
1719241983.5784528,0.0,42713.0
1719241983.7706668,0.0,42713.0
1719241983.9321668,0.0,42713.0
1719241984.0975583,0.0,42713.0
1719241984.2582893,0.0,42713.0
1719241984.423195,0.0,42713.0
1719241984.5948057,0.0,42713.0
1719241984.8434365,0.0,42713.0
1719241985.0404842,0.0,42713.0
1719241985.2986586,0.0,42713.0
1719241985.5186086,0.0,42713.0
1719241985.6952126,0.0,42713.0
1719241985.9377446,0.0,42713.0
1719241986.1041017,0.0,42713.0
1719241986.2772565,0.0,42713.0
1719241986.4477055,0.0,42713.0
1719241986.6319952,0.0,42713.0
1719241986.8010066,0.0,42713.0
1719241986.9551096,0.0,42713.0
1719241987.1029918,0.0,42713.0
1719241987.252534,0.0,42713.0
1719241987.401152,0.0,42713.0
1719241987.5507565,94.0,42713.0
1719241987.7118406,100.0,42713.0
1719241987.906807,99.0,42713.0
1719241988.1010263,100.0,42713.0
1719241988.2814972,100.0,42713.0
1719241988.456725,25.0,42713.0
1719241988.6375742,0.0,42713.0
1719241988.8123455,0.0,42713.0
1719241988.9665136,0.0,42713.0
1719241989.1397963,0.0,42713.0
1719241989.3005717,0.0,42713.0
1719241989.5128634,0.0,42713.0
1719241989.6783,0.0,42713.0
1719241989.8430429,0.0,42713.0
1719241990.016934,0.0,42713.0
1719241990.1769931,0.0,42713.0
1719241990.4167626,0.0,42713.0
1719241990.6158483,0.0,42713.0
1719241990.8448951,0.0,42713.0
1719241991.067521,0.0,42713.0
1719241991.257424,0.0,42713.0
1719241991.430528,0.0,42713.0
1719241991.6101527,0.0,42713.0
1719241991.764402,0.0,42713.0
1719241991.914705,0.0,42713.0
1719241992.0614238,0.0,42713.0
1719241992.2099457,4.0,42713.0
1719241992.3757987,100.0,42713.0
1719241992.536558,99.0,42713.0
1719241992.7302315,100.0,42713.0
1719241992.9184601,100.0,42713.0
1719241993.0993588,100.0,42713.0
1719241993.2726414,17.0,42713.0
1719241993.4522028,0.0,42713.0
1719241993.629505,0.0,42713.0
1719241993.793812,0.0,42713.0
1719241993.9553444,0.0,42713.0
1719241994.1033423,0.0,42713.0
1719241994.263388,0.0,42713.0
1719241994.4481485,0.0,42713.0
1719241994.6371362,0.0,42713.0
1719241994.813979,0.0,42713.0
1719241994.9717174,0.0,42713.0
1719241995.2124145,0.0,42713.0
1719241995.4069676,0.0,42713.0
1719241995.6404986,0.0,42713.0
1719241995.847842,0.0,42713.0
1719241996.0251024,0.0,42713.0
1719241996.1825938,0.0,42713.0
1719241996.3558505,0.0,42713.0
1719241996.5299988,0.0,42713.0
1719241996.6926842,0.0,42713.0
1719241996.8530834,0.0,42713.0
1719241997.0010617,0.0,42713.0
1719241997.148657,56.0,42713.0
1719241997.2965565,100.0,42713.0
1719241997.4442627,99.0,42713.0
1719241997.6243238,99.0,42713.0
1719241997.8013453,100.0,42713.0
1719241997.98624,100.0,42713.0
1719241998.173421,56.0,42713.0
1719241998.3522687,0.0,42713.0
1719241998.5180707,0.0,42713.0
1719241998.6916523,0.0,42713.0
1719241998.8600242,0.0,42713.0
1719241999.0201812,0.0,42713.0
1719241999.1816247,0.0,42713.0
1719241999.3467853,0.0,42713.0
1719241999.5026038,0.0,42713.0
1719241999.6731837,0.0,42713.0
1719241999.8502047,0.0,42713.0
1719242000.0168397,0.0,42713.0
1719242000.2649028,0.0,42713.0
1719242000.4869254,0.0,42713.0
1719242000.7284799,0.0,42713.0
1719242000.9255695,0.0,42713.0
1719242001.1173875,0.0,42713.0
1719242001.290362,0.0,42713.0
1719242001.4574893,0.0,42713.0
1719242001.623007,0.0,42713.0
1719242001.7733922,0.0,42713.0
1719242001.9230652,0.0,42713.0
1719242002.0733624,0.0,42713.0
1719242002.2229435,43.0,42713.0
1719242002.3745959,100.0,42713.0
1719242002.5239332,99.0,42713.0
1719242002.6856422,100.0,42713.0
1719242002.9058695,100.0,42713.0
1719242003.089436,75.0,42713.0
1719242003.2660487,75.0,42713.0
1719242003.5056348,0.0,42713.0
1719242003.7036912,0.0,42713.0
1719242003.8910756,0.0,42713.0
1719242004.0537205,0.0,42713.0
1719242004.2141984,0.0,42713.0
1719242004.4030232,0.0,42713.0
1719242004.6205652,0.0,42713.0
1719242004.79906,0.0,42713.0
1719242004.9557786,0.0,42713.0
1719242005.1961195,0.0,42713.0
1719242005.3944945,0.0,42713.0
1719242005.5645065,0.0,42713.0
1719242005.7475553,0.0,42713.0
1719242005.9944258,0.0,42713.0
1719242006.18139,0.0,42713.0
1719242006.372421,0.0,42713.0
1719242006.5438592,0.0,42713.0
1719242006.6981287,0.0,42713.0
1719242006.8500755,0.0,42713.0
1719242006.9996,0.0,42713.0
1719242007.1528387,0.0,42713.0
1719242007.302722,82.0,42713.0
1719242007.4526372,100.0,42713.0
1719242007.604281,99.0,42713.0
1719242007.7928538,100.0,42713.0
1719242007.9779727,100.0,42713.0
1719242008.16802,36.0,42713.0
1719242008.35208,0.0,42713.0
1719242008.5461237,0.0,42713.0
1719242008.7220523,0.0,42713.0
1719242008.8784525,0.0,42713.0
1719242009.0586605,0.0,42713.0
1719242009.2221045,0.0,42713.0
1719242009.403386,0.0,42713.0
1719242009.579575,0.0,42713.0
1719242009.764333,0.0,42713.0
1719242009.9901998,0.0,42713.0
1719242010.1885216,0.0,42713.0
1719242010.4085488,0.0,42713.0
1719242010.6322563,0.0,42713.0
1719242010.8055074,0.0,42713.0
1719242010.9670372,0.0,42713.0
1719242011.136246,0.0,42713.0
1719242011.297878,0.0,42713.0
1719242011.446834,0.0,42713.0
1719242011.594723,0.0,42713.0
1719242011.7434976,0.0,42713.0
1719242011.891828,94.0,42713.0
1719242012.0395532,100.0,42713.0
1719242012.1876042,99.0,42713.0
1719242012.3694003,100.0,42713.0
1719242012.555612,100.0,42713.0
1719242012.7332652,25.0,42713.0
1719242012.9191387,25.0,42713.0
1719242013.0944197,0.0,42713.0
1719242013.2632089,0.0,42713.0
1719242013.4178302,0.0,42713.0
1719242013.607854,0.0,42713.0
1719242013.7968545,0.0,42713.0
1719242013.9789255,0.0,42713.0
1719242014.159969,0.0,42713.0
1719242014.3398318,0.0,42713.0
1719242014.5701542,0.0,42713.0
1719242014.7608593,0.0,42713.0
1719242014.9973953,0.0,42713.0
1719242015.2321513,0.0,42713.0
1719242015.3884263,0.0,42713.0
1719242015.555596,0.0,42713.0
1719242015.7212005,0.0,42713.0
1719242015.8810725,0.0,42713.0
1719242016.0332503,0.0,42713.0
1719242016.1821988,32.0,42713.0
1719242016.3296144,32.0,42713.0
1719242016.4803724,100.0,42713.0
1719242016.6444657,99.0,42713.0
1719242016.8246543,100.0,42713.0
1719242017.0001483,100.0,42713.0
1719242017.1793182,91.0,42713.0
1719242017.3572373,91.0,42713.0
1719242017.585554,0.0,42713.0
1719242017.740444,0.0,42713.0
1719242017.9116795,0.0,42713.0
1719242018.079463,0.0,42713.0
1719242018.2649307,0.0,42713.0
1719242018.454687,0.0,42713.0
1719242018.6812646,0.0,42713.0
1719242018.8952327,0.0,42713.0
1719242019.1378715,0.0,42713.0
1719242019.342464,0.0,42713.0
1719242019.5838587,0.0,42713.0
1719242019.7726598,0.0,42713.0
1719242019.9327354,0.0,42713.0
1719242020.1034625,0.0,42713.0
1719242020.2719626,0.0,42713.0
1719242020.4213839,0.0,42713.0
1719242020.5714226,0.0,42713.0
1719242020.7199736,28.0,42713.0
1719242020.8794596,100.0,42713.0
1719242021.027614,100.0,42713.0
1719242021.1857417,99.0,42713.0
1719242021.390895,100.0,42713.0
1719242021.5604022,100.0,42713.0
1719242021.727204,95.0,42713.0
1719242021.911205,0.0,42713.0
1719242022.082513,0.0,42713.0
1719242022.2592423,0.0,42713.0
1719242022.421315,0.0,42713.0
1719242022.5976808,0.0,42713.0
1719242022.75687,0.0,42713.0
1719242022.9515138,0.0,42713.0
1719242023.1103425,0.0,42713.0
1719242023.2850983,0.0,42713.0
1719242023.4410546,0.0,42713.0
1719242023.6763742,0.0,42713.0
1719242023.86983,0.0,42713.0
1719242024.094712,0.0,42713.0
1719242024.3310058,0.0,42713.0
1719242024.5313253,0.0,42713.0
1719242024.6911817,0.0,42713.0
1719242024.8761353,0.0,42713.0
1719242025.0319712,0.0,42713.0
1719242025.1820338,0.0,42713.0
1719242025.3342378,0.0,42713.0
1719242025.483846,72.0,42713.0
1719242025.6323175,100.0,42713.0
1719242025.7823875,100.0,42713.0
1719242025.955241,99.0,42713.0
1719242026.1296306,100.0,42713.0
1719242026.3011916,100.0,42713.0
1719242026.4851568,44.0,42713.0
1719242026.6796372,44.0,42713.0
1719242026.832165,0.0,42713.0
1719242026.994449,0.0,42713.0
1719242027.144965,0.0,42713.0
1719242027.3178408,0.0,42713.0
1719242027.4785006,0.0,42713.0
1719242027.6768765,0.0,42713.0
1719242027.8472815,0.0,42713.0
1719242028.0024536,0.0,42713.0
1719242028.2241955,0.0,42713.0
1719242028.4497688,0.0,42713.0
1719242028.6724038,0.0,42713.0
1719242028.860127,0.0,42713.0
1719242029.0721483,0.0,42713.0
1719242029.2358575,0.0,42713.0
1719242029.4106972,0.0,42713.0
1719242029.570784,0.0,42713.0
1719242029.7191458,0.0,42713.0
1719242029.86663,8.0,42713.0
1719242030.013979,8.0,42713.0
1719242030.1626117,100.0,42713.0
1719242030.3102098,100.0,42713.0
1719242030.47997,100.0,42713.0
1719242030.666243,100.0,42713.0
1719242030.8419604,100.0,42713.0
1719242031.0192583,13.0,42713.0
1719242031.2187319,13.0,42713.0
1719242031.3870165,0.0,42713.0
1719242031.557541,0.0,42713.0
1719242031.7255158,0.0,42713.0
1719242031.8958054,0.0,42713.0
1719242032.079061,0.0,42713.0
1719242032.2496915,0.0,42713.0
1719242032.4121165,0.0,42713.0
1719242032.5698168,0.0,42713.0
1719242032.8248734,0.0,42713.0
1719242033.0135398,0.0,42713.0
1719242033.2405372,0.0,42713.0
1719242033.4644432,0.0,42713.0
1719242033.6329708,0.0,42713.0
1719242033.8018174,0.0,42713.0
1719242033.9624717,0.0,42713.0
1719242034.1431453,0.0,42713.0
1719242034.2951262,0.0,42713.0
1719242034.4444458,0.0,42713.0
1719242034.5929108,0.0,42713.0
1719242034.7415996,77.0,42713.0
1719242034.889492,100.0,42713.0
1719242035.0378122,100.0,42713.0
1719242035.2084663,99.0,42713.0
1719242035.3714082,100.0,42713.0
1719242035.5361156,100.0,42713.0
1719242035.7403579,39.0,42713.0
1719242035.9389231,39.0,42713.0
1719242036.098155,0.0,42713.0
1719242036.2762182,0.0,42713.0
1719242036.439394,0.0,42713.0
1719242036.6113083,0.0,42713.0
1719242036.7966251,0.0,42713.0
1719242036.9700875,0.0,42713.0
1719242037.1358538,0.0,42713.0
1719242037.2903495,0.0,42713.0
1719242037.5172255,0.0,42713.0
1719242037.7159977,0.0,42713.0
1719242037.952135,0.0,42713.0
1719242038.1361415,0.0,42713.0
1719242038.322982,0.0,42713.0
1719242038.4857454,0.0,42713.0
1719242038.6642008,0.0,42713.0
1719242038.842659,0.0,42713.0
1719242038.9957845,0.0,42713.0
1719242039.147671,0.0,42713.0
1719242039.2976098,0.0,42713.0
1719242039.447732,57.0,42713.0
1719242039.5968578,100.0,42713.0
1719242039.7453709,100.0,42713.0
1719242039.9150305,100.0,42713.0
1719242040.0974836,100.0,42713.0
1719242040.2710614,56.0,42713.0
1719242040.4573154,56.0,42713.0
1719242040.6645095,0.0,42713.0
1719242040.816317,0.0,42713.0
1719242040.998748,0.0,42713.0
1719242041.1572173,0.0,42713.0
1719242041.3181815,0.0,42713.0
1719242041.4939926,0.0,42713.0
1719242041.6638632,0.0,42713.0
1719242041.83067,0.0,42713.0
1719242041.9848847,0.0,42713.0
1719242042.216532,0.0,42713.0
1719242042.410233,0.0,42713.0
1719242042.615171,0.0,42713.0
1719242042.808048,0.0,42713.0
1719242043.0138972,0.0,42713.0
1719242043.1717281,0.0,42713.0
1719242043.3441014,0.0,42713.0
1719242043.520697,0.0,42713.0
1719242043.6705837,0.0,42713.0
1719242043.8185823,0.0,42713.0
1719242043.9677944,0.0,42713.0
1719242044.118527,49.0,42713.0
1719242044.3048828,99.0,42713.0
1719242044.4692292,99.0,42713.0
1719242044.6456575,100.0,42713.0
1719242044.835849,100.0,42713.0
1719242045.00689,64.0,42713.0
1719242045.1866133,0.0,42713.0
1719242045.3726165,0.0,42713.0
1719242045.5279737,0.0,42713.0
1719242045.70448,0.0,42713.0
1719242045.867856,0.0,42713.0
1719242046.0215354,0.0,42713.0
1719242046.1929774,0.0,42713.0
1719242046.3702688,0.0,42713.0
1719242046.5381882,0.0,42713.0
1719242046.7794626,0.0,42713.0
1719242047.0120866,0.0,42713.0
1719242047.220171,0.0,42713.0
1719242047.4043596,0.0,42713.0
1719242047.6025674,0.0,42713.0
1719242047.767583,0.0,42713.0
1719242047.941622,0.0,42713.0
1719242048.1100082,0.0,42713.0
1719242048.2584357,0.0,42713.0
1719242048.407018,0.0,42713.0
1719242048.555552,0.0,42713.0
1719242048.704187,88.0,42713.0
1719242048.8505893,100.0,42713.0
1719242049.005289,100.0,42713.0
1719242049.178308,100.0,42713.0
1719242049.3652325,100.0,42713.0
1719242049.548676,30.0,42713.0
1719242049.729439,30.0,42713.0
1719242049.9143333,0.0,42713.0
1719242050.0696716,0.0,42713.0
1719242050.2683258,0.0,42713.0
1719242050.4205432,0.0,42713.0
1719242050.6008034,0.0,42713.0
1719242050.7703958,0.0,42713.0
1719242050.9634793,0.0,42713.0
1719242051.1528625,0.0,42713.0
1719242051.3188088,0.0,42713.0
1719242051.5575407,0.0,42713.0
1719242051.7190351,0.0,42713.0
1719242051.9566913,0.0,42713.0
1719242052.174592,0.0,42713.0
1719242052.360888,0.0,42713.0
1719242052.555601,0.0,42713.0
1719242052.7338576,0.0,42713.0
1719242052.8897312,0.0,42713.0
1719242053.0379937,0.0,42713.0
1719242053.1949232,67.0,42713.0
1719242053.342779,67.0,42713.0
1719242053.4929736,100.0,42713.0
1719242053.6601498,99.0,42713.0
1719242053.8266726,100.0,42713.0
1719242054.0194101,100.0,42713.0
1719242054.188953,49.0,42713.0
1719242054.3712976,0.0,42713.0
1719242054.5517027,0.0,42713.0
1719242054.7286968,0.0,42713.0
1719242054.885644,0.0,42713.0
1719242055.0524426,0.0,42713.0
1719242055.2495701,0.0,42713.0
1719242055.4185238,0.0,42713.0
1719242055.596688,0.0,42713.0
1719242055.7615435,0.0,42713.0
1719242055.9242342,0.0,42713.0
1719242056.1492422,0.0,42713.0
1719242056.3071642,0.0,42713.0
1719242056.5351841,0.0,42713.0
1719242056.7602546,0.0,42713.0
1719242056.9392679,0.0,42713.0
1719242057.1138575,0.0,42713.0
1719242057.2906969,0.0,42713.0
1719242057.4443028,0.0,42713.0
1719242057.5937786,0.0,42713.0
1719242057.7418272,0.0,42713.0
1719242057.8906384,63.0,42713.0
1719242058.0412047,63.0,42713.0
1719242058.196178,100.0,42713.0
1719242058.3956854,100.0,42713.0
1719242058.5653925,100.0,42713.0
1719242058.7557814,51.0,42713.0
1719242058.9506536,51.0,42713.0
1719242059.1190476,0.0,42713.0
1719242059.2771313,0.0,42713.0
1719242059.45131,0.0,42713.0
1719242059.6060936,0.0,42713.0
1719242059.7631161,0.0,42713.0
1719242059.937835,0.0,42713.0
1719242060.1101978,0.0,42713.0
1719242060.2744718,0.0,42713.0
1719242060.4586737,0.0,42713.0
1719242060.7363496,0.0,42713.0
1719242060.9482207,0.0,42713.0
1719242061.1442006,0.0,42713.0
1719242061.3477423,0.0,42713.0
1719242061.5076241,0.0,42713.0
1719242061.6984656,0.0,42713.0
1719242061.875264,0.0,42713.0
1719242062.0379975,0.0,42713.0
1719242062.1969326,0.0,42713.0
1719242062.3576233,0.0,42713.0
1719242062.5060434,0.0,42713.0
1719242062.6632078,0.0,42713.0
1719242062.8128347,100.0,42713.0
1719242062.9787385,100.0,42713.0
1719242063.144455,99.0,42713.0
1719242063.3400953,100.0,42713.0
1719242063.5163245,100.0,42713.0
1719242063.7010415,56.0,42713.0
1719242063.8765106,0.0,42713.0
1719242064.0488026,0.0,42713.0
1719242064.2083824,0.0,42713.0
1719242064.3703196,0.0,42713.0
1719242064.5385149,0.0,42713.0
1719242064.6981857,0.0,42713.0
1719242064.8692236,0.0,42713.0
1719242065.0454197,0.0,42713.0
1719242065.2132525,0.0,42713.0
1719242065.3805516,0.0,42713.0
1719242065.6087801,0.0,42713.0
1719242065.8042808,0.0,42713.0
1719242066.0395744,0.0,42713.0
1719242066.2795413,0.0,42713.0
1719242066.4566207,0.0,42713.0
1719242066.6505358,0.0,42713.0
1719242066.8116505,0.0,42713.0
1719242066.9603262,0.0,42713.0
1719242067.109452,0.0,42713.0
1719242067.2585871,0.0,42713.0
1719242067.4087117,43.0,42713.0
1719242067.5569203,100.0,42713.0
1719242067.7070162,99.0,42713.0
1719242067.9020221,99.0,42713.0
1719242068.083711,100.0,42713.0
1719242068.2655418,77.0,42713.0
1719242068.4448028,0.0,42713.0
1719242068.6605444,0.0,42713.0
1719242068.8278527,0.0,42713.0
1719242069.001566,0.0,42713.0
1719242069.1627223,0.0,42713.0
1719242069.3307831,0.0,42713.0
1719242069.507836,0.0,42713.0
1719242069.6760666,0.0,42713.0
1719242069.8606544,0.0,42713.0
1719242070.0243723,0.0,42713.0
1719242070.251253,0.0,42713.0
1719242070.4721382,0.0,42713.0
1719242070.6834073,0.0,42713.0
1719242070.8812487,0.0,42713.0
1719242071.0831873,0.0,42713.0
1719242071.2492957,0.0,42713.0
1719242071.430063,0.0,42713.0
1719242071.6126287,0.0,42713.0
1719242071.763391,0.0,42713.0
1719242071.9191153,0.0,42713.0
1719242072.068017,0.0,42713.0
1719242072.2185063,37.0,42713.0
1719242072.372126,100.0,42713.0
1719242072.520639,99.0,42713.0
1719242072.688528,99.0,42713.0
1719242072.8796797,100.0,42713.0
1719242073.0558484,88.0,42713.0
1719242073.2223172,88.0,42713.0
1719242073.3969934,0.0,42713.0
1719242073.5803962,0.0,42713.0
1719242073.751307,0.0,42713.0
1719242073.912694,0.0,42713.0
1719242074.0960174,0.0,42713.0
1719242074.2861369,0.0,42713.0
1719242074.455582,0.0,42713.0
1719242074.632866,0.0,42713.0
1719242074.795848,0.0,42713.0
1719242074.9567933,0.0,42713.0
1719242075.191966,0.0,42713.0
1719242075.3821447,0.0,42713.0
1719242075.627503,0.0,42713.0
1719242075.8803496,0.0,42713.0
1719242076.0545373,0.0,42713.0
1719242076.2267435,0.0,42713.0
1719242076.418431,0.0,42713.0
1719242076.57059,0.0,42713.0
1719242076.7240493,0.0,42713.0
1719242076.8752038,0.0,42713.0
1719242077.026216,65.0,42713.0
1719242077.176206,100.0,42713.0
1719242077.3299005,96.0,42713.0
1719242077.511849,96.0,42713.0
1719242077.689331,100.0,42713.0
1719242077.8733816,52.0,42713.0
1719242078.062702,0.0,42713.0
1719242078.294893,0.0,42713.0
1719242078.4471283,0.0,42713.0
1719242078.635236,0.0,42713.0
1719242078.7861416,0.0,42713.0
1719242078.9648588,0.0,42713.0
1719242079.1267385,0.0,42713.0
1719242079.31245,0.0,42713.0
1719242079.4873934,0.0,42713.0
1719242079.641589,0.0,42713.0
1719242079.861178,0.0,42713.0
1719242080.0642648,0.0,42713.0
1719242080.3114994,0.0,42713.0
1719242080.5645187,0.0,42713.0
1719242080.75334,0.0,42713.0
1719242080.910958,0.0,42713.0
1719242081.1059635,0.0,42713.0
1719242081.2637393,0.0,42713.0
1719242081.4251535,0.0,42713.0
1719242081.5792513,0.0,42713.0
1719242081.7351665,98.0,42713.0
1719242081.8998144,100.0,42713.0
1719242082.0808609,100.0,42713.0
1719242082.2692823,99.0,42713.0
1719242082.4400828,100.0,42713.0
1719242082.6131651,100.0,42713.0
1719242082.796418,22.0,42713.0
1719242082.9678426,0.0,42713.0
1719242083.12898,0.0,42713.0
1719242083.2995574,0.0,42713.0
1719242083.455595,0.0,42713.0
1719242083.6220891,0.0,42713.0
1719242083.813264,0.0,42713.0
1719242083.9775746,0.0,42713.0
1719242084.1499527,0.0,42713.0
1719242084.3117716,0.0,42713.0
1719242084.5529923,0.0,42713.0
1719242084.7579508,0.0,42713.0
1719242084.9675977,0.0,42713.0
1719242085.1553822,0.0,42713.0
1719242085.3686435,0.0,42713.0
1719242085.535218,0.0,42713.0
1719242085.7082539,0.0,42713.0
1719242085.8766356,0.0,42713.0
1719242086.027839,0.0,42713.0
1719242086.176237,0.0,42713.0
1719242086.3250053,0.0,42713.0
1719242086.4768844,72.0,42713.0
1719242086.628521,100.0,42713.0
1719242086.7878473,99.0,42713.0
1719242086.9673939,100.0,42713.0
1719242087.1390703,100.0,42713.0
1719242087.312959,100.0,42713.0
1719242087.505411,43.0,42713.0
1719242087.7460268,0.0,42713.0
1719242087.9001725,0.0,42713.0
1719242088.060123,0.0,42713.0
1719242088.219361,0.0,42713.0
1719242088.3804328,0.0,42713.0
1719242088.5515697,0.0,42713.0
1719242088.727316,0.0,42713.0
1719242088.8956761,0.0,42713.0
1719242089.051508,0.0,42713.0
1719242089.2188041,0.0,42713.0
1719242089.468372,0.0,42713.0
1719242089.6939652,0.0,42713.0
1719242089.9055343,0.0,42713.0
1719242090.091019,0.0,42713.0
1719242090.2430406,0.0,42713.0
1719242090.4197083,0.0,42713.0
1719242090.5903394,0.0,42713.0
1719242090.7411733,0.0,42713.0
1719242090.8919957,0.0,42713.0
1719242091.0412385,19.0,42713.0
1719242091.190519,19.0,42713.0
1719242091.34217,100.0,42713.0
1719242091.491553,99.0,42713.0
1719242091.6833475,100.0,42713.0
1719242091.87628,100.0,42713.0
1719242092.051454,100.0,42713.0
1719242092.2276056,2.0,42713.0
1719242092.4370596,2.0,42713.0
1719242092.5893435,0.0,42713.0
1719242092.7760737,0.0,42713.0
1719242092.9367568,0.0,42713.0
1719242093.1067164,0.0,42713.0
1719242093.2745223,0.0,42713.0
1719242093.4404674,0.0,42713.0
1719242093.6132162,0.0,42713.0
1719242093.766944,0.0,42713.0
1719242094.013516,0.0,42713.0
1719242094.2031705,0.0,42713.0
1719242094.451294,0.0,42713.0
1719242094.6934676,0.0,42713.0
1719242094.887589,0.0,42713.0
1719242095.0539975,0.0,42713.0
1719242095.2264228,0.0,42713.0
1719242095.388801,0.0,42713.0
1719242095.5502417,0.0,42713.0
1719242095.699364,0.0,42713.0
1719242095.850328,0.0,42713.0
1719242096.0005274,78.0,42713.0
1719242096.1999059,99.0,42713.0
1719242096.3982193,100.0,42713.0
1719242096.568384,100.0,42713.0
1719242096.7356195,100.0,42713.0
1719242096.9140687,38.0,42713.0
1719242097.0935674,0.0,42713.0
1719242097.2499769,0.0,42713.0
1719242097.4168127,0.0,42713.0
1719242097.5758293,0.0,42713.0
1719242097.7383337,0.0,42713.0
1719242097.904338,0.0,42713.0
1719242098.064844,0.0,42713.0
1719242098.2423341,0.0,42713.0
1719242098.41515,0.0,42713.0
1719242098.6035538,0.0,42713.0
1719242098.848903,0.0,42713.0
1719242099.048364,0.0,42713.0
1719242099.271649,0.0,42713.0
1719242099.515849,0.0,42713.0
1719242099.6842115,0.0,42713.0
1719242099.8904164,0.0,42713.0
1719242100.0532732,0.0,42713.0
1719242100.204724,0.0,42713.0
1719242100.3553815,0.0,42713.0
1719242100.504041,11.0,42713.0
1719242100.6554828,100.0,42713.0
1719242100.8064308,100.0,42713.0
1719242100.9576778,99.0,42713.0
1719242101.1326294,100.0,42713.0
1719242101.3131447,100.0,42713.0
1719242101.4945545,100.0,42713.0
1719242101.6603694,11.0,42713.0
1719242101.836919,0.0,42713.0
1719242101.9938042,0.0,42713.0
1719242102.170631,0.0,42713.0
1719242102.328006,0.0,42713.0
1719242102.49585,0.0,42713.0
1719242102.6933243,0.0,42713.0
1719242102.8428376,0.0,42713.0
1719242103.0192893,0.0,42713.0
1719242103.196975,0.0,42713.0
1719242103.3602474,0.0,42713.0
1719242103.5850835,0.0,42713.0
1719242103.8171453,0.0,42713.0
1719242104.0544124,0.0,42713.0
1719242104.2534862,0.0,42713.0
1719242104.4433901,0.0,42713.0
1719242104.613003,0.0,42713.0
1719242104.7901971,0.0,42713.0
1719242104.9491482,0.0,42713.0
1719242105.0984352,0.0,42713.0
1719242105.2474759,0.0,42713.0
1719242105.3993704,15.0,42713.0
1719242105.54958,100.0,42713.0
1719242105.6994483,100.0,42713.0
1719242105.851523,99.0,42713.0
1719242106.052521,100.0,42713.0
1719242106.2514236,100.0,42713.0
1719242106.4323058,7.0,42713.0
1719242106.6235042,7.0,42713.0
1719242106.818658,0.0,42713.0
1719242106.9725957,0.0,42713.0
1719242107.1521862,0.0,42713.0
1719242107.318163,0.0,42713.0
1719242107.4781632,0.0,42713.0
1719242107.6423912,0.0,42713.0
1719242107.8221788,0.0,42713.0
1719242107.9947724,0.0,42713.0
1719242108.1748304,0.0,42713.0
1719242108.4400022,0.0,42713.0
1719242108.665367,0.0,42713.0
1719242108.8582423,0.0,42713.0
1719242109.0844421,0.0,42713.0
1719242109.2424886,0.0,42713.0
1719242109.4268138,0.0,42713.0
1719242109.6122108,0.0,42713.0
1719242109.7631063,0.0,42713.0
1719242109.9126315,0.0,42713.0
1719242110.0612097,0.0,42713.0
1719242110.2099817,68.0,42713.0
1719242110.3578887,100.0,42713.0
1719242110.5116575,99.0,42713.0
1719242110.6914358,100.0,42713.0
1719242110.865071,100.0,42713.0
1719242111.0394998,100.0,42713.0
1719242111.2303526,0.0,42713.0
1719242111.4630117,0.0,42713.0
1719242111.623262,0.0,42713.0
1719242111.788151,0.0,42713.0
1719242111.9436736,0.0,42713.0
1719242112.1086607,0.0,42713.0
1719242112.2815804,0.0,42713.0
1719242112.4580867,0.0,42713.0
1719242112.6518595,0.0,42713.0
1719242112.8452373,0.0,42713.0
1719242113.0019908,0.0,42713.0
1719242113.2497022,0.0,42713.0
1719242113.4750705,0.0,42713.0
1719242113.720651,0.0,42713.0
1719242113.9623277,0.0,42713.0
1719242114.1487355,0.0,42713.0
1719242114.3180397,0.0,42713.0
1719242114.4943483,0.0,42713.0
1719242114.6596735,0.0,42713.0
1719242114.8112893,0.0,42713.0
1719242114.96201,0.0,42713.0
1719242115.115816,0.0,42713.0
1719242115.2661142,66.0,42713.0
1719242115.4166784,100.0,42713.0
1719242115.5669749,99.0,42713.0
1719242115.7788706,100.0,42713.0
1719242115.9731135,100.0,42713.0
1719242116.1440687,48.0,42713.0
1719242116.3333282,0.0,42713.0
1719242116.547762,0.0,42713.0
1719242116.710946,0.0,42713.0
1719242116.9063535,0.0,42713.0
1719242117.0672402,0.0,42713.0
1719242117.2378037,0.0,42713.0
1719242117.4354362,0.0,42713.0
1719242117.6185224,0.0,42713.0
1719242117.7881122,0.0,42713.0
1719242117.9563727,0.0,42713.0
1719242118.1809587,0.0,42713.0
1719242118.3754287,0.0,42713.0
1719242118.5602224,0.0,42713.0
1719242118.74571,0.0,42713.0
1719242118.959466,0.0,42713.0
1719242119.1230934,0.0,42713.0
1719242119.303753,0.0,42713.0
1719242119.4886613,0.0,42713.0
1719242119.640572,0.0,42713.0
1719242119.795448,0.0,42713.0
1719242119.945855,0.0,42713.0
1719242120.0966256,27.0,42713.0
1719242120.2486033,100.0,42713.0
1719242120.397178,99.0,42713.0
1719242120.5821388,100.0,42713.0
1719242120.7608361,100.0,42713.0
1719242120.9321558,100.0,42713.0
1719242121.0984077,96.0,42713.0
1719242121.2633107,0.0,42713.0
1719242121.4345605,0.0,42713.0
1719242121.5961158,0.0,42713.0
1719242121.7696097,0.0,42713.0
1719242121.9321353,0.0,42713.0
1719242122.0965168,0.0,42713.0
1719242122.2882838,0.0,42713.0
1719242122.4731133,0.0,42713.0
1719242122.6545093,0.0,42713.0
1719242122.834548,0.0,42713.0
1719242123.08449,0.0,42713.0
1719242123.3296237,0.0,42713.0
1719242123.514778,0.0,42713.0
1719242123.7392938,0.0,42713.0
1719242123.9036877,0.0,42713.0
1719242124.0800402,0.0,42713.0
1719242124.259838,0.0,42713.0
1719242124.4115522,0.0,42713.0
1719242124.5618255,0.0,42713.0
1719242124.711826,0.0,42713.0
1719242124.865665,86.0,42713.0
1719242125.0147624,86.0,42713.0
1719242125.1646836,100.0,42713.0
1719242125.352054,100.0,42713.0
1719242125.5350487,100.0,42713.0
1719242125.7197099,100.0,42713.0
1719242125.9117374,32.0,42713.0
1719242126.101112,0.0,42713.0
1719242126.2541816,0.0,42713.0
1719242126.4402628,0.0,42713.0
1719242126.6084764,0.0,42713.0
1719242126.7827947,0.0,42713.0
1719242126.9591813,0.0,42713.0
1719242127.1275775,0.0,42713.0
1719242127.3271718,0.0,42713.0
1719242127.4862912,0.0,42713.0
1719242127.7412088,0.0,42713.0
1719242127.9361553,0.0,42713.0
1719242128.176874,0.0,42713.0
1719242128.451369,0.0,42713.0
1719242128.6360428,0.0,42713.0
1719242128.8078578,0.0,42713.0
1719242128.9876382,0.0,42713.0
1719242129.1425338,0.0,42713.0
1719242129.292997,0.0,42713.0
1719242129.4442594,0.0,42713.0
1719242129.595083,0.0,42713.0
1719242129.746117,87.0,42713.0
1719242129.8986714,100.0,42713.0
1719242130.0562172,99.0,42713.0
1719242130.257675,100.0,42713.0
1719242130.4420822,100.0,42713.0
1719242130.6166587,32.0,42713.0
1719242130.8010814,0.0,42713.0
1719242130.9872584,0.0,42713.0
1719242131.1613026,0.0,42713.0
1719242131.3207552,0.0,42713.0
1719242131.4975529,0.0,42713.0
1719242131.658893,0.0,42713.0
1719242131.8357198,0.0,42713.0
1719242132.0048425,0.0,42713.0
1719242132.1804473,0.0,42713.0
1719242132.3623285,0.0,42713.0
1719242132.6261322,0.0,42713.0
1719242132.8833132,0.0,42713.0
1719242133.0989194,0.0,42713.0
1719242133.3112013,0.0,42713.0
1719242133.489771,0.0,42713.0
1719242133.6675909,0.0,42713.0
1719242133.8456268,0.0,42713.0
1719242133.9985383,0.0,42713.0
1719242134.1468415,0.0,42713.0
1719242134.2980149,28.0,42713.0
1719242134.4554038,28.0,42713.0
1719242134.6109881,99.0,42713.0
1719242134.763248,99.0,42713.0
1719242134.934435,100.0,42713.0
1719242135.1120799,100.0,42713.0
1719242135.2778435,94.0,42713.0
1719242135.458264,0.0,42713.0
1719242135.6662462,0.0,42713.0
1719242135.8254335,0.0,42713.0
1719242136.003026,0.0,42713.0
1719242136.1621513,0.0,42713.0
1719242136.339316,0.0,42713.0
1719242136.503193,0.0,42713.0
1719242136.701669,0.0,42713.0
1719242136.9363427,0.0,42713.0
1719242137.1058607,0.0,42713.0
1719242137.3451133,0.0,42713.0
1719242137.5293858,0.0,42713.0
1719242137.724296,0.0,42713.0
1719242137.936778,0.0,42713.0
1719242138.0972135,0.0,42713.0
1719242138.265035,0.0,42713.0
1719242138.4321165,0.0,42713.0
1719242138.5863159,0.0,42713.0
1719242138.7375839,0.0,42713.0
1719242138.8886328,0.0,42713.0
1719242139.0414476,0.0,42713.0
1719242139.1927547,90.0,42713.0
1719242139.3447,100.0,42713.0
1719242139.5221612,99.0,42713.0
1719242139.690165,100.0,42713.0
1719242139.8672667,100.0,42713.0
1719242140.0300903,100.0,42713.0
1719242140.2394853,28.0,42713.0
1719242140.4251986,0.0,42713.0
1719242140.582598,0.0,42713.0
1719242140.7557983,0.0,42713.0
1719242140.9185061,0.0,42713.0
1719242141.0795436,0.0,42713.0
1719242141.2747073,0.0,42713.0
1719242141.4482908,0.0,42713.0
1719242141.629462,0.0,42713.0
1719242141.8218055,0.0,42713.0
1719242142.0726469,0.0,42713.0
1719242142.3182588,0.0,42713.0
1719242142.5085723,0.0,42713.0
1719242142.72164,0.0,42713.0
1719242142.8858736,0.0,42713.0
1719242143.073637,0.0,42713.0
1719242143.2444043,0.0,42713.0
1719242143.3942358,0.0,42713.0
1719242143.5463717,0.0,42713.0
1719242143.6962488,38.0,42713.0
1719242143.8482974,38.0,42713.0
1719242143.9996278,100.0,42713.0
1719242144.15041,99.0,42713.0
1719242144.3265545,100.0,42713.0
1719242144.5062788,100.0,42713.0
1719242144.684778,87.0,42713.0
1719242144.8594625,0.0,42713.0
1719242145.0241637,0.0,42713.0
1719242145.1948118,0.0,42713.0
1719242145.3767545,0.0,42713.0
1719242145.5410054,0.0,42713.0
1719242145.7108889,0.0,42713.0
1719242145.8912728,0.0,42713.0
1719242146.0576982,0.0,42713.0
1719242146.2505455,0.0,42713.0
1719242146.4100049,0.0,42713.0
1719242146.657186,0.0,42713.0
1719242146.8502102,0.0,42713.0
1719242147.0963175,0.0,42713.0
1719242147.3246915,0.0,42713.0
1719242147.5224879,0.0,42713.0
1719242147.6901243,0.0,42713.0
1719242147.8417957,0.0,42713.0
1719242148.0183566,0.0,42713.0
1719242148.1721628,0.0,42713.0
1719242148.3216963,0.0,42713.0
1719242148.4714015,34.0,42713.0
1719242148.6240869,34.0,42713.0
1719242148.7765527,100.0,42713.0
1719242148.926545,100.0,42713.0
1719242149.0849588,100.0,42713.0
1719242149.2749088,100.0,42713.0
1719242149.4553812,100.0,42713.0
1719242149.6338372,89.0,42713.0
1719242149.819799,0.0,42713.0
1719242150.0175622,0.0,42713.0
1719242150.2121308,0.0,42713.0
1719242150.377297,0.0,42713.0
1719242150.543408,0.0,42713.0
1719242150.7300541,0.0,42713.0
1719242150.9353538,0.0,42713.0
1719242151.108552,0.0,42713.0
1719242151.2803454,0.0,42713.0
1719242151.4924178,0.0,42713.0
1719242151.684362,0.0,42713.0
1719242151.9160526,0.0,42713.0
1719242152.1444314,0.0,42713.0
1719242152.343549,0.0,42713.0
1719242152.547784,0.0,42713.0
1719242152.7205884,0.0,42713.0
1719242152.876984,0.0,42713.0
1719242153.0274212,0.0,42713.0
1719242153.1787038,0.0,42713.0
1719242153.3299956,0.0,42713.0
1719242153.4834144,94.0,42713.0
1719242153.6339886,100.0,42713.0
1719242153.7864578,99.0,42713.0
1719242153.976463,100.0,42713.0
1719242154.158372,100.0,42713.0
1719242154.3365066,25.0,42713.0
1719242154.5223103,0.0,42713.0
1719242154.725386,0.0,42713.0
1719242154.885542,0.0,42713.0
1719242155.0520506,0.0,42713.0
1719242155.2084763,0.0,42713.0
1719242155.3721812,0.0,42713.0
1719242155.54331,0.0,42713.0
1719242155.7380185,0.0,42713.0
1719242155.912329,0.0,42713.0
1719242156.0756967,0.0,42713.0
1719242156.3306592,0.0,42713.0
1719242156.5240326,0.0,42713.0
1719242156.752401,0.0,42713.0
1719242156.9764876,0.0,42713.0
1719242157.16237,0.0,42713.0
1719242157.3192124,0.0,42713.0
1719242157.5012434,0.0,42713.0
1719242157.676096,0.0,42713.0
1719242157.8280442,0.0,42713.0
1719242157.977107,0.0,42713.0
1719242158.1261282,90.0,42713.0
1719242158.2782788,90.0,42713.0
1719242158.4287093,100.0,42713.0
1719242158.5788455,99.0,42713.0
1719242158.7939394,100.0,42713.0
1719242158.9753368,100.0,42713.0
1719242159.1381683,28.0,42713.0
1719242159.3105507,28.0,42713.0
1719242159.4912834,0.0,42713.0
1719242159.6514795,0.0,42713.0
1719242159.822249,0.0,42713.0
1719242159.9795036,0.0,42713.0
1719242160.1473067,0.0,42713.0
1719242160.342322,0.0,42713.0
1719242160.5185282,0.0,42713.0
1719242160.68846,0.0,42713.0
1719242160.8646524,0.0,42713.0
1719242161.0936556,0.0,42713.0
1719242161.2887821,0.0,42713.0
1719242161.512674,0.0,42713.0
1719242161.6795058,0.0,42713.0
1719242161.8442075,0.0,42713.0
1719242161.997296,0.0,42713.0
1719242162.1727295,0.0,42713.0
1719242162.344176,0.0,42713.0
1719242162.4961853,0.0,42713.0
1719242162.6465266,0.0,42713.0
1719242162.7956538,4.0,42713.0
1719242162.9475,4.0,42713.0
1719242163.0975952,100.0,42713.0
1719242163.2477543,99.0,42713.0
1719242163.399879,100.0,42713.0
1719242163.5750482,100.0,42713.0
1719242163.769956,100.0,42713.0
1719242163.9510417,17.0,42713.0
1719242164.1353297,17.0,42713.0
1719242164.3157003,0.0,42713.0
1719242164.4855318,0.0,42713.0
1719242164.6486068,0.0,42713.0
1719242164.8211014,0.0,42713.0
1719242164.977136,0.0,42713.0
1719242165.1632369,0.0,42713.0
1719242165.3437216,0.0,42713.0
1719242165.5247648,0.0,42713.0
1719242165.7000735,0.0,42713.0
1719242165.866201,0.0,42713.0
1719242166.0337372,0.0,42713.0
1719242166.193651,0.0,42713.0
1719242166.4529963,0.0,42713.0
1719242166.6587696,0.0,42713.0
1719242166.881849,0.0,42713.0
1719242167.0725584,0.0,42713.0
1719242167.272859,0.0,42713.0
1719242167.4269726,0.0,42713.0
1719242167.5985599,0.0,42713.0
1719242167.7786386,0.0,42713.0
1719242167.933741,0.0,42713.0
1719242168.0859587,0.0,42713.0
1719242168.2335837,3.0,42713.0
1719242168.3881083,100.0,42713.0
1719242168.5402884,100.0,42713.0
1719242168.6917214,99.0,42713.0
1719242168.8711994,100.0,42713.0
1719242169.0445,100.0,42713.0
1719242169.228035,100.0,42713.0
1719242169.4228642,18.0,42713.0
1719242169.6049383,0.0,42713.0
1719242169.7891126,0.0,42713.0
1719242169.9430184,0.0,42713.0
1719242170.1191504,0.0,42713.0
1719242170.2877624,0.0,42713.0
1719242170.4552407,0.0,42713.0
1719242170.6144373,0.0,42713.0
1719242170.805994,0.0,42713.0
1719242171.005323,0.0,42713.0
1719242171.1789052,0.0,42713.0
1719242171.3452952,0.0,42713.0
1719242171.6060576,0.0,42713.0
1719242171.7832928,0.0,42713.0
1719242172.058669,0.0,42713.0
1719242172.3085463,0.0,42713.0
1719242172.4899893,0.0,42713.0
1719242172.6719859,0.0,42713.0
1719242172.8682609,0.0,42713.0
1719242173.0300326,0.0,42713.0
1719242173.1804411,0.0,42713.0
1719242173.3324397,0.0,42713.0
1719242173.4848976,34.0,42713.0
1719242173.6383574,34.0,42713.0
1719242173.7902155,100.0,42713.0
1719242173.9478567,99.0,42713.0
1719242174.1391752,100.0,42713.0
1719242174.3437033,100.0,42713.0
1719242174.5406315,90.0,42713.0
1719242174.717736,0.0,42713.0
1719242174.9049866,0.0,42713.0
1719242175.0860727,0.0,42713.0
1719242175.2519698,0.0,42713.0
1719242175.4330158,0.0,42713.0
1719242175.5898962,0.0,42713.0
1719242175.7562933,0.0,42713.0
1719242175.9441965,0.0,42713.0
1719242176.1215065,0.0,42713.0
1719242176.3050513,0.0,42713.0
1719242176.4851956,0.0,42713.0
1719242176.6400187,0.0,42713.0
1719242176.8804977,0.0,42713.0
1719242177.0922453,0.0,42713.0
1719242177.3102143,0.0,42713.0
1719242177.5322454,0.0,42713.0
1719242177.7092602,0.0,42713.0
1719242177.8862748,0.0,42713.0
1719242178.0497262,0.0,42713.0
1719242178.2355034,0.0,42713.0
1719242178.4119914,0.0,42713.0
1719242178.564902,0.0,42713.0
1719242178.71864,0.0,42713.0
1719242178.8700104,39.0,42713.0
1719242179.0243628,39.0,42713.0
1719242179.175627,100.0,42713.0
1719242179.3400126,99.0,42713.0
1719242179.5216131,100.0,42713.0
1719242179.6982677,100.0,42713.0
1719242179.8978724,86.0,42713.0
1719242180.0976088,0.0,42713.0
1719242180.28211,0.0,42713.0
1719242180.4588373,0.0,42713.0
1719242180.6178782,0.0,42713.0
1719242180.7883153,0.0,42713.0
1719242180.9461203,0.0,42713.0
1719242181.1214147,0.0,42713.0
1719242181.303465,0.0,42713.0
1719242181.5485392,0.0,42713.0
1719242181.7544355,0.0,42713.0
1719242181.9620745,0.0,42713.0
1719242182.1937985,0.0,42713.0
1719242182.3713326,0.0,42713.0
1719242182.5507042,0.0,42713.0
1719242182.756518,0.0,42713.0
1719242182.930142,0.0,42713.0
1719242183.0993252,0.0,42713.0
1719242183.2990344,0.0,42713.0
1719242183.4680727,0.0,42713.0
1719242183.6213036,0.0,42713.0
1719242183.7725437,0.0,42713.0
1719242183.9242525,0.0,42713.0
1719242184.0793781,100.0,42713.0
1719242184.2312858,100.0,42713.0
1719242184.3877285,99.0,42713.0
1719242184.5596905,100.0,42713.0
1719242184.7403314,100.0,42713.0
1719242184.9143803,86.0,42713.0
1719242185.085873,86.0,42713.0
1719242185.2800584,0.0,42713.0
1719242185.4819453,0.0,42713.0
1719242185.6517568,0.0,42713.0
1719242185.8121176,0.0,42713.0
1719242185.9965549,0.0,42713.0
1719242186.1543996,0.0,42713.0
1719242186.319875,0.0,42713.0
1719242186.4908936,0.0,42713.0
1719242186.656468,0.0,42713.0
1719242186.8206303,0.0,42713.0
1719242187.0031,0.0,42713.0
1719242187.1894448,0.0,42713.0
1719242187.3650467,0.0,42713.0
1719242187.531327,0.0,42713.0
1719242187.782377,0.0,42713.0
1719242187.9953506,0.0,42713.0
1719242188.2430162,0.0,42713.0
1719242188.48038,0.0,42713.0
1719242188.6675332,0.0,42713.0
1719242188.830577,0.0,42713.0
1719242189.0150287,0.0,42713.0
1719242189.1820817,0.0,42713.0
1719242189.3583357,0.0,42713.0
1719242189.51156,0.0,42713.0
1719242189.6668677,0.0,42713.0
1719242189.820823,0.0,42713.0
1719242189.9828596,58.0,42713.0
1719242190.1410735,58.0,42713.0
1719242190.3041205,99.0,42713.0
1719242190.4760227,100.0,42713.0
1719242190.6573546,100.0,42713.0
1719242190.8439794,100.0,42713.0
1719242191.016039,55.0,42713.0
1719242191.2076766,0.0,42713.0
1719242191.3878536,0.0,42713.0
1719242191.5933022,0.0,42713.0
1719242191.7523837,0.0,42713.0
1719242191.9411616,0.0,42713.0
1719242192.1181083,0.0,42713.0
1719242192.28177,0.0,42713.0
1719242192.4482827,0.0,42713.0
1719242192.6313376,0.0,42713.0
1719242192.8234751,0.0,42713.0
1719242192.9976692,0.0,42713.0
1719242193.180249,0.0,42713.0
1719242193.4095242,0.0,42713.0
1719242193.5841367,0.0,42713.0
1719242193.8141077,0.0,42713.0
1719242194.0644538,0.0,42713.0
1719242194.248654,0.0,42713.0
1719242194.427547,0.0,42713.0
1719242194.6135244,0.0,42713.0
1719242194.7769597,0.0,42713.0
1719242194.9282515,0.0,42713.0
1719242195.0813756,0.0,42713.0
1719242195.2325065,7.0,42713.0
1719242195.3883452,100.0,42713.0
1719242195.5389464,100.0,42713.0
1719242195.7285416,99.0,42713.0
1719242195.9421313,100.0,42713.0
1719242196.1433647,100.0,42713.0
1719242196.3284616,19.0,42713.0
1719242196.5107725,0.0,42713.0
1719242196.7133758,0.0,42713.0
1719242196.8770328,0.0,42713.0
1719242197.0636017,0.0,42713.0
1719242197.2280314,0.0,42713.0
1719242197.3951278,0.0,42713.0
1719242197.551319,0.0,42713.0
1719242197.7353284,0.0,42713.0
1719242197.9108548,0.0,42713.0
1719242198.0907664,0.0,42713.0
1719242198.251631,0.0,42713.0
1719242198.483316,0.0,42713.0
1719242198.6866713,0.0,42713.0
1719242198.941135,0.0,42713.0
1719242199.1508508,0.0,42713.0
1719242199.3285441,0.0,42713.0
1719242199.4961462,0.0,42713.0
1719242199.6750195,0.0,42713.0
1719242199.8410363,0.0,42713.0
1719242199.9972262,0.0,42713.0
1719242200.1478264,0.0,42713.0
1719242200.3014786,0.0,42713.0
1719242200.459833,40.0,42713.0
1719242200.615296,100.0,42713.0
1719242200.7752976,99.0,42713.0
1719242200.9275103,100.0,42713.0
1719242201.1287792,100.0,42713.0
1719242201.3096056,100.0,42713.0
1719242201.476037,84.0,42713.0
1719242201.669822,0.0,42713.0
1719242201.846224,0.0,42713.0
1719242202.013554,0.0,42713.0
1719242202.1901474,0.0,42713.0
1719242202.3496509,0.0,42713.0
1719242202.5274475,0.0,42713.0
1719242202.682094,0.0,42713.0
1719242202.8513238,0.0,42713.0
1719242203.0224822,0.0,42713.0
1719242203.1846154,0.0,42713.0
1719242203.3759875,0.0,42713.0
1719242203.5421696,0.0,42713.0
1719242203.7014349,0.0,42713.0
1719242203.933762,0.0,42713.0
1719242204.1510198,0.0,42713.0
1719242204.393733,0.0,42713.0
1719242204.6524758,0.0,42713.0
1719242204.8227284,0.0,42713.0
1719242205.010183,0.0,42713.0
1719242205.1965384,0.0,42713.0
1719242205.3684113,0.0,42713.0
1719242205.5208702,0.0,42713.0
1719242205.6718254,0.0,42713.0
1719242205.822583,43.0,42713.0
1719242205.9757783,43.0,42713.0
1719242206.1268938,100.0,42713.0
1719242206.2815535,99.0,42713.0
1719242206.4755497,100.0,42713.0
1719242206.663854,100.0,42713.0
1719242206.8404474,76.0,42713.0
1719242207.012981,0.0,42713.0
1719242207.200402,0.0,42713.0
1719242207.3796918,0.0,42713.0
1719242207.541328,0.0,42713.0
1719242207.7092726,0.0,42713.0
1719242207.873904,0.0,42713.0
1719242208.0458517,0.0,42713.0
1719242208.2184772,0.0,42713.0
1719242208.3836148,0.0,42713.0
1719242208.5660596,0.0,42713.0
1719242208.7420118,0.0,42713.0
1719242208.930742,0.0,42713.0
1719242209.177675,0.0,42713.0
1719242209.4363465,0.0,42713.0
1719242209.6128256,0.0,42713.0
1719242209.8317091,0.0,42713.0
1719242209.9852564,0.0,42713.0
1719242210.1672091,0.0,42713.0
1719242210.3526728,0.0,42713.0
1719242210.519617,0.0,42713.0
1719242210.6717274,0.0,42713.0
1719242210.8231761,0.0,42713.0
1719242210.9826503,0.0,42713.0
1719242211.1339843,85.0,42713.0
1719242211.2874494,100.0,42713.0
1719242211.439567,99.0,42713.0
1719242211.6065335,100.0,42713.0
1719242211.7985137,100.0,42713.0
1719242211.9819188,100.0,42713.0
1719242212.214018,33.0,42713.0
1719242212.396769,0.0,42713.0
1719242212.5609448,0.0,42713.0
1719242212.7383158,0.0,42713.0
1719242212.9109216,0.0,42713.0
1719242213.0712583,0.0,42713.0
1719242213.2401474,0.0,42713.0
1719242213.4203992,0.0,42713.0
1719242213.5877044,0.0,42713.0
1719242213.774153,0.0,42713.0
1719242213.931377,0.0,42713.0
1719242214.1774833,0.0,42713.0
1719242214.3945312,0.0,42713.0
1719242214.6482682,0.0,42713.0
1719242214.8517702,0.0,42713.0
1719242215.0506132,0.0,42713.0
1719242215.2119985,0.0,42713.0
1719242215.3989427,0.0,42713.0
1719242215.588379,0.0,42713.0
1719242215.7398314,0.0,42713.0
1719242215.8936899,0.0,42713.0
1719242216.043988,0.0,42713.0
1719242216.203797,28.0,42713.0
1719242216.3634179,100.0,42713.0
1719242216.5182707,99.0,42713.0
1719242216.7034864,100.0,42713.0
1719242216.8834014,100.0,42713.0
1719242217.0664625,95.0,42713.0
1719242217.255284,0.0,42713.0
1719242217.4472506,0.0,42713.0
1719242217.6456323,0.0,42713.0
1719242217.8109527,0.0,42713.0
1719242217.9827611,0.0,42713.0
1719242218.1322007,0.0,42713.0
1719242218.2975671,0.0,42713.0
1719242218.4751852,0.0,42713.0
1719242218.6368873,0.0,42713.0
1719242218.821071,0.0,42713.0
1719242218.9954503,0.0,42713.0
1719242219.1759925,0.0,42713.0
1719242219.4193592,0.0,42713.0
1719242219.6345246,0.0,42713.0
1719242219.838836,0.0,42713.0
1719242220.0928245,0.0,42713.0
1719242220.2690892,0.0,42713.0
1719242220.448406,0.0,42713.0
1719242220.624526,0.0,42713.0
1719242220.7869685,0.0,42713.0
1719242220.938145,0.0,42713.0
1719242221.0909662,0.0,42713.0
1719242221.268683,0.0,42713.0
1719242221.420693,79.0,42713.0
1719242221.5739336,100.0,42713.0
1719242221.725229,99.0,42713.0
1719242221.9245462,100.0,42713.0
1719242222.1318042,100.0,42713.0
1719242222.2968335,37.0,42713.0
1719242222.4703279,0.0,42713.0
1719242222.6694865,0.0,42713.0
1719242222.8458679,0.0,42713.0
1719242223.0348818,0.0,42713.0
1719242223.204796,0.0,42713.0
1719242223.3693547,0.0,42713.0
1719242223.561909,0.0,42713.0
1719242223.759735,0.0,42713.0
1719242223.9535124,0.0,42713.0
1719242224.1280642,0.0,42713.0
1719242224.3767035,0.0,42713.0
1719242224.6051993,0.0,42713.0
1719242224.819474,0.0,42713.0
1719242225.012652,0.0,42713.0
1719242225.2101855,0.0,42713.0
1719242225.364949,0.0,42713.0
1719242225.5449557,0.0,42713.0
1719242225.7235844,0.0,42713.0
1719242225.897581,0.0,42713.0
1719242226.0511813,0.0,42713.0
1719242226.2031262,0.0,42713.0
1719242226.3569381,43.0,42713.0
1719242226.5175414,100.0,42713.0
1719242226.6740155,100.0,42713.0
1719242226.8338614,99.0,42713.0
1719242226.999097,100.0,42713.0
1719242227.1947732,100.0,42713.0
1719242227.3609252,77.0,42713.0
1719242227.5481417,0.0,42713.0
1719242227.724149,0.0,42713.0
1719242227.9210176,0.0,42713.0
1719242228.0745304,0.0,42713.0
1719242228.2464552,0.0,42713.0
1719242228.4135664,0.0,42713.0
1719242228.5772727,0.0,42713.0
1719242228.7587202,0.0,42713.0
1719242228.9259388,0.0,42713.0
1719242229.0920396,0.0,42713.0
1719242229.2812717,0.0,42713.0
1719242229.4718351,0.0,42713.0
1719242229.642666,0.0,42713.0
1719242229.812732,0.0,42713.0
1719242230.0586388,0.0,42713.0
1719242230.2610443,0.0,42713.0
1719242230.489631,0.0,42713.0
1719242230.7374992,0.0,42713.0
1719242230.9160173,0.0,42713.0
1719242231.0788336,0.0,42713.0
1719242231.262447,0.0,42713.0
1719242231.4466224,0.0,42713.0
1719242231.601867,0.0,42713.0
1719242231.7589858,0.0,42713.0
1719242231.9109921,0.0,42713.0
1719242232.0635796,41.0,42713.0
1719242232.2150505,100.0,42713.0
1719242232.3664043,100.0,42713.0
1719242232.5566254,100.0,42713.0
1719242232.735305,100.0,42713.0
1719242232.914817,83.0,42713.0
1719242233.1051219,0.0,42713.0
1719242233.2887044,0.0,42713.0
1719242233.4705377,0.0,42713.0
1719242233.6387289,0.0,42713.0
1719242233.8195767,0.0,42713.0
1719242233.9748366,0.0,42713.0
1719242234.1384513,0.0,42713.0
1719242234.3126886,0.0,42713.0
1719242234.4932568,0.0,42713.0
1719242234.6651874,0.0,42713.0
1719242234.8434117,0.0,42713.0
1719242235.0867746,0.0,42713.0
1719242235.2862933,0.0,42713.0
1719242235.5307844,0.0,42713.0
1719242235.791688,0.0,42713.0
1719242235.9684043,0.0,42713.0
1719242236.1459591,0.0,42713.0
1719242236.3160698,0.0,42713.0
1719242236.474124,0.0,42713.0
1719242236.6260939,0.0,42713.0
1719242236.7752292,0.0,42713.0
1719242236.9393966,0.0,42713.0
1719242237.0927556,92.0,42713.0
1719242237.2438366,100.0,42713.0
1719242237.4017034,99.0,42713.0
1719242237.6317391,100.0,42713.0
1719242237.812002,100.0,42713.0
1719242237.9948885,26.0,42713.0
1719242238.1843436,0.0,42713.0
1719242238.3800876,0.0,42713.0
1719242238.535689,0.0,42713.0
1719242238.7283707,0.0,42713.0
1719242238.8961244,0.0,42713.0
1719242239.0750494,0.0,42713.0
1719242239.25825,0.0,42713.0
1719242239.433053,0.0,42713.0
1719242239.6282623,0.0,42713.0
1719242239.789149,0.0,42713.0
1719242240.0134666,0.0,42713.0
1719242240.2415574,0.0,42713.0
1719242240.4643545,0.0,42713.0
1719242240.657683,0.0,42713.0
1719242240.8597403,0.0,42713.0
1719242241.0152779,0.0,42713.0
1719242241.182571,0.0,42713.0
1719242241.3667378,0.0,42713.0
1719242241.5240798,0.0,42713.0
1719242241.6840427,0.0,42713.0
1719242241.836732,5.0,42713.0
1719242241.9883227,5.0,42713.0
1719242242.18733,100.0,42713.0
1719242242.3775647,98.0,42713.0
1719242242.5650616,100.0,42713.0
1719242242.7422924,100.0,42713.0
1719242242.9219208,100.0,42713.0
1719242243.1371145,19.0,42713.0
1719242243.3160725,0.0,42713.0
1719242243.4803996,0.0,42713.0
1719242243.6797156,0.0,42713.0
1719242243.8473406,0.0,42713.0
1719242244.0197122,0.0,42713.0
1719242244.1958697,0.0,42713.0
1719242244.358416,0.0,42713.0
1719242244.536717,0.0,42713.0
1719242244.6932886,0.0,42713.0
1719242244.8651907,0.0,42713.0
1719242245.0942628,0.0,42713.0
1719242245.2856333,0.0,42713.0
1719242245.502679,0.0,42713.0
1719242245.7493055,0.0,42713.0
1719242245.932676,0.0,42713.0
1719242246.0976782,0.0,42713.0
1719242246.270158,0.0,42713.0
1719242246.4354153,0.0,42713.0
1719242246.6027687,0.0,42713.0
1719242246.756117,0.0,42713.0
1719242246.9110472,5.0,42713.0
1719242247.0631127,100.0,42713.0
1719242247.2136774,97.0,42713.0
1719242247.3682745,97.0,42713.0
1719242247.5376563,100.0,42713.0
1719242247.714677,100.0,42713.0
1719242247.893333,100.0,42713.0
1719242248.0706463,17.0,42713.0
1719242248.2555683,0.0,42713.0
1719242248.4441478,0.0,42713.0
1719242248.5997252,0.0,42713.0
1719242248.7865806,0.0,42713.0
1719242248.9470303,0.0,42713.0
1719242249.1206555,0.0,42713.0
1719242249.2996976,0.0,42713.0
1719242249.4590228,0.0,42713.0
1719242249.620215,0.0,42713.0
1719242249.7957153,0.0,42713.0
1719242249.9685214,0.0,42713.0
1719242250.1310759,0.0,42713.0
1719242250.398917,0.0,42713.0
1719242250.5894747,0.0,42713.0
1719242250.8457108,0.0,42713.0
1719242251.07488,0.0,42713.0
1719242251.2473817,0.0,42713.0
1719242251.4108872,0.0,42713.0
1719242251.6053956,0.0,42713.0
1719242251.7916775,0.0,42713.0
1719242251.9475198,0.0,42713.0
1719242252.0975351,0.0,42713.0
1719242252.2449868,0.0,42713.0
1719242252.4058363,1.0,42713.0
1719242252.556305,100.0,42713.0
1719242252.7101016,100.0,42713.0
1719242252.8789852,100.0,42713.0
1719242253.061431,100.0,42713.0
1719242253.2376015,100.0,42713.0
1719242253.4419696,19.0,42713.0
1719242253.6403358,0.0,42713.0
1719242253.7928722,0.0,42713.0
1719242253.9697125,0.0,42713.0
1719242254.1481256,0.0,42713.0
1719242254.3116937,0.0,42713.0
1719242254.4768841,0.0,42713.0
1719242254.644047,0.0,42713.0
1719242254.8146567,0.0,42713.0
1719242254.9891725,0.0,42713.0
1719242255.1472611,0.0,42713.0
1719242255.3973815,0.0,42713.0
1719242255.5717092,0.0,42713.0
1719242255.8211634,0.0,42713.0
1719242256.0525765,0.0,42713.0
1719242256.2354023,0.0,42713.0
1719242256.4289815,0.0,42713.0
1719242256.6192,0.0,42713.0
1719242256.7738457,0.0,42713.0
1719242256.9236164,0.0,42713.0
1719242257.0719464,0.0,42713.0
1719242257.2216384,8.0,42713.0
1719242257.5934734,99.0,42713.0
1719242257.7444243,100.0,42713.0
1719242257.9214969,100.0,42713.0
1719242258.1109235,100.0,42713.0
1719242258.287148,12.0,42713.0
1719242258.4530194,12.0,42713.0
1719242258.607368,0.0,42713.0
1719242258.7929702,0.0,42713.0
1719242258.9524405,0.0,42713.0
1719242259.143634,0.0,42713.0
1719242259.2999642,0.0,42713.0
1719242259.471783,0.0,42713.0
1719242259.641228,0.0,42713.0
1719242259.8013637,0.0,42713.0
1719242259.97021,0.0,42713.0
1719242260.2012837,0.0,42713.0
1719242260.4207454,0.0,42713.0
1719242260.5973136,0.0,42713.0
1719242260.792824,0.0,42713.0
1719242260.9711416,0.0,42713.0
1719242261.152731,0.0,42713.0
1719242261.3181,0.0,42713.0
1719242261.5030856,0.0,42713.0
1719242261.6918552,0.0,42713.0
1719242261.8525257,0.0,42713.0
1719242262.0043437,0.0,42713.0
1719242262.1545155,0.0,42713.0
1719242262.3112903,67.0,42713.0
1719242262.464226,67.0,42713.0
1719242262.6175888,100.0,42713.0
1719242262.8091474,99.0,42713.0
1719242262.9926822,100.0,42713.0
1719242263.1724458,100.0,42713.0
1719242263.335466,48.0,42713.0
1719242263.5102165,0.0,42713.0
1719242263.7055163,0.0,42713.0
1719242263.8620453,0.0,42713.0
1719242264.0499816,0.0,42713.0
1719242264.2011251,0.0,42713.0
1719242264.3591578,0.0,42713.0
1719242264.5435836,0.0,42713.0
1719242264.7127886,0.0,42713.0
1719242264.9024696,0.0,42713.0
1719242265.0646367,0.0,42713.0
1719242265.2927341,0.0,42713.0
1719242265.5128796,0.0,42713.0
1719242265.7270145,0.0,42713.0
1719242265.9209971,0.0,42713.0
1719242266.1162977,0.0,42713.0
1719242266.2883918,0.0,42713.0
1719242266.4631312,0.0,42713.0
1719242266.6349785,0.0,42713.0
1719242266.7915986,0.0,42713.0
1719242266.941025,0.0,42713.0
1719242267.0895977,0.0,42713.0
1719242267.242826,15.0,42713.0
1719242267.4224532,100.0,42713.0
1719242267.572388,99.0,42713.0
1719242267.7310638,100.0,42713.0
1719242267.9302933,100.0,42713.0
1719242268.1191468,100.0,42713.0
1719242268.2817698,100.0,42713.0
1719242268.5228903,7.0,42713.0
1719242268.7305408,0.0,42713.0
1719242268.8829088,0.0,42713.0
1719242269.056486,0.0,42713.0
1719242269.2125783,0.0,42713.0
1719242269.3756547,0.0,42713.0
1719242269.5737967,0.0,42713.0
1719242269.7522619,0.0,42713.0
1719242269.925064,0.0,42713.0
1719242270.0865905,0.0,42713.0
1719242270.3332908,0.0,42713.0
1719242270.5587509,0.0,42713.0
1719242270.8021748,0.0,42713.0
1719242271.0035796,0.0,42713.0
1719242271.1792295,0.0,42713.0
1719242271.3477175,0.0,42713.0
1719242271.5385323,0.0,42713.0
1719242271.707037,0.0,42713.0
1719242271.8610344,0.0,42713.0
1719242272.0202384,0.0,42713.0
1719242272.181449,19.0,42713.0
1719242272.341316,19.0,42713.0
1719242272.514595,100.0,42713.0
1719242272.6821575,95.0,42713.0
1719242272.8622227,100.0,42713.0
1719242273.042508,100.0,42713.0
1719242273.2247932,100.0,42713.0
1719242273.4087174,6.0,42713.0
1719242273.5613031,0.0,42713.0
1719242273.738526,0.0,42713.0
1719242273.9375944,0.0,42713.0
1719242274.099363,0.0,42713.0
1719242274.2637377,0.0,42713.0
1719242274.4238453,0.0,42713.0
1719242274.5864758,0.0,42713.0
1719242274.770864,0.0,42713.0
1719242274.9447088,0.0,42713.0
1719242275.134793,0.0,42713.0
1719242275.333709,0.0,42713.0
1719242275.585116,0.0,42713.0
1719242275.813389,0.0,42713.0
1719242275.9933064,0.0,42713.0
1719242276.2160056,0.0,42713.0
1719242276.3738074,0.0,42713.0
1719242276.5596328,0.0,42713.0
1719242276.725715,0.0,42713.0
1719242276.8916976,0.0,42713.0
1719242277.0408986,0.0,42713.0
1719242277.1899922,0.0,42713.0
1719242277.3358538,8.0,42713.0
1719242277.4877033,100.0,42713.0
1719242277.6351717,99.0,42713.0
1719242277.8174672,99.0,42713.0
1719242278.0104244,100.0,42713.0
1719242278.195605,100.0,42713.0
1719242278.3744245,13.0,42713.0
1719242278.5750337,0.0,42713.0
1719242278.7315786,0.0,42713.0
1719242278.9152899,0.0,42713.0
1719242279.0617595,0.0,42713.0
1719242279.2212813,0.0,42713.0
1719242279.3895524,0.0,42713.0
1719242279.6388311,0.0,42713.0
1719242279.8774395,0.0,42713.0
1719242280.0975432,0.0,42713.0
1719242280.3132524,0.0,42713.0
1719242280.4742436,0.0,42713.0
1719242280.6914477,0.0,42713.0
1719242280.8435488,0.0,42713.0
1719242281.0109625,0.0,42713.0
1719242281.1780272,0.0,42713.0
1719242281.333022,0.0,42713.0
1719242281.4810488,0.0,42713.0
1719242281.6271338,0.0,42713.0
1719242281.7770174,35.0,42713.0
1719242281.925255,100.0,42713.0
1719242282.0738685,99.0,42713.0
1719242282.2573462,100.0,42713.0
1719242282.42831,100.0,42713.0
1719242282.5956976,89.0,42713.0
1719242282.7747865,0.0,42713.0
1719242282.9808252,0.0,42713.0
1719242283.1592963,0.0,42713.0
1719242283.328916,0.0,42713.0
1719242283.477759,0.0,42713.0
1719242283.6594243,0.0,42713.0
1719242283.8278198,0.0,42713.0
1719242284.0098102,0.0,42713.0
1719242284.1947608,0.0,42713.0
1719242284.377701,0.0,42713.0
1719242284.6027508,0.0,42713.0
1719242284.8470669,0.0,42713.0
1719242285.0264547,0.0,42713.0
1719242285.2567906,0.0,42713.0
1719242285.4202034,0.0,42713.0
1719242285.6005337,0.0,42713.0
1719242285.7752845,0.0,42713.0
1719242285.925347,0.0,42713.0
1719242286.073558,0.0,42713.0
1719242286.2298503,0.0,42713.0
1719242286.3785481,69.0,42713.0
1719242286.5265725,100.0,42713.0
1719242286.6789896,99.0,42713.0
1719242286.8779368,100.0,42713.0
1719242287.0481417,100.0,42713.0
1719242287.2214966,46.0,42713.0
1719242287.404998,46.0,42713.0
1719242287.616816,0.0,42713.0
1719242287.8149166,0.0,42713.0
1719242287.9759688,0.0,42713.0
1719242288.1453755,0.0,42713.0
1719242288.315376,0.0,42713.0
1719242288.4899664,0.0,42713.0
1719242288.6610334,0.0,42713.0
1719242288.8380506,0.0,42713.0
1719242289.0909553,0.0,42713.0
1719242289.2784116,0.0,42713.0
1719242289.4947035,0.0,42713.0
1719242289.710203,0.0,42713.0
1719242289.8912764,0.0,42713.0
1719242290.0551567,0.0,42713.0
1719242290.2344632,0.0,42713.0
1719242290.4606717,0.0,42713.0
1719242290.6064036,0.0,42713.0
1719242290.756565,0.0,42713.0
1719242290.9395263,47.0,42713.0
1719242291.0897148,47.0,42713.0
1719242291.2386918,99.0,42713.0
1719242291.4196289,100.0,42713.0
1719242291.6433816,100.0,42713.0
1719242291.8174002,100.0,42713.0
1719242291.9844272,69.0,42713.0
1719242292.24455,0.0,42713.0
1719242292.4193408,0.0,42713.0
1719242292.5738037,0.0,42713.0
1719242292.734947,0.0,42713.0
1719242292.911004,0.0,42713.0
1719242293.0992622,0.0,42713.0
1719242293.332597,0.0,42713.0
1719242293.5478375,0.0,42713.0
1719242293.7774117,0.0,42713.0
1719242293.999838,0.0,42713.0
1719242294.1684253,0.0,42713.0
1719242294.388712,0.0,42713.0
1719242294.5544887,0.0,42713.0
1719242294.7335367,0.0,42713.0
1719242294.9083285,0.0,42713.0
1719242295.055624,0.0,42713.0
1719242295.20466,0.0,42713.0
1719242295.3534248,33.0,42713.0
1719242295.5034592,100.0,42713.0
1719242295.6542807,100.0,42713.0
1719242295.8079922,99.0,42713.0
1719242295.9776783,100.0,42713.0
1719242296.1503816,100.0,42713.0
1719242296.34246,90.0,42713.0
1719242296.5463061,0.0,42713.0
1719242296.7010825,0.0,42713.0
1719242296.879873,0.0,42713.0
1719242297.0362656,0.0,42713.0
1719242297.2075968,0.0,42713.0
1719242297.3840208,0.0,42713.0
1719242297.5500872,0.0,42713.0
1719242297.7338784,0.0,42713.0
1719242297.9367437,0.0,42713.0
1719242298.160523,0.0,42713.0
1719242298.3839614,0.0,42713.0
1719242298.6317365,0.0,42713.0
1719242298.8560421,0.0,42713.0
1719242299.0445158,0.0,42713.0
1719242299.2047324,0.0,42713.0
1719242299.3704038,0.0,42713.0
1719242299.5416112,0.0,42713.0
1719242299.6890755,0.0,42713.0
1719242299.8387043,0.0,42713.0
1719242299.9868298,53.0,42713.0
1719242300.1375978,53.0,42713.0
1719242300.2861466,99.0,42713.0
1719242300.5016742,100.0,42713.0
1719242300.6854193,100.0,42713.0
1719242300.870166,100.0,42713.0
1719242301.0528834,0.0,42713.0
1719242301.2593582,0.0,42713.0
1719242301.433013,0.0,42713.0
1719242301.5961287,0.0,42713.0
1719242301.775986,0.0,42713.0
1719242301.9484684,0.0,42713.0
1719242302.1165264,0.0,42713.0
1719242302.2854443,0.0,42713.0
1719242302.440718,0.0,42713.0
1719242302.661319,0.0,42713.0
1719242302.839786,0.0,42713.0
1719242303.0764644,0.0,42713.0
1719242303.3072534,0.0,42713.0
1719242303.4767349,0.0,42713.0
1719242303.6518252,0.0,42713.0
1719242303.824532,0.0,42713.0
1719242303.9717338,0.0,42713.0
1719242304.1256218,0.0,42713.0
1719242304.275469,0.0,42713.0
1719242304.422804,91.0,42713.0
1719242304.5703986,91.0,42713.0
1719242304.724644,100.0,42713.0
1719242304.900707,100.0,42713.0
1719242305.0798051,100.0,42713.0
1719242305.2581797,100.0,42713.0
1719242305.4336476,28.0,42713.0
1719242305.6082544,0.0,42713.0
1719242305.7945108,0.0,42713.0
1719242305.9854515,0.0,42713.0
1719242306.1396775,0.0,42713.0
1719242306.3104947,0.0,42713.0
1719242306.482257,0.0,42713.0
1719242306.650232,0.0,42713.0
1719242306.8247392,0.0,42713.0
1719242306.9772577,0.0,42713.0
1719242307.191787,0.0,42713.0
1719242307.3962483,0.0,42713.0
1719242307.6230762,0.0,42713.0
1719242307.834025,0.0,42713.0
1719242307.989467,0.0,42713.0
1719242308.1542802,0.0,42713.0
1719242308.3358526,0.0,42713.0
1719242308.508551,0.0,42713.0
1719242308.6553147,0.0,42713.0
1719242308.80366,0.0,42713.0
1719242308.9531944,64.0,42713.0
1719242309.1030152,64.0,42713.0
1719242309.2500398,100.0,42713.0
1719242309.4090703,99.0,42713.0
1719242309.5877373,100.0,42713.0
1719242309.7736135,100.0,42713.0
1719242309.9514072,50.0,42713.0
1719242310.1296065,50.0,42713.0
1719242310.3525515,0.0,42713.0
1719242310.5323496,0.0,42713.0
1719242310.700889,0.0,42713.0
1719242310.861425,0.0,42713.0
1719242311.022889,0.0,42713.0
1719242311.1858234,0.0,42713.0
1719242311.3656573,0.0,42713.0
1719242311.5285304,0.0,42713.0
1719242311.7520163,0.0,42713.0
1719242311.9715362,0.0,42713.0
1719242312.181306,0.0,42713.0
1719242312.358852,0.0,42713.0
1719242312.5631855,0.0,42713.0
1719242312.726873,0.0,42713.0
1719242312.903384,0.0,42713.0
1719242313.065157,0.0,42713.0
1719242313.2128131,0.0,42713.0
1719242313.359204,0.0,42713.0
1719242313.5071945,20.0,42713.0
1719242313.6550672,100.0,42713.0
1719242313.8018215,100.0,42713.0
1719242313.9681342,99.0,42713.0
1719242314.1714911,100.0,42713.0
1719242314.3716123,100.0,42713.0
1719242314.5501883,100.0,42713.0
1719242314.717899,2.0,42713.0
1719242314.913204,0.0,42713.0
1719242315.089543,0.0,42713.0
1719242315.2635942,0.0,42713.0
1719242315.4300327,0.0,42713.0
1719242315.6072974,0.0,42713.0
1719242315.7837515,0.0,42713.0
1719242315.9717522,0.0,42713.0
1719242316.1442652,0.0,42713.0
1719242316.3660283,0.0,42713.0
1719242316.5504808,0.0,42713.0
1719242316.7717814,0.0,42713.0
1719242316.967518,0.0,42713.0
1719242317.1541457,0.0,42713.0
1719242317.3103442,0.0,42713.0
1719242317.4802551,0.0,42713.0
1719242317.6377735,0.0,42713.0
1719242317.784709,0.0,42713.0
1719242317.9323125,0.0,42713.0
1719242318.0812676,59.0,42713.0
1719242318.2298243,59.0,42713.0
1719242318.3935387,99.0,42713.0
1719242318.570187,100.0,42713.0
1719242318.7578104,100.0,42713.0
1719242318.9369633,100.0,42713.0
1719242319.1295362,55.0,42713.0
1719242319.3971047,0.0,42713.0
1719242319.5565817,0.0,42713.0
1719242319.7372181,0.0,42713.0
1719242319.910857,0.0,42713.0
1719242320.112966,0.0,42713.0
1719242320.2849944,0.0,42713.0
1719242320.4645214,0.0,42713.0
1719242320.627452,0.0,42713.0
1719242320.8785055,0.0,42713.0
1719242321.0669963,0.0,42713.0
1719242321.2819722,0.0,42713.0
1719242321.5000165,0.0,42713.0
1719242321.6639583,0.0,42713.0
1719242321.832609,0.0,42713.0
1719242322.0010808,0.0,42713.0
1719242322.1534963,0.0,42713.0
1719242322.3047013,0.0,42713.0
1719242322.4727852,19.0,42713.0
1719242322.6215396,19.0,42713.0
1719242322.769331,100.0,42713.0
1719242322.9215872,99.0,42713.0
1719242323.1118548,100.0,42713.0
1719242323.3200593,100.0,42713.0
1719242323.5038497,100.0,42713.0
1719242323.6784701,2.0,42713.0
1719242323.8694112,0.0,42713.0
1719242324.0248713,0.0,42713.0
1719242324.2168074,0.0,42713.0
1719242324.3732266,0.0,42713.0
1719242324.525894,0.0,42713.0
1719242324.6987033,0.0,42713.0
1719242324.8731961,0.0,42713.0
1719242325.0422616,0.0,42713.0
1719242325.2715707,0.0,42713.0
1719242325.5164921,0.0,42713.0
1719242325.7356758,0.0,42713.0
1719242325.930858,0.0,42713.0
1719242326.1445956,0.0,42713.0
1719242326.2973976,0.0,42713.0
1719242326.481489,0.0,42713.0
1719242326.657092,0.0,42713.0
1719242326.8117359,0.0,42713.0
1719242326.9609509,0.0,42713.0
1719242327.111097,9.0,42713.0
1719242327.261238,9.0,42713.0
1719242327.4122605,100.0,42713.0
1719242327.565467,99.0,42713.0
1719242327.7480006,100.0,42713.0
1719242327.921123,100.0,42713.0
1719242328.1111503,100.0,42713.0
1719242328.2795732,13.0,42713.0
1719242328.4966216,0.0,42713.0
1719242328.653831,0.0,42713.0
1719242328.8265145,0.0,42713.0
1719242328.9798403,0.0,42713.0
1719242329.1548128,0.0,42713.0
1719242329.3314443,0.0,42713.0
1719242329.496543,0.0,42713.0
1719242329.6796901,0.0,42713.0
1719242329.8523078,0.0,42713.0
1719242330.0795052,0.0,42713.0
1719242330.342705,0.0,42713.0
1719242330.606445,0.0,42713.0
1719242330.864049,0.0,42713.0
1719242331.0535023,0.0,42713.0
1719242331.2355506,0.0,42713.0
1719242331.4172158,0.0,42713.0
1719242331.5728168,0.0,42713.0
1719242331.726312,0.0,42713.0
1719242331.8967483,0.0,42713.0
1719242332.0546327,100.0,42713.0
1719242332.228236,100.0,42713.0
1719242332.3899856,99.0,42713.0
1719242332.5766845,100.0,42713.0
1719242332.7536345,100.0,42713.0
1719242332.945448,66.0,42713.0
1719242333.1222677,0.0,42713.0
1719242333.3047624,0.0,42713.0
1719242333.4707189,0.0,42713.0
1719242333.6290212,0.0,42713.0
1719242333.7994916,0.0,42713.0
1719242333.9920282,0.0,42713.0
1719242334.1677961,0.0,42713.0
1719242334.341165,0.0,42713.0
1719242334.5145445,0.0,42713.0
1719242334.7400813,0.0,42713.0
1719242334.939258,0.0,42713.0
1719242335.1861622,0.0,42713.0
1719242335.4067411,0.0,42713.0
1719242335.5957541,0.0,42713.0
1719242335.7673514,0.0,42713.0
1719242335.9423032,0.0,42713.0
1719242336.089653,0.0,42713.0
1719242336.23967,0.0,42713.0
1719242336.390575,21.0,42713.0
1719242336.5394185,100.0,42713.0
1719242336.7085829,100.0,42713.0
1719242336.8875003,100.0,42713.0
1719242337.0654087,100.0,42713.0
1719242337.2335978,100.0,42713.0
1719242337.4194722,100.0,42713.0
1719242337.5833094,2.0,42713.0
1719242337.7554743,0.0,42713.0
1719242337.926112,0.0,42713.0
1719242338.0827963,0.0,42713.0
1719242338.2730896,0.0,42713.0
1719242338.4504085,0.0,42713.0
1719242338.6443682,0.0,42713.0
1719242338.811553,0.0,42713.0
1719242338.9724064,0.0,42713.0
1719242339.2028732,0.0,42713.0
1719242339.4190464,0.0,42713.0
1719242339.6387784,0.0,42713.0
1719242339.8390508,0.0,42713.0
1719242340.0187159,0.0,42713.0
1719242340.197379,0.0,42713.0
1719242340.3738403,0.0,42713.0
1719242340.5363207,0.0,42713.0
1719242340.6824942,0.0,42713.0
1719242340.8295176,0.0,42713.0
1719242340.9774182,0.0,42713.0
1719242341.1264803,100.0,42713.0
1719242341.2929046,99.0,42713.0
1719242341.4631226,99.0,42713.0
1719242341.7117257,100.0,42713.0
1719242341.9108226,36.0,42713.0
1719242342.1018004,36.0,42713.0
1719242342.2704558,0.0,42713.0
1719242342.436917,0.0,42713.0
1719242342.592433,0.0,42713.0
1719242342.7554984,0.0,42713.0
1719242342.9447665,0.0,42713.0
1719242343.1164691,0.0,42713.0
1719242343.2836773,0.0,42713.0
1719242343.4571905,0.0,42713.0
1719242343.6208777,0.0,42713.0
1719242343.8443854,0.0,42713.0
1719242344.0308485,0.0,42713.0
1719242344.2428935,0.0,42713.0
1719242344.4352043,0.0,42713.0
1719242344.6146224,0.0,42713.0
1719242344.7699258,0.0,42713.0
1719242344.9594252,0.0,42713.0
1719242345.1262743,0.0,42713.0
1719242345.2807124,0.0,42713.0
1719242345.4288723,0.0,42713.0
1719242345.578158,0.0,42713.0
1719242345.727447,45.0,42713.0
1719242345.8754969,100.0,42713.0
1719242346.0240178,99.0,42713.0
1719242346.2064996,100.0,42713.0
1719242346.3776085,100.0,42713.0
1719242346.5580087,71.0,42713.0
1719242346.7384596,0.0,42713.0
1719242346.9523876,0.0,42713.0
1719242347.1682227,0.0,42713.0
1719242347.327693,0.0,42713.0
1719242347.4870965,0.0,42713.0
1719242347.6507366,0.0,42713.0
1719242347.828864,0.0,42713.0
1719242348.0089114,0.0,42713.0
1719242348.2310615,0.0,42713.0
1719242348.463138,0.0,42713.0
1719242348.7111967,0.0,42713.0
1719242348.9235096,0.0,42713.0
1719242349.1138687,0.0,42713.0
1719242349.2939975,0.0,42713.0
1719242349.469418,0.0,42713.0
1719242349.6209466,0.0,42713.0
1719242349.7684126,0.0,42713.0
1719242349.9150207,0.0,42713.0
1719242350.068671,63.0,42713.0
1719242350.230158,100.0,42713.0
1719242350.3796475,99.0,42713.0
1719242350.5603266,100.0,42713.0
1719242350.7608156,100.0,42713.0
1719242350.928139,100.0,42713.0
1719242351.1102662,52.0,42713.0
1719242351.2846334,0.0,42713.0
1719242351.4475079,0.0,42713.0
1719242351.6327124,0.0,42713.0
1719242351.7811012,0.0,42713.0
1719242351.9491773,0.0,42713.0
1719242352.1252697,0.0,42713.0
1719242352.315092,0.0,42713.0
1719242352.4892392,0.0,42713.0
1719242352.6618595,0.0,42713.0
1719242352.8786907,0.0,42713.0
1719242353.083837,0.0,42713.0
1719242353.3014247,0.0,42713.0
1719242353.539568,0.0,42713.0
1719242353.699772,0.0,42713.0
1719242354.0281982,0.0,42713.0
1719242354.1787398,0.0,42713.0
1719242354.3281095,0.0,42713.0
1719242354.4784775,12.0,42713.0
1719242354.6293287,12.0,42713.0
1719242354.7780135,98.0,42713.0
1719242354.9695296,100.0,42713.0
1719242355.1631858,100.0,42713.0
1719242355.3346539,100.0,42713.0
1719242355.5134094,100.0,42713.0
1719242355.6903539,11.0,42713.0
1719242355.8756344,0.0,42713.0
1719242356.043537,0.0,42713.0
1719242356.1969705,0.0,42713.0
1719242356.3627057,0.0,42713.0
1719242356.537402,0.0,42713.0
1719242356.7117674,0.0,42713.0
1719242356.888934,0.0,42713.0
1719242357.0557945,0.0,42713.0
1719242357.3031647,0.0,42713.0
1719242357.5358322,0.0,42713.0
1719242357.7867267,0.0,42713.0
1719242358.0277348,0.0,42713.0
1719242358.2021718,0.0,42713.0
1719242358.3744724,0.0,42713.0
1719242358.5537975,0.0,42713.0
1719242358.705792,0.0,42713.0
1719242358.855826,0.0,42713.0
1719242359.0034373,0.0,42713.0
1719242359.1515257,42.0,42713.0
1719242359.2986846,100.0,42713.0
1719242359.4453962,99.0,42713.0
1719242359.6451995,99.0,42713.0
1719242359.8414195,100.0,42713.0
1719242360.0168889,78.0,42713.0
1719242360.2051156,0.0,42713.0
1719242360.424692,0.0,42713.0
1719242360.6008155,0.0,42713.0
1719242360.7564077,0.0,42713.0
1719242360.9217885,0.0,42713.0
1719242361.0846825,0.0,42713.0
1719242361.3074498,0.0,42713.0
1719242361.5521302,0.0,42713.0
1719242361.7656503,0.0,42713.0
1719242361.9806404,0.0,42713.0
1719242362.1414895,0.0,42713.0
1719242362.3374326,0.0,42713.0
1719242362.5318482,0.0,42713.0
1719242362.7304704,0.0,42713.0
1719242362.9284525,0.0,42713.0
1719242363.1005912,0.0,42713.0
1719242363.251123,0.0,42713.0
1719242363.401149,0.0,42713.0
1719242363.549116,12.0,42713.0
1719242363.7037284,100.0,42713.0
1719242363.8541873,100.0,42713.0
1719242364.036627,100.0,42713.0
1719242364.2273788,100.0,42713.0
1719242364.3978539,100.0,42713.0
1719242364.5748925,100.0,42713.0
1719242364.738864,10.0,42713.0
1719242364.9652202,0.0,42713.0
1719242365.135853,0.0,42713.0
1719242365.2913723,0.0,42713.0
1719242365.4775832,0.0,42713.0
1719242365.6590981,0.0,42713.0
1719242365.8320389,0.0,42713.0
1719242366.0092149,0.0,42713.0
1719242366.1694539,0.0,42713.0
1719242366.3957067,0.0,42713.0
1719242366.5874162,0.0,42713.0
1719242366.830369,0.0,42713.0
1719242367.075801,0.0,42713.0
1719242367.24149,0.0,42713.0
1719242367.412736,0.0,42713.0
1719242367.5866408,0.0,42713.0
1719242367.7372327,0.0,42713.0
1719242367.8908236,0.0,42713.0
1719242368.0392082,0.0,42713.0
1719242368.1884434,55.0,42713.0
1719242368.3437798,100.0,42713.0
1719242368.4958718,99.0,42713.0
1719242368.6934505,100.0,42713.0
1719242368.8747036,100.0,42713.0
1719242369.0497148,59.0,42713.0
1719242369.223856,59.0,42713.0
1719242369.4233603,0.0,42713.0
1719242369.5777485,0.0,42713.0
1719242369.7477207,0.0,42713.0
1719242369.9036455,0.0,42713.0
1719242370.0864043,0.0,42713.0
1719242370.2626626,0.0,42713.0
1719242370.4437876,0.0,42713.0
1719242370.6167324,0.0,42713.0
1719242370.7727473,0.0,42713.0
1719242370.9959693,0.0,42713.0
1719242371.1766303,0.0,42713.0
1719242371.400261,0.0,42713.0
1719242371.6130145,0.0,42713.0
1719242371.8043501,0.0,42713.0
1719242371.9801497,0.0,42713.0
1719242372.1484478,0.0,42713.0
1719242372.3137493,0.0,42713.0
1719242372.4619,0.0,42713.0
1719242372.6099172,0.0,42713.0
1719242372.7590277,62.0,42713.0
1719242372.907163,100.0,42713.0
1719242373.0685241,99.0,42713.0
1719242373.2594402,99.0,42713.0
1719242373.4374921,100.0,42713.0
1719242373.615595,100.0,42713.0
1719242373.7904832,52.0,42713.0
1719242374.010323,0.0,42713.0
1719242374.1621752,0.0,42713.0
1719242374.326591,0.0,42713.0
1719242374.486916,0.0,42713.0
1719242374.661421,0.0,42713.0
1719242374.8336353,0.0,42713.0
1719242375.0097377,0.0,42713.0
1719242375.1832411,0.0,42713.0
1719242375.3365054,0.0,42713.0
1719242375.5608985,0.0,42713.0
1719242375.753351,0.0,42713.0
1719242375.9937177,0.0,42713.0
1719242376.2333481,0.0,42713.0
1719242376.4155154,0.0,42713.0
1719242376.5993335,0.0,42713.0
1719242376.7765453,0.0,42713.0
1719242376.9269521,0.0,42713.0
1719242377.0766947,0.0,42713.0
1719242377.2252896,0.0,42713.0
1719242377.3747318,66.0,42713.0
1719242377.523582,100.0,42713.0
1719242377.6716833,100.0,42713.0
1719242377.833796,99.0,42713.0
1719242378.0153954,100.0,42713.0
1719242378.1893113,100.0,42713.0
1719242378.3687096,48.0,42713.0
1719242378.5434847,0.0,42713.0
1719242378.741495,0.0,42713.0
1719242378.912203,0.0,42713.0
1719242379.0675871,0.0,42713.0
1719242379.2356248,0.0,42713.0
1719242379.4350057,0.0,42713.0
1719242379.6251879,0.0,42713.0
1719242379.793194,0.0,42713.0
1719242379.9488437,0.0,42713.0
1719242380.1714935,0.0,42713.0
1719242380.3820577,0.0,42713.0
1719242380.6553533,0.0,42713.0
1719242380.8966887,0.0,42713.0
1719242381.0759907,0.0,42713.0
1719242381.2406554,0.0,42713.0
1719242381.422244,0.0,42713.0
1719242381.5744486,0.0,42713.0
1719242381.725212,0.0,42713.0
1719242381.873977,0.0,42713.0
1719242382.0235074,59.0,42713.0
1719242382.1756046,100.0,42713.0
1719242382.3268895,99.0,42713.0
1719242382.5278656,100.0,42713.0
1719242382.7073803,100.0,42713.0
1719242382.8742568,100.0,42713.0
1719242383.0457876,55.0,42713.0
1719242383.223319,0.0,42713.0
1719242383.3796942,0.0,42713.0
1719242383.561154,0.0,42713.0
1719242383.726628,0.0,42713.0
1719242383.8880146,0.0,42713.0
1719242384.0678673,0.0,42713.0
1719242384.241881,0.0,42713.0
1719242384.411526,0.0,42713.0
1719242384.5849411,0.0,42713.0
1719242384.9882631,0.0,42713.0
1719242385.236172,0.0,42713.0
1719242385.4691474,0.0,42713.0
1719242385.6566935,0.0,42713.0
1719242385.8317893,0.0,42713.0
1719242386.0038457,0.0,42713.0
1719242386.1576679,0.0,42713.0
1719242386.3073046,0.0,42713.0
1719242386.458504,0.0,42713.0
1719242386.6098883,0.0,42713.0
1719242386.759138,97.0,42713.0
1719242386.9462929,99.0,42713.0
1719242387.1552722,100.0,42713.0
1719242387.3379707,100.0,42713.0
1719242387.502825,100.0,42713.0
1719242387.6846783,22.0,42713.0
1719242387.8835475,0.0,42713.0
1719242388.0489132,0.0,42713.0
1719242388.2108355,0.0,42713.0
1719242388.3722043,0.0,42713.0
1719242388.525992,0.0,42713.0
1719242388.696448,0.0,42713.0
1719242388.869374,0.0,42713.0
1719242389.0305252,0.0,42713.0
1719242389.198864,0.0,42713.0
1719242389.4449134,0.0,42713.0
1719242389.6365888,0.0,42713.0
1719242389.8713098,0.0,42713.0
1719242390.1202216,0.0,42713.0
1719242390.2875588,0.0,42713.0
1719242390.4636962,0.0,42713.0
1719242390.630691,0.0,42713.0
1719242390.7795386,0.0,42713.0
1719242390.9287868,0.0,42713.0
1719242391.0792375,22.0,42713.0
1719242391.2293203,22.0,42713.0
1719242391.3822165,100.0,42713.0
1719242391.5316572,99.0,42713.0
1719242391.7006295,100.0,42713.0
1719242391.8829753,100.0,42713.0
1719242392.0534053,100.0,42713.0
1719242392.2293565,0.0,42713.0
1719242392.4372473,0.0,42713.0
1719242392.589486,0.0,42713.0
1719242392.765107,0.0,42713.0
1719242392.9232228,0.0,42713.0
1719242393.106341,0.0,42713.0
1719242393.282596,0.0,42713.0
1719242393.4594517,0.0,42713.0
1719242393.613171,0.0,42713.0
1719242393.8402305,0.0,42713.0
1719242394.0447445,0.0,42713.0
1719242394.274449,0.0,42713.0
1719242394.501337,0.0,42713.0
1719242394.6766758,0.0,42713.0
1719242394.8360322,0.0,42713.0
1719242395.0097566,0.0,42713.0
1719242395.1815019,0.0,42713.0
1719242395.3301675,0.0,42713.0
1719242395.4809933,0.0,42713.0
1719242395.63238,0.0,42713.0
1719242395.7809749,66.0,42713.0
1719242395.9297693,100.0,42713.0
1719242396.081652,99.0,42713.0
1719242396.2543201,100.0,42713.0
1719242396.4246712,100.0,42713.0
1719242396.6067615,48.0,42713.0
1719242396.779466,48.0,42713.0
1719242396.9613016,0.0,42713.0
1719242397.1156619,0.0,42713.0
1719242397.2901366,0.0,42713.0
1719242397.4405901,0.0,42713.0
1719242397.6014726,0.0,42713.0
1719242397.7749248,0.0,42713.0
1719242397.9651537,0.0,42713.0
1719242398.1374714,0.0,42713.0
1719242398.313567,0.0,42713.0
1719242398.5452342,0.0,42713.0
1719242398.7214763,0.0,42713.0
1719242398.943204,0.0,42713.0
1719242399.1394656,0.0,42713.0
1719242399.3325968,0.0,42713.0
1719242399.48926,0.0,42713.0
1719242399.6606517,0.0,42713.0
1719242399.8376791,0.0,42713.0
1719242399.9879482,0.0,42713.0
1719242400.142508,0.0,42713.0
1719242400.2909977,0.0,42713.0
1719242400.442619,9.0,42713.0
1719242400.5931742,100.0,42713.0
1719242400.7539709,99.0,42713.0
1719242400.9323032,100.0,42713.0
1719242401.1178255,100.0,42713.0
1719242401.307262,100.0,42713.0
1719242401.479796,12.0,42713.0
1719242401.6614022,12.0,42713.0
1719242401.8396165,0.0,42713.0
1719242402.004788,0.0,42713.0
1719242402.1633232,0.0,42713.0
1719242402.3232486,0.0,42713.0
1719242402.4992733,0.0,42713.0
1719242402.6800177,0.0,42713.0
1719242402.8495355,0.0,42713.0
1719242403.0045102,0.0,42713.0
1719242403.227443,0.0,42713.0
1719242403.4361923,0.0,42713.0
1719242403.649611,0.0,42713.0
1719242403.8402402,0.0,42713.0
1719242404.0421934,0.0,42713.0
1719242404.1973255,0.0,42713.0
1719242404.3875556,0.0,42713.0
1719242404.553018,0.0,42713.0
1719242404.7036,0.0,42713.0
1719242404.8532836,0.0,42713.0
1719242405.0033581,21.0,42713.0
1719242405.153127,100.0,42713.0
1719242405.302479,100.0,42713.0
1719242405.458228,99.0,42713.0
1719242405.6263647,100.0,42713.0
1719242405.815043,100.0,42713.0
1719242405.9912755,100.0,42713.0
1719242406.164219,1.0,42713.0
1719242406.3570228,0.0,42713.0
1719242406.5278537,0.0,42713.0
1719242406.7053535,0.0,42713.0
1719242406.8556376,0.0,42713.0
1719242407.01943,0.0,42713.0
1719242407.1917374,0.0,42713.0
1719242407.3735473,0.0,42713.0
1719242407.548644,0.0,42713.0
1719242407.7270799,0.0,42713.0
1719242407.9838564,0.0,42713.0
1719242408.1810758,0.0,42713.0
1719242408.411846,0.0,42713.0
1719242408.6495528,0.0,42713.0
1719242408.8022878,0.0,42713.0
1719242408.9936051,0.0,42713.0
1719242409.1666737,0.0,42713.0
1719242409.3155131,0.0,42713.0
1719242409.4648817,0.0,42713.0
1719242409.6144378,0.0,42713.0
1719242409.7649703,89.0,42713.0
1719242409.913651,89.0,42713.0
1719242410.0830603,99.0,42713.0
1719242410.2610066,100.0,42713.0
1719242410.4507952,100.0,42713.0
1719242410.6432045,30.0,42713.0
1719242410.850569,30.0,42713.0
1719242411.03293,0.0,42713.0
1719242411.189908,0.0,42713.0
1719242411.3681664,0.0,42713.0
1719242411.527689,0.0,42713.0
1719242411.6874652,0.0,42713.0
1719242411.8670673,0.0,42713.0
1719242412.0393999,0.0,42713.0
1719242412.2138696,0.0,42713.0
1719242412.3811297,0.0,42713.0
1719242412.605538,0.0,42713.0
1719242412.7946641,0.0,42713.0
1719242413.0391452,0.0,42713.0
1719242413.2837362,0.0,42713.0
1719242413.453797,0.0,42713.0
1719242413.639967,0.0,42713.0
1719242413.8290443,0.0,42713.0
1719242413.9780612,0.0,42713.0
1719242414.1269832,0.0,42713.0
1719242414.276327,0.0,42713.0
1719242414.4262292,70.0,42713.0
1719242414.5756772,100.0,42713.0
1719242414.7263572,98.0,42713.0
1719242414.9353414,100.0,42713.0
1719242415.1197557,100.0,42713.0
1719242415.3190188,46.0,42713.0
1719242415.4921293,0.0,42713.0
1719242415.6921682,0.0,42713.0
1719242415.8563175,0.0,42713.0
1719242416.021991,0.0,42713.0
1719242416.1956332,0.0,42713.0
1719242416.361283,0.0,42713.0
1719242416.5356386,0.0,42713.0
1719242416.7131174,0.0,42713.0
1719242416.8711233,0.0,42713.0
1719242417.1004395,0.0,42713.0
1719242417.301947,0.0,42713.0
1719242417.5563064,0.0,42713.0
1719242417.7892747,0.0,42713.0
1719242417.9803588,0.0,42713.0
1719242418.1432898,0.0,42713.0
1719242418.3201861,0.0,42713.0
1719242418.4804006,0.0,42713.0
1719242418.6334808,0.0,42713.0
1719242418.7821376,0.0,42713.0
1719242418.933131,18.0,42713.0
1719242419.0832562,100.0,42713.0
1719242419.24631,99.0,42713.0
1719242419.4396558,100.0,42713.0
1719242419.6344485,100.0,42713.0
1719242419.8053484,100.0,42713.0
1719242419.9816315,4.0,42713.0
1719242420.165753,0.0,42713.0
1719242420.3219545,0.0,42713.0
1719242420.501896,0.0,42713.0
1719242420.6567097,0.0,42713.0
1719242420.8132737,0.0,42713.0
1719242420.9864645,0.0,42713.0
1719242421.1620615,0.0,42713.0
1719242421.3324938,0.0,42713.0
1719242421.5560534,0.0,42713.0
1719242421.7808557,0.0,42713.0
1719242422.0097382,0.0,42713.0
1719242422.1768064,0.0,42713.0
1719242422.3976219,0.0,42713.0
1719242422.5547473,0.0,42713.0
1719242422.738204,0.0,42713.0
1719242422.9117184,0.0,42713.0
1719242423.0626354,0.0,42713.0
1719242423.21151,0.0,42713.0
1719242423.3600209,0.0,42713.0
1719242423.5128407,57.0,42713.0
1719242423.6674342,100.0,42713.0
1719242423.8155036,99.0,42713.0
1719242424.0204606,99.0,42713.0
1719242424.1953583,100.0,42713.0
1719242424.3666773,100.0,42713.0
1719242424.5850542,56.0,42713.0
1719242424.772513,0.0,42713.0
1719242424.935547,0.0,42713.0
1719242425.0960238,0.0,42713.0
1719242425.268842,0.0,42713.0
1719242425.447261,0.0,42713.0
1719242425.6336606,0.0,42713.0
1719242425.8058686,0.0,42713.0
1719242425.9623494,0.0,42713.0
1719242426.2192297,0.0,42713.0
1719242426.425366,0.0,42713.0
1719242426.6618977,0.0,42713.0
1719242426.8958535,0.0,42713.0
1719242427.07721,0.0,42713.0
1719242427.2442539,0.0,42713.0
1719242427.4167805,0.0,42713.0
1719242427.567534,0.0,42713.0
1719242427.7175019,0.0,42713.0
1719242427.865817,2.0,42713.0
1719242428.021844,100.0,42713.0
1719242428.175416,100.0,42713.0
1719242428.353257,100.0,42713.0
1719242428.5337396,99.0,42713.0
1719242428.7301195,100.0,42713.0
1719242428.8961523,100.0,42713.0
1719242429.0891757,18.0,42713.0
1719242429.2714784,0.0,42713.0
1719242429.4265525,0.0,42713.0
1719242429.59873,0.0,42713.0
1719242429.7581737,0.0,42713.0
1719242429.9263175,0.0,42713.0
1719242430.0963166,0.0,42713.0
1719242430.2683737,0.0,42713.0
1719242430.441538,0.0,42713.0
1719242430.6646159,0.0,42713.0
1719242430.8980203,0.0,42713.0
1719242431.1410186,0.0,42713.0
1719242431.324745,0.0,42713.0
1719242431.5097973,0.0,42713.0
1719242431.6698282,0.0,42713.0
1719242431.8376296,0.0,42713.0
1719242432.0052025,0.0,42713.0
1719242432.1717336,0.0,42713.0
1719242432.3223665,0.0,42713.0
1719242432.4726224,30.0,42713.0
1719242432.6252272,30.0,42713.0
1719242432.779065,100.0,42713.0
1719242432.9322762,95.0,42713.0
1719242433.116526,100.0,42713.0
1719242433.304627,100.0,42713.0
1719242433.4830382,97.0,42713.0
1719242433.66304,0.0,42713.0
1719242433.8752768,0.0,42713.0
1719242434.0321743,0.0,42713.0
1719242434.2075279,0.0,42713.0
1719242434.3781798,0.0,42713.0
1719242434.537964,0.0,42713.0
1719242434.7305944,0.0,42713.0
1719242434.8996973,0.0,42713.0
1719242435.0700254,0.0,42713.0
1719242435.3118443,0.0,42713.0
1719242435.5341432,0.0,42713.0
1719242435.763837,0.0,42713.0
1719242435.9887047,0.0,42713.0
1719242436.1825497,0.0,42713.0
1719242436.3424478,0.0,42713.0
1719242436.5248725,0.0,42713.0
1719242436.6812139,0.0,42713.0
1719242436.8294024,0.0,42713.0
1719242436.9793394,0.0,42713.0
1719242437.1293194,59.0,42713.0
1719242437.279143,59.0,42713.0
1719242437.42771,100.0,42713.0
1719242437.5957553,100.0,42713.0
1719242437.7864983,100.0,42713.0
1719242437.9693022,100.0,42713.0
1719242438.1549733,55.0,42713.0
1719242438.3228912,0.0,42713.0
1719242438.4840596,0.0,42713.0
1719242438.6568341,0.0,42713.0
1719242438.8173912,0.0,42713.0
1719242438.9838524,0.0,42713.0
1719242439.1692522,0.0,42713.0
1719242439.3480504,0.0,42713.0
1719242439.5212255,0.0,42713.0
1719242439.6789494,0.0,42713.0
1719242439.921469,0.0,42713.0
1719242440.1063304,0.0,42713.0
1719242440.368157,0.0,42713.0
1719242440.5942698,0.0,42713.0
1719242440.7592957,0.0,42713.0
1719242440.9351485,0.0,42713.0
1719242441.1179502,0.0,42713.0
1719242441.2696302,0.0,42713.0
1719242441.4183495,0.0,42713.0
1719242441.5672815,0.0,42713.0
1719242441.717907,90.0,42713.0
1719242441.8687696,90.0,42713.0
1719242442.0663445,99.0,42713.0
1719242442.2503278,100.0,42713.0
1719242442.425425,100.0,42713.0
1719242442.5996583,100.0,42713.0
1719242442.7828076,28.0,42713.0
1719242443.018901,0.0,42713.0
1719242443.2044835,0.0,42713.0
1719242443.3669732,0.0,42713.0
1719242443.5352793,0.0,42713.0
1719242443.7152162,0.0,42713.0
1719242443.8967493,0.0,42713.0
1719242444.1165566,0.0,42713.0
1719242444.3464928,0.0,42713.0
1719242444.5578508,0.0,42713.0
1719242444.7580624,0.0,42713.0
1719242444.9312768,0.0,42713.0
1719242445.140817,0.0,42713.0
1719242445.3019857,0.0,42713.0
1719242445.47832,0.0,42713.0
1719242445.6422982,0.0,42713.0
1719242445.793326,0.0,42713.0
1719242445.9425433,0.0,42713.0
1719242446.0943673,0.0,42713.0
1719242446.251999,63.0,42713.0
1719242446.414347,100.0,42713.0
1719242446.5765908,99.0,42713.0
1719242446.75764,100.0,42713.0
1719242446.9318311,100.0,42713.0
1719242447.116377,51.0,42713.0
1719242447.2851188,0.0,42713.0
1719242447.4914274,0.0,42713.0
1719242447.6575654,0.0,42713.0
1719242447.8192072,0.0,42713.0
1719242447.9791663,0.0,42713.0
1719242448.1569185,0.0,42713.0
1719242448.3357625,0.0,42713.0
1719242448.505685,0.0,42713.0
1719242448.6634393,0.0,42713.0
1719242448.9008286,0.0,42713.0
1719242449.107692,0.0,42713.0
1719242449.3484213,0.0,42713.0
1719242449.5441735,0.0,42713.0
1719242449.7132473,0.0,42713.0
1719242449.871226,0.0,42713.0
1719242450.0582032,0.0,42713.0
1719242450.2203965,0.0,42713.0
