timestamp,gpu_util,gpu_mem
1719326309.612844,0.0,4.0
1719326309.74491,0.0,4.0
1719326309.878828,0.0,4.0
1719326310.0140142,0.0,21.0
1719326310.1639926,0.0,633.0
1719326310.296811,7.0,633.0
1719326310.4263303,7.0,633.0
1719326310.5572805,0.0,633.0
1719326310.6849868,0.0,633.0
1719326310.811797,0.0,633.0
1719326310.9397106,0.0,633.0
1719326311.0681455,0.0,633.0
1719326311.1954167,0.0,633.0
1719326311.322636,0.0,633.0
1719326311.4499269,0.0,633.0
1719326311.5788014,0.0,633.0
1719326311.7069507,0.0,633.0
1719326311.8970888,0.0,633.0
1719326312.0372236,0.0,633.0
1719326312.17732,0.0,633.0
1719326312.318988,0.0,633.0
1719326312.4570365,0.0,633.0
1719326312.5940263,0.0,633.0
1719326312.7289956,0.0,633.0
1719326312.864813,0.0,633.0
1719326313.0025053,0.0,633.0
1719326313.1389759,0.0,633.0
1719326313.2695844,0.0,633.0
1719326313.4002192,0.0,633.0
1719326313.531038,0.0,633.0
1719326313.6598487,0.0,633.0
1719326313.7896447,0.0,633.0
1719326313.9201021,0.0,633.0
1719326314.0572417,0.0,633.0
1719326314.1934986,0.0,633.0
1719326314.3280587,0.0,633.0
1719326314.4596202,0.0,633.0
1719326314.5927408,0.0,633.0
1719326314.7292593,0.0,633.0
1719326314.8634167,0.0,633.0
1719326314.998633,0.0,633.0
1719326315.1297004,0.0,633.0
1719326315.264839,0.0,633.0
1719326315.400288,0.0,633.0
1719326315.5369356,0.0,633.0
1719326315.6740458,0.0,633.0
1719326315.8090415,0.0,633.0
1719326315.944416,0.0,633.0
1719326316.0801253,0.0,633.0
1719326316.2165833,0.0,633.0
1719326316.3530805,0.0,633.0
1719326316.4888408,0.0,633.0
1719326316.6315975,0.0,633.0
1719326316.7745435,0.0,633.0
1719326316.9144242,0.0,633.0
1719326317.0577898,0.0,633.0
1719326317.1972268,0.0,633.0
1719326317.338058,0.0,633.0
1719326317.4778893,0.0,633.0
1719326317.6165407,0.0,633.0
1719326317.7538283,0.0,633.0
1719326317.892455,0.0,633.0
1719326318.030322,0.0,633.0
1719326318.170447,0.0,633.0
1719326318.308674,0.0,633.0
1719326318.4474018,0.0,633.0
1719326318.587823,0.0,633.0
1719326318.726894,0.0,633.0
1719326318.8669598,0.0,633.0
1719326319.0042448,0.0,633.0
1719326319.1436052,0.0,633.0
1719326319.2841861,0.0,633.0
1719326319.4245112,0.0,633.0
1719326319.565547,0.0,633.0
1719326319.7028043,0.0,633.0
1719326319.8408053,0.0,633.0
1719326319.9768763,0.0,633.0
1719326320.1126199,0.0,633.0
1719326320.2490234,0.0,633.0
1719326320.3859212,0.0,633.0
1719326320.5202081,0.0,633.0
1719326320.6553097,0.0,633.0
1719326320.7927125,0.0,633.0
1719326320.931656,0.0,633.0
1719326321.0697958,0.0,633.0
1719326321.206392,0.0,633.0
1719326321.3446672,0.0,633.0
1719326321.480015,0.0,633.0
1719326321.615089,0.0,633.0
1719326321.7483902,0.0,633.0
1719326321.8835561,0.0,633.0
1719326322.0241854,0.0,633.0
1719326322.1647773,0.0,633.0
1719326322.3053713,0.0,633.0
1719326322.4439068,0.0,633.0
1719326322.5830047,0.0,633.0
1719326322.7205176,0.0,633.0
1719326322.857764,0.0,633.0
1719326322.9952803,0.0,633.0
1719326323.1339588,0.0,633.0
1719326323.2732077,0.0,633.0
1719326323.4105635,0.0,633.0
1719326323.5462425,0.0,633.0
1719326323.6834662,0.0,633.0
1719326323.8194213,0.0,633.0
1719326323.9543214,0.0,633.0
1719326324.0893118,0.0,633.0
1719326324.2266133,0.0,633.0
1719326324.360097,0.0,633.0
1719326324.4926875,0.0,633.0
1719326324.6285112,0.0,633.0
1719326324.7671447,0.0,633.0
1719326324.9054358,0.0,633.0
1719326325.042748,0.0,633.0
1719326325.1819332,0.0,633.0
1719326325.3204923,0.0,633.0
1719326325.4566972,0.0,633.0
1719326325.5946145,0.0,633.0
1719326325.7331512,0.0,633.0
1719326325.871526,0.0,633.0
1719326326.0086265,0.0,633.0
1719326326.1455526,0.0,633.0
1719326326.2823634,0.0,633.0
1719326326.4166958,0.0,633.0
1719326326.5512133,0.0,633.0
1719326326.6854992,0.0,633.0
1719326326.8199427,0.0,633.0
1719326326.9532542,0.0,633.0
1719326327.08723,0.0,633.0
1719326327.2192783,0.0,633.0
1719326327.3539896,0.0,633.0
1719326327.4870012,0.0,633.0
1719326327.6202898,0.0,633.0
1719326327.7534914,0.0,633.0
1719326327.8877666,0.0,633.0
1719326328.020959,0.0,633.0
1719326328.155395,0.0,633.0
1719326328.290474,0.0,633.0
1719326328.4265165,0.0,633.0
1719326328.5639453,0.0,633.0
1719326328.6979601,0.0,633.0
1719326328.835833,0.0,633.0
1719326328.971584,0.0,633.0
1719326329.1056325,0.0,633.0
1719326329.2414653,0.0,633.0
1719326329.3780704,0.0,633.0
1719326329.513871,0.0,633.0
1719326329.6502805,0.0,633.0
1719326329.7845771,0.0,633.0
1719326329.918479,0.0,633.0
1719326330.0533495,0.0,633.0
1719326330.1865726,0.0,633.0
1719326330.3234615,0.0,633.0
1719326330.462508,0.0,633.0
1719326330.5992792,0.0,633.0
1719326330.737577,0.0,633.0
1719326330.876628,0.0,633.0
1719326331.0130708,0.0,633.0
1719326331.1503897,0.0,633.0
1719326331.2905078,0.0,633.0
1719326331.4290247,0.0,633.0
1719326331.5663283,0.0,633.0
1719326331.704753,0.0,633.0
1719326331.8421588,0.0,633.0
1719326331.9792805,0.0,633.0
1719326332.1161113,0.0,633.0
1719326332.2569613,0.0,633.0
1719326332.3944614,0.0,633.0
1719326332.528661,0.0,633.0
1719326332.663677,0.0,633.0
1719326332.7993999,0.0,633.0
1719326332.9329667,0.0,633.0
1719326333.0682976,0.0,633.0
1719326333.207544,0.0,633.0
1719326333.345811,0.0,633.0
1719326333.4845057,0.0,633.0
1719326333.6242442,0.0,633.0
1719326333.7606728,0.0,633.0
1719326333.8975587,0.0,633.0
1719326334.0346742,0.0,633.0
1719326334.1724265,0.0,633.0
1719326334.315221,0.0,633.0
1719326334.4533997,0.0,633.0
1719326334.5906715,0.0,633.0
1719326334.727058,0.0,633.0
1719326334.8627682,0.0,633.0
1719326334.9964752,0.0,633.0
1719326335.1297467,0.0,633.0
1719326335.264182,0.0,633.0
1719326335.3984547,0.0,633.0
1719326335.5318239,0.0,633.0
1719326335.663131,0.0,633.0
1719326335.7963326,0.0,633.0
1719326335.9274278,0.0,633.0
1719326336.0601003,0.0,633.0
1719326336.1905649,0.0,633.0
1719326336.3221002,0.0,633.0
1719326336.45297,0.0,633.0
1719326336.5835001,0.0,633.0
1719326336.7154088,0.0,633.0
1719326336.8461397,0.0,633.0
1719326336.9771576,0.0,633.0
1719326337.1116028,0.0,633.0
1719326337.2471502,0.0,633.0
1719326337.3826606,0.0,633.0
1719326337.530044,0.0,633.0
1719326337.681585,0.0,633.0
1719326337.853108,0.0,633.0
1719326338.0152695,0.0,633.0
1719326338.1721888,0.0,633.0
1719326338.3393164,0.0,633.0
1719326338.4767878,0.0,633.0
1719326338.6376944,0.0,633.0
1719326338.785333,0.0,633.0
1719326338.9309793,0.0,633.0
1719326339.078837,0.0,633.0
1719326339.2419913,0.0,633.0
1719326339.4160602,0.0,633.0
1719326339.5776417,0.0,633.0
1719326339.7205448,0.0,633.0
1719326339.928327,0.0,633.0
1719326340.1365132,0.0,633.0
1719326340.3294961,0.0,633.0
1719326340.518678,0.0,633.0
1719326340.7142422,0.0,633.0
1719326340.8768244,0.0,633.0
1719326341.020313,0.0,633.0
1719326341.175585,0.0,633.0
1719326341.326039,0.0,633.0
1719326341.4609516,0.0,633.0
1719326341.5961888,0.0,633.0
1719326341.7309582,0.0,633.0
1719326341.8634222,0.0,633.0
1719326341.9943194,0.0,633.0
1719326342.1291618,0.0,633.0
1719326342.2623885,0.0,633.0
1719326342.3952632,0.0,633.0
1719326342.5574484,0.0,633.0
1719326342.7095866,0.0,633.0
1719326342.8617828,0.0,633.0
1719326343.0014606,0.0,633.0
1719326343.1613824,0.0,633.0
1719326343.3088531,0.0,633.0
1719326343.4736764,0.0,633.0
1719326343.6179767,0.0,633.0
1719326343.7780855,0.0,633.0
1719326343.9286478,0.0,633.0
1719326344.0816605,0.0,633.0
1719326344.234887,0.0,633.0
1719326344.3917243,0.0,633.0
1719326344.5420613,0.0,633.0
1719326344.7007864,0.0,633.0
1719326344.9617217,0.0,633.0
1719326345.1618798,0.0,633.0
1719326345.3510134,0.0,633.0
1719326345.5177786,0.0,633.0
1719326345.708806,0.0,633.0
1719326345.9352787,0.0,633.0
1719326346.1076033,0.0,633.0
1719326346.268778,0.0,633.0
1719326346.4041314,0.0,633.0
1719326346.5410874,0.0,633.0
1719326346.6774156,0.0,633.0
1719326346.8098423,0.0,633.0
1719326346.9440756,0.0,633.0
1719326347.0811384,0.0,633.0
1719326347.2180035,0.0,633.0
1719326347.3573015,0.0,633.0
1719326347.5018237,0.0,633.0
1719326347.658038,0.0,633.0
1719326347.812541,0.0,633.0
1719326347.975757,0.0,633.0
1719326348.1239862,0.0,633.0
1719326348.3111305,0.0,633.0
1719326348.4601405,0.0,633.0
1719326348.6147258,0.0,633.0
1719326348.7667682,0.0,633.0
1719326348.9145389,0.0,633.0
1719326349.0695298,0.0,633.0
1719326349.2248082,0.0,633.0
1719326349.3866663,0.0,633.0
1719326349.5341444,0.0,633.0
1719326349.724086,0.0,633.0
1719326349.9191203,0.0,633.0
1719326350.1091008,0.0,633.0
1719326350.2917013,0.0,633.0
1719326350.4355924,0.0,633.0
1719326350.601345,0.0,633.0
1719326350.741235,0.0,633.0
1719326350.897481,0.0,633.0
1719326351.0497782,0.0,633.0
1719326351.1925197,0.0,633.0
1719326351.32842,0.0,633.0
1719326351.4638197,0.0,633.0
1719326351.5986993,0.0,633.0
1719326351.7296894,0.0,633.0
1719326351.8620372,0.0,633.0
1719326351.9973602,0.0,633.0
1719326352.132966,0.0,633.0
1719326352.2688186,0.0,633.0
1719326352.4363549,0.0,633.0
1719326352.6059608,0.0,633.0
1719326352.7558475,0.0,633.0
1719326352.9269865,0.0,633.0
1719326353.0752275,0.0,633.0
1719326353.239663,0.0,633.0
1719326353.3835616,0.0,633.0
1719326353.5412972,0.0,633.0
1719326353.695159,0.0,633.0
1719326353.8420725,0.0,633.0
1719326354.0022783,0.0,633.0
1719326354.1518564,0.0,633.0
1719326354.3064892,0.0,633.0
1719326354.4614098,0.0,633.0
1719326354.631933,0.0,633.0
1719326354.8352296,0.0,633.0
1719326354.9911408,0.0,633.0
1719326355.1888056,0.0,633.0
1719326355.3292015,0.0,633.0
1719326355.5131316,0.0,633.0
1719326355.677792,0.0,633.0
1719326355.820212,0.0,633.0
1719326355.9855573,0.0,633.0
1719326356.1341133,0.0,633.0
1719326356.2716353,0.0,633.0
1719326356.4086072,0.0,633.0
1719326356.5424824,0.0,633.0
1719326356.675016,0.0,633.0
1719326356.8090837,0.0,633.0
1719326356.9451892,0.0,633.0
1719326357.0814564,0.0,633.0
1719326357.2576697,0.0,633.0
1719326357.4194217,0.0,633.0
1719326357.5817392,0.0,633.0
1719326357.7482274,0.0,633.0
1719326357.907654,0.0,633.0
1719326358.0626416,0.0,633.0
1719326358.209531,0.0,633.0
1719326358.366829,0.0,633.0
1719326358.5104916,0.0,633.0
1719326358.660931,0.0,633.0
1719326358.8107479,0.0,633.0
1719326358.9663393,0.0,633.0
1719326359.1212265,0.0,633.0
1719326359.279781,0.0,633.0
1719326359.4642043,0.0,633.0
1719326359.6518362,0.0,633.0
1719326359.795192,0.0,633.0
1719326359.977,0.0,633.0
1719326360.1176212,0.0,633.0
1719326360.3031585,0.0,633.0
1719326360.471009,0.0,633.0
1719326360.6122186,0.0,633.0
1719326360.755467,0.0,633.0
1719326360.915623,0.0,633.0
1719326361.0551596,0.0,633.0
1719326361.1893654,0.0,633.0
1719326361.3277478,0.0,633.0
1719326361.4627447,0.0,633.0
1719326361.5935776,0.0,633.0
1719326361.7311454,0.0,633.0
1719326361.867921,0.0,633.0
1719326362.0059998,0.0,633.0
1719326362.167325,0.0,633.0
1719326362.326553,0.0,633.0
1719326362.5022497,0.0,633.0
1719326362.664972,0.0,633.0
1719326362.827233,0.0,633.0
1719326363.0107086,0.0,633.0
1719326363.1768882,0.0,633.0
1719326363.3362613,0.0,633.0
1719326363.482584,0.0,633.0
1719326363.6245956,0.0,633.0
1719326363.772685,0.0,633.0
1719326363.932698,0.0,633.0
1719326364.0940108,0.0,633.0
1719326364.2342763,0.0,633.0
1719326364.437927,0.0,633.0
1719326364.6424236,0.0,633.0
1719326364.826578,0.0,633.0
1719326365.007051,0.0,633.0
1719326365.204202,0.0,633.0
1719326365.381097,0.0,633.0
1719326365.5401976,0.0,633.0
1719326365.7022457,0.0,633.0
1719326365.8477814,0.0,633.0
1719326365.983621,0.0,633.0
1719326366.1192358,0.0,633.0
1719326366.2533116,0.0,633.0
1719326366.3846905,0.0,633.0
1719326366.514765,0.0,633.0
1719326366.6510396,0.0,633.0
1719326366.7845848,0.0,633.0
1719326366.9216425,0.0,633.0
1719326367.0696337,0.0,633.0
1719326367.2218711,0.0,633.0
1719326367.3943324,0.0,633.0
1719326367.559841,0.0,633.0
1719326367.7334378,0.0,633.0
1719326367.8921545,0.0,633.0
1719326368.0340748,0.0,633.0
1719326368.1886666,0.0,633.0
1719326368.3361104,0.0,633.0
1719326368.486447,0.0,633.0
1719326368.6404786,0.0,633.0
1719326368.8102434,0.0,633.0
1719326368.9785903,0.0,633.0
1719326369.1212196,0.0,633.0
1719326369.3296642,0.0,633.0
1719326369.526993,0.0,633.0
1719326369.730572,0.0,633.0
1719326369.8941808,0.0,633.0
1719326370.0779467,0.0,633.0
1719326370.243085,0.0,633.0
1719326370.387706,0.0,633.0
1719326370.5377176,0.0,633.0
1719326370.7017493,0.0,633.0
1719326370.837994,0.0,633.0
1719326370.9780457,0.0,633.0
1719326371.120462,0.0,633.0
1719326371.2527146,0.0,633.0
1719326371.3831863,0.0,633.0
1719326371.5186949,0.0,633.0
1719326371.6533895,0.0,633.0
1719326371.839287,0.0,633.0
1719326372.016836,0.0,633.0
1719326372.1808503,0.0,633.0
1719326372.337943,0.0,633.0
1719326372.49923,0.0,633.0
1719326372.6834996,0.0,633.0
1719326372.8216267,0.0,633.0
1719326372.9816504,0.0,633.0
1719326373.1301205,0.0,633.0
1719326373.2742097,0.0,633.0
1719326373.4167392,0.0,633.0
1719326373.564174,0.0,633.0
1719326373.7262504,0.0,633.0
1719326373.875458,0.0,633.0
1719326374.067765,0.0,633.0
1719326374.2653537,0.0,633.0
1719326374.4779253,0.0,633.0
1719326374.6685998,0.0,633.0
1719326374.852639,0.0,633.0
1719326375.034017,0.0,633.0
1719326375.176659,0.0,633.0
1719326375.3352852,0.0,633.0
1719326375.475451,0.0,633.0
1719326375.6120775,0.0,633.0
1719326375.7483108,0.0,633.0
1719326375.882856,0.0,633.0
1719326376.016639,0.0,633.0
1719326376.1528876,0.0,633.0
1719326376.2870495,0.0,633.0
1719326376.4254653,0.0,633.0
1719326376.5724776,0.0,633.0
1719326376.7246325,0.0,633.0
1719326376.8899224,0.0,633.0
1719326377.055456,0.0,633.0
1719326377.2184114,0.0,633.0
1719326377.3948174,0.0,633.0
1719326377.5355628,0.0,633.0
1719326377.6908906,0.0,633.0
1719326377.827508,0.0,633.0
1719326377.9866345,0.0,633.0
1719326378.1554396,0.0,633.0
1719326378.3388343,0.0,633.0
1719326378.5040865,0.0,633.0
1719326378.6471949,0.0,633.0
1719326378.8555086,0.0,633.0
1719326379.0590875,0.0,633.0
1719326379.2649362,0.0,633.0
1719326379.4369562,0.0,633.0
1719326379.6268137,0.0,633.0
1719326379.8106542,0.0,633.0
1719326379.9709823,0.0,633.0
1719326380.1274981,0.0,633.0
1719326380.2687008,0.0,633.0
1719326380.4078476,0.0,633.0
1719326380.5470855,0.0,633.0
1719326380.6827676,0.0,633.0
1719326380.818946,0.0,633.0
1719326380.9518313,0.0,633.0
1719326381.0896242,0.0,633.0
1719326381.2273235,0.0,633.0
1719326381.365925,0.0,633.0
1719326381.5369868,0.0,633.0
1719326381.7092688,0.0,633.0
1719326381.8613734,0.0,633.0
1719326382.0490594,0.0,633.0
1719326382.2227612,0.0,633.0
1719326382.3695476,0.0,633.0
1719326382.5378022,0.0,633.0
1719326382.6824353,0.0,633.0
1719326382.8295999,0.0,633.0
1719326382.9706502,0.0,633.0
1719326383.1303506,0.0,633.0
1719326383.2963936,0.0,633.0
1719326383.4537013,0.0,633.0
1719326383.6067524,0.0,633.0
1719326383.7999463,0.0,633.0
1719326384.0035102,0.0,633.0
1719326384.1804137,0.0,633.0
1719326384.3371818,0.0,633.0
1719326384.5346005,0.0,633.0
1719326384.692915,0.0,633.0
1719326384.845939,0.0,633.0
1719326385.0145762,0.0,633.0
1719326385.1731,0.0,633.0
1719326385.3110027,0.0,633.0
1719326385.4467952,0.0,633.0
1719326385.5797608,0.0,633.0
1719326385.7099018,0.0,633.0
1719326385.8430047,0.0,633.0
1719326385.9791076,0.0,633.0
1719326386.1134603,0.0,633.0
1719326386.249463,0.0,633.0
1719326386.3947546,0.0,633.0
1719326386.5489142,0.0,633.0
1719326386.7100732,0.0,633.0
1719326386.8711183,0.0,633.0
1719326387.0321987,0.0,633.0
1719326387.2038355,0.0,633.0
1719326387.3490407,0.0,633.0
1719326387.5071003,0.0,633.0
1719326387.6466017,0.0,633.0
1719326387.803227,0.0,633.0
1719326387.9583924,0.0,633.0
1719326388.1151977,0.0,633.0
1719326388.2674243,0.0,633.0
1719326388.4151611,0.0,633.0
1719326388.6076996,0.0,633.0
1719326388.8097055,0.0,633.0
1719326388.9849114,0.0,633.0
1719326389.1835663,0.0,633.0
1719326389.3867135,0.0,633.0
1719326389.548807,0.0,633.0
1719326389.701632,0.0,633.0
1719326389.8705,0.0,633.0
1719326390.0181208,0.0,633.0
1719326390.152316,0.0,633.0
1719326390.288318,0.0,633.0
1719326390.427038,0.0,633.0
1719326390.5607047,0.0,633.0
1719326390.693916,0.0,633.0
1719326390.8285465,0.0,633.0
1719326390.9637573,0.0,633.0
1719326391.1465604,0.0,633.0
1719326391.318914,0.0,633.0
1719326391.4723861,0.0,633.0
1719326391.623752,0.0,633.0
1719326391.7718384,0.0,633.0
1719326391.9485571,0.0,633.0
1719326392.0927696,0.0,633.0
1719326392.251385,0.0,633.0
1719326392.409089,0.0,633.0
1719326392.5592654,0.0,633.0
1719326392.7364776,0.0,633.0
1719326392.8948493,0.0,633.0
1719326393.0582743,0.0,633.0
1719326393.2153208,0.0,633.0
1719326393.4098244,0.0,633.0
1719326393.6082206,0.0,633.0
1719326393.8065283,0.0,633.0
1719326394.010478,0.0,633.0
1719326394.20445,0.0,633.0
1719326394.3498774,0.0,633.0
1719326394.501342,0.0,633.0
1719326394.654361,0.0,633.0
1719326394.8092546,0.0,633.0
1719326394.951308,0.0,633.0
1719326395.0840218,0.0,633.0
1719326395.2173495,0.0,633.0
1719326395.3498955,0.0,633.0
1719326395.4799244,0.0,633.0
1719326395.6129868,0.0,633.0
1719326395.7462707,0.0,633.0
1719326395.8786156,0.0,633.0
1719326396.028313,0.0,633.0
1719326396.1946754,0.0,633.0
1719326396.3461006,0.0,633.0
1719326396.500084,0.0,633.0
1719326396.6662707,0.0,633.0
1719326396.8204079,0.0,633.0
1719326396.9821987,0.0,633.0
1719326397.1239479,0.0,633.0
1719326397.287274,0.0,633.0
1719326397.4306831,0.0,633.0
1719326397.5861483,0.0,633.0
1719326397.7374303,0.0,633.0
1719326397.8906384,0.0,633.0
1719326398.058615,0.0,633.0
1719326398.1977682,0.0,633.0
1719326398.4010038,0.0,633.0
1719326398.6043925,0.0,633.0
1719326398.789913,0.0,633.0
1719326398.9755156,0.0,633.0
1719326399.1765013,0.0,633.0
1719326399.3451374,0.0,633.0
1719326399.5053697,0.0,633.0
1719326399.6557646,0.0,633.0
1719326399.8033557,0.0,633.0
1719326399.9373863,0.0,633.0
1719326400.0749402,0.0,633.0
1719326400.2100677,0.0,633.0
1719326400.3430502,0.0,633.0
1719326400.4751427,0.0,633.0
1719326400.610403,0.0,633.0
1719326400.7448928,0.0,633.0
1719326400.9108748,0.0,633.0
1719326401.0723197,0.0,633.0
1719326401.2537057,0.0,633.0
1719326401.4083555,0.0,633.0
1719326401.5695662,0.0,633.0
1719326401.7651618,0.0,633.0
1719326401.910386,0.0,633.0
1719326402.0735304,0.0,633.0
1719326402.2230518,0.0,633.0
1719326402.3691869,0.0,633.0
1719326402.5434046,0.0,633.0
1719326402.7072568,0.0,633.0
1719326402.86377,0.0,633.0
1719326403.0207746,0.0,633.0
1719326403.2270343,0.0,633.0
1719326403.4307249,0.0,633.0
1719326403.639746,0.0,633.0
1719326403.8354971,0.0,633.0
1719326404.0219953,0.0,633.0
1719326404.1787844,0.0,633.0
1719326404.3219802,0.0,633.0
1719326404.4712405,0.0,633.0
1719326404.628547,0.0,633.0
1719326404.766131,0.0,633.0
1719326404.9048786,0.0,633.0
1719326405.0378978,0.0,633.0
1719326405.1692302,0.0,633.0
1719326405.3030841,0.0,633.0
1719326405.4388232,0.0,633.0
1719326405.5747106,0.0,633.0
1719326405.7174118,0.0,633.0
1719326405.8892686,0.0,633.0
1719326406.0508537,0.0,633.0
1719326406.2124119,0.0,633.0
1719326406.3933299,0.0,633.0
1719326406.5637064,0.0,633.0
1719326406.6998165,0.0,633.0
1719326406.8489106,0.0,633.0
1719326406.9921772,0.0,633.0
1719326407.1376657,0.0,633.0
1719326407.277712,0.0,633.0
1719326407.434043,0.0,633.0
1719326407.5992978,0.0,633.0
1719326407.7591283,0.0,633.0
1719326407.9046195,0.0,633.0
1719326408.0945737,0.0,633.0
1719326408.2920208,0.0,633.0
1719326408.4929628,0.0,633.0
1719326408.6486938,0.0,633.0
1719326408.8369334,0.0,633.0
1719326408.9878218,0.0,633.0
1719326409.1346865,0.0,633.0
1719326409.2894416,0.0,633.0
1719326409.4664028,0.0,633.0
1719326409.6006272,0.0,633.0
1719326409.7358253,0.0,633.0
1719326409.8709292,0.0,633.0
1719326410.0035384,0.0,633.0
1719326410.133592,0.0,633.0
1719326410.2688308,0.0,633.0
1719326410.4071836,0.0,633.0
1719326410.543015,0.0,633.0
1719326410.6990871,0.0,633.0
1719326410.8481395,0.0,633.0
1719326411.0099666,0.0,633.0
1719326411.1663072,0.0,633.0
1719326411.3241775,0.0,633.0
1719326411.5161762,0.0,633.0
1719326411.660308,0.0,633.0
1719326411.8258302,0.0,633.0
1719326411.9660249,0.0,633.0
1719326412.1217132,0.0,633.0
1719326412.271093,0.0,633.0
1719326412.4130657,0.0,633.0
1719326412.567381,0.0,633.0
1719326412.7162504,0.0,633.0
1719326412.9173179,0.0,633.0
1719326413.1072862,0.0,633.0
1719326413.284584,0.0,633.0
1719326413.4856987,0.0,633.0
1719326413.6695886,0.0,633.0
1719326413.8240466,0.0,633.0
1719326413.9781928,0.0,633.0
1719326414.1470137,0.0,633.0
1719326414.289389,0.0,633.0
1719326414.4575713,0.0,633.0
1719326414.5944781,0.0,633.0
1719326414.731249,0.0,633.0
1719326414.8670745,0.0,633.0
1719326414.998346,0.0,633.0
1719326415.1340623,0.0,633.0
1719326415.2694497,0.0,633.0
1719326415.4047642,0.0,633.0
1719326415.5619793,0.0,633.0
1719326415.7320032,0.0,633.0
1719326415.8853095,0.0,633.0
1719326416.0500274,0.0,633.0
1719326416.2205102,0.0,633.0
1719326416.396947,0.0,633.0
1719326416.5436513,0.0,633.0
1719326416.7029424,0.0,633.0
1719326416.8419626,0.0,633.0
1719326416.9867244,0.0,633.0
1719326417.147461,0.0,633.0
1719326417.2944715,0.0,633.0
1719326417.4583764,0.0,633.0
1719326417.6075385,0.0,633.0
1719326417.7578433,0.0,633.0
1719326417.9585772,0.0,633.0
1719326418.1151595,0.0,633.0
1719326418.3176732,0.0,633.0
1719326418.4776187,0.0,633.0
1719326418.64992,0.0,633.0
1719326418.8051682,0.0,633.0
1719326418.957883,0.0,633.0
1719326419.1310723,0.0,633.0
1719326419.2795699,0.0,633.0
1719326419.4151375,0.0,633.0
1719326419.553676,0.0,633.0
1719326419.6867528,0.0,633.0
1719326419.818715,0.0,633.0
1719326419.947207,0.0,633.0
1719326420.0819664,0.0,633.0
1719326420.2158897,0.0,633.0
1719326420.353168,0.0,633.0
1719326420.5020342,0.0,633.0
1719326420.6693614,0.0,633.0
1719326420.8350053,0.0,633.0
1719326420.995838,0.0,633.0
1719326421.1500216,0.0,633.0
1719326421.3330693,0.0,633.0
1719326421.485106,0.0,633.0
1719326421.6335857,0.0,633.0
1719326421.7801352,0.0,633.0
1719326421.9326093,0.0,633.0
1719326422.094001,0.0,633.0
1719326422.2552695,0.0,633.0
1719326422.4125774,0.0,633.0
1719326422.5524788,0.0,633.0
1719326422.7423518,0.0,633.0
1719326422.9350162,0.0,633.0
1719326423.1332116,0.0,633.0
1719326423.3329704,0.0,633.0
1719326423.5163586,0.0,633.0
1719326423.6861298,0.0,633.0
1719326423.8400981,0.0,633.0
1719326424.0121982,0.0,633.0
1719326424.1631975,0.0,633.0
1719326424.2966657,0.0,633.0
1719326424.429721,0.0,633.0
1719326424.561773,0.0,633.0
1719326424.6919477,0.0,633.0
1719326424.8232758,0.0,633.0
1719326424.9588432,0.0,633.0
1719326425.0915186,0.0,633.0
1719326425.2305572,0.0,633.0
1719326425.415735,0.0,633.0
1719326425.5721552,0.0,633.0
1719326425.719967,0.0,633.0
1719326425.8803484,0.0,633.0
1719326426.0225685,0.0,633.0
1719326426.1978836,0.0,633.0
1719326426.3421836,0.0,633.0
1719326426.4971778,0.0,633.0
1719326426.6415458,0.0,633.0
1719326426.7856035,0.0,633.0
1719326426.9453516,0.0,633.0
1719326427.1246574,0.0,633.0
1719326427.284369,0.0,633.0
1719326427.4250605,0.0,633.0
1719326427.6282709,0.0,633.0
1719326427.8282728,0.0,633.0
1719326428.010748,0.0,633.0
1719326428.1762683,0.0,633.0
1719326428.35424,0.0,633.0
1719326428.519129,0.0,633.0
1719326428.672649,0.0,633.0
1719326428.8312545,0.0,633.0
1719326428.9916406,0.0,633.0
1719326429.1279855,0.0,633.0
1719326429.2663584,0.0,633.0
1719326429.4015665,0.0,633.0
1719326429.5371044,0.0,633.0
1719326429.6712048,0.0,633.0
1719326429.8082237,0.0,633.0
1719326429.9433725,0.0,633.0
1719326430.110513,0.0,633.0
1719326430.2770545,0.0,633.0
1719326430.4262593,0.0,633.0
1719326430.5819373,0.0,633.0
1719326430.7365139,0.0,633.0
1719326430.9163747,0.0,633.0
1719326431.058423,0.0,633.0
1719326431.2217517,0.0,633.0
1719326431.3634984,0.0,633.0
1719326431.5233696,0.0,633.0
1719326431.6815982,0.0,633.0
1719326431.8352077,0.0,633.0
1719326432.00579,0.0,633.0
1719326432.1645725,0.0,633.0
1719326432.3172927,0.0,633.0
1719326432.536995,0.0,633.0
1719326432.6930826,0.0,633.0
1719326432.8943567,0.0,633.0
1719326433.0456684,0.0,633.0
1719326433.2295723,0.0,633.0
1719326433.3789883,0.0,633.0
1719326433.5290802,0.0,633.0
1719326433.6828797,0.0,633.0
1719326433.8430932,0.0,633.0
1719326433.9784346,0.0,633.0
1719326434.1142168,0.0,633.0
1719326434.2496357,0.0,633.0
1719326434.3807065,0.0,633.0
1719326434.5163732,0.0,633.0
1719326434.6523547,0.0,633.0
1719326434.7866683,0.0,633.0
1719326434.939984,0.0,633.0
1719326435.1061375,0.0,633.0
1719326435.2584517,0.0,633.0
1719326435.4180617,0.0,633.0
1719326435.5825422,0.0,633.0
1719326435.7549937,0.0,633.0
1719326435.895789,0.0,633.0
1719326436.0494525,0.0,633.0
1719326436.1884544,0.0,633.0
1719326436.3403115,0.0,633.0
1719326436.4961617,0.0,633.0
1719326436.7004478,0.0,633.0
1719326436.902392,0.0,633.0
1719326437.0630636,0.0,633.0
1719326437.260147,0.0,633.0
1719326437.4285347,0.0,633.0
1719326437.5830827,0.0,633.0
1719326437.7872918,0.0,633.0
1719326437.9565358,0.0,633.0
1719326438.1135583,0.0,633.0
1719326438.2677126,0.0,633.0
1719326438.4312384,0.0,633.0
1719326438.566285,0.0,633.0
1719326438.7022736,0.0,633.0
1719326438.8354032,0.0,633.0
1719326438.967245,0.0,633.0
1719326439.0959425,0.0,633.0
1719326439.230687,0.0,633.0
1719326439.3628604,0.0,633.0
1719326439.4958308,0.0,633.0
1719326439.647013,0.0,633.0
1719326439.8018906,0.0,633.0
1719326439.9669414,0.0,633.0
1719326440.1430461,0.0,633.0
1719326440.3044844,0.0,633.0
1719326440.4860919,0.0,633.0
1719326440.6467564,0.0,633.0
1719326440.812955,0.0,633.0
1719326440.965617,0.0,633.0
1719326441.1052413,0.0,633.0
1719326441.2567565,0.0,633.0
1719326441.418466,0.0,633.0
1719326441.5764487,0.0,633.0
1719326441.7165446,0.0,633.0
1719326441.9122007,0.0,633.0
1719326442.1149516,0.0,633.0
1719326442.3018732,0.0,633.0
1719326442.4771705,0.0,633.0
1719326442.6608782,0.0,633.0
1719326442.822211,0.0,633.0
1719326442.9746556,0.0,633.0
1719326443.1257935,0.0,633.0
1719326443.2778225,0.0,633.0
1719326443.4131858,0.0,633.0
1719326443.5511596,0.0,633.0
1719326443.685363,0.0,633.0
1719326443.817011,0.0,633.0
1719326443.9524236,0.0,633.0
1719326444.0880039,0.0,633.0
1719326444.2237403,0.0,633.0
1719326444.3841734,0.0,633.0
1719326444.53276,0.0,633.0
1719326444.6878395,0.0,633.0
1719326444.8455744,0.0,633.0
1719326444.9970922,0.0,633.0
1719326445.1950107,0.0,633.0
1719326445.3353968,0.0,633.0
1719326445.4858503,0.0,633.0
1719326445.6250243,0.0,633.0
1719326445.7805233,0.0,633.0
1719326445.9324813,0.0,633.0
1719326446.0926116,0.0,633.0
1719326446.2502313,0.0,633.0
1719326446.4112043,0.0,633.0
1719326446.5983982,0.0,633.0
1719326446.7929833,0.0,633.0
1719326446.9501414,0.0,633.0
1719326447.1545472,0.0,633.0
1719326447.3407285,0.0,633.0
1719326447.525909,0.0,633.0
1719326447.6640465,0.0,633.0
1719326447.8121312,0.0,633.0
1719326447.9815106,0.0,633.0
1719326448.120936,0.0,633.0
1719326448.2561588,0.0,633.0
1719326448.3913114,0.0,633.0
1719326448.5260668,0.0,633.0
1719326448.656442,0.0,633.0
1719326448.7925467,0.0,633.0
1719326448.9272082,0.0,633.0
1719326449.0608182,0.0,633.0
1719326449.2199957,0.0,633.0
1719326449.3680017,0.0,633.0
1719326449.5212538,0.0,633.0
1719326449.664368,0.0,633.0
1719326449.816795,0.0,633.0
1719326449.996625,0.0,633.0
1719326450.142165,0.0,633.0
1719326450.3118508,0.0,633.0
1719326450.4569333,0.0,633.0
1719326450.6184773,0.0,633.0
1719326450.7689588,0.0,633.0
1719326450.9219704,0.0,633.0
1719326451.0877266,0.0,633.0
1719326451.2436578,0.0,633.0
1719326451.3896632,0.0,633.0
1719326451.5809407,0.0,633.0
1719326451.7838337,0.0,633.0
1719326451.9818327,0.0,633.0
1719326452.148361,0.0,633.0
1719326452.3495338,0.0,633.0
1719326452.5032985,0.0,633.0
1719326452.6684642,0.0,633.0
1719326452.8392382,0.0,633.0
1719326452.98118,0.0,633.0
1719326453.1158295,0.0,633.0
1719326453.249701,0.0,633.0
1719326453.382897,0.0,633.0
1719326453.5142772,0.0,633.0
1719326453.6459053,0.0,633.0
1719326453.7826333,0.0,633.0
1719326453.9151645,0.0,633.0
1719326454.0514214,0.0,633.0
1719326454.217559,0.0,633.0
1719326454.3708243,0.0,633.0
1719326454.5185802,0.0,633.0
1719326454.6739924,0.0,633.0
1719326454.831165,0.0,633.0
1719326454.9969733,0.0,633.0
1719326455.1453233,0.0,633.0
1719326455.3155513,0.0,633.0
1719326455.4570415,0.0,633.0
1719326455.621929,0.0,633.0
1719326455.7829797,0.0,633.0
1719326455.9287384,0.0,633.0
1719326456.0945008,0.0,633.0
1719326456.257803,0.0,633.0
1719326456.415445,0.0,633.0
1719326456.6256924,0.0,633.0
1719326456.7852125,0.0,633.0
1719326456.9723406,0.0,633.0
1719326457.1222994,0.0,633.0
1719326457.3085842,0.0,633.0
1719326457.4600883,0.0,633.0
1719326457.6054184,0.0,633.0
1719326457.7699933,0.0,633.0
1719326457.9279816,0.0,633.0
1719326458.066372,0.0,633.0
1719326458.2041192,0.0,633.0
1719326458.3427205,0.0,633.0
1719326458.4755049,0.0,633.0
1719326458.6087344,0.0,633.0
1719326458.748578,0.0,633.0
1719326458.889982,0.0,633.0
1719326459.0273051,0.0,633.0
1719326459.196351,0.0,633.0
1719326459.3718307,0.0,633.0
1719326459.509188,0.0,633.0
1719326459.6536837,0.0,633.0
1719326459.8077567,0.0,633.0
1719326459.9800987,0.0,633.0
1719326460.1256971,0.0,633.0
1719326460.2724113,0.0,633.0
1719326460.44437,0.0,633.0
1719326460.589958,0.0,633.0
1719326460.739249,0.0,633.0
1719326460.8967931,0.0,633.0
1719326461.051759,0.0,633.0
1719326461.205344,0.0,633.0
1719326461.351041,0.0,633.0
1719326461.5514152,0.0,633.0
1719326461.7553713,0.0,633.0
1719326461.9536948,0.0,633.0
1719326462.1558144,0.0,633.0
1719326462.3420148,0.0,633.0
1719326462.4958308,0.0,633.0
1719326462.6470778,0.0,633.0
1719326462.811223,0.0,633.0
1719326462.968145,0.0,633.0
1719326463.103384,0.0,633.0
1719326463.2396638,0.0,633.0
1719326463.3756266,0.0,633.0
1719326463.50804,0.0,633.0
1719326463.6431072,0.0,633.0
1719326463.7805872,0.0,633.0
1719326463.920448,0.0,633.0
1719326464.0610144,0.0,633.0
1719326464.230363,0.0,633.0
1719326464.3819015,0.0,633.0
1719326464.5366964,0.0,633.0
1719326464.6960561,0.0,633.0
1719326464.846663,0.0,633.0
1719326464.9962277,0.0,633.0
1719326465.1655705,0.0,633.0
1719326465.3056343,0.0,633.0
1719326465.4563231,0.0,633.0
1719326465.6195457,0.0,633.0
1719326465.772065,0.0,633.0
1719326465.9393027,0.0,633.0
1719326466.1023834,0.0,633.0
1719326466.2633295,0.0,633.0
1719326466.4780145,0.0,633.0
1719326466.641699,0.0,633.0
1719326466.8411534,0.0,633.0
1719326466.983573,0.0,633.0
1719326467.1629305,0.0,633.0
1719326467.3158932,0.0,633.0
1719326467.4741843,0.0,633.0
1719326467.6334784,0.0,633.0
1719326467.77544,0.0,633.0
1719326467.9088802,0.0,633.0
1719326468.0429146,0.0,633.0
1719326468.175835,0.0,633.0
1719326468.3079126,0.0,633.0
1719326468.4365482,0.0,633.0
1719326468.5730813,0.0,633.0
1719326468.706023,0.0,633.0
1719326468.8587143,0.0,633.0
1719326469.0059767,0.0,633.0
1719326469.1607144,0.0,633.0
1719326469.3106513,0.0,633.0
1719326469.4613924,0.0,633.0
1719326469.6180992,0.0,633.0
1719326469.7681706,0.0,633.0
1719326469.9106321,0.0,633.0
1719326470.0790133,0.0,633.0
1719326470.2220473,0.0,633.0
1719326470.379101,0.0,633.0
1719326470.5354044,0.0,633.0
1719326470.6885762,0.0,633.0
1719326470.8517954,0.0,633.0
1719326470.9920466,0.0,633.0
1719326471.1795886,0.0,633.0
1719326471.394736,0.0,633.0
1719326471.6083422,0.0,633.0
1719326471.7854557,0.0,633.0
1719326471.9930732,0.0,633.0
1719326472.1725776,0.0,633.0
1719326472.3365526,0.0,633.0
1719326472.5060663,0.0,633.0
1719326472.650583,0.0,633.0
1719326472.7860112,0.0,633.0
1719326472.919606,0.0,633.0
1719326473.0545232,0.0,633.0
1719326473.188527,0.0,633.0
1719326473.3272665,0.0,633.0
1719326473.4646547,0.0,633.0
1719326473.603312,0.0,633.0
1719326473.774056,0.0,633.0
1719326473.9377973,0.0,633.0
1719326474.081003,0.0,633.0
1719326474.2397783,0.0,633.0
1719326474.403069,0.0,633.0
1719326474.570715,0.0,633.0
1719326474.7226007,0.0,633.0
1719326474.8908978,0.0,633.0
1719326475.054118,0.0,633.0
1719326475.1945662,0.0,633.0
1719326475.3499668,0.0,633.0
1719326475.5232124,0.0,633.0
1719326475.6785717,0.0,633.0
1719326475.8230603,0.0,633.0
1719326476.0331783,0.0,633.0
1719326476.2365358,0.0,633.0
1719326476.4403708,0.0,633.0
1719326476.601259,0.0,633.0
1719326476.8029878,0.0,633.0
1719326476.9679606,0.0,633.0
1719326477.1259582,0.0,633.0
1719326477.292781,0.0,633.0
1719326477.4630258,0.0,633.0
1719326477.5985932,0.0,633.0
1719326477.7334998,0.0,633.0
1719326477.8683422,0.0,633.0
1719326478.000333,0.0,633.0
1719326478.1357033,0.0,633.0
1719326478.2712908,0.0,633.0
1719326478.4049811,0.0,633.0
1719326478.5724108,0.0,633.0
1719326478.7219958,0.0,633.0
1719326478.877823,0.0,633.0
1719326479.0375972,0.0,633.0
1719326479.1828463,0.0,633.0
1719326479.3379705,0.0,633.0
1719326479.4912977,0.0,633.0
1719326479.6629243,0.0,633.0
1719326479.803735,0.0,633.0
1719326479.9564433,0.0,633.0
1719326480.1216445,0.0,633.0
1719326480.2704408,0.0,633.0
1719326480.4390407,0.0,633.0
1719326480.595129,0.0,633.0
1719326480.7975245,0.0,633.0
1719326481.0137548,0.0,633.0
1719326481.2087026,0.0,633.0
1719326481.4097185,0.0,633.0
1719326481.6156626,0.0,633.0
1719326481.7985864,0.0,633.0
1719326481.9532726,0.0,633.0
1719326482.1137242,0.0,633.0
1719326482.253708,0.0,633.0
1719326482.3906794,0.0,633.0
1719326482.5244424,0.0,633.0
1719326482.657471,0.0,633.0
1719326482.7888079,0.0,633.0
1719326482.925601,0.0,633.0
1719326483.0603542,0.0,633.0
1719326483.1953037,0.0,633.0
1719326483.3588474,0.0,633.0
1719326483.5228188,0.0,633.0
1719326483.690374,0.0,633.0
1719326483.8735085,0.0,633.0
1719326484.0485783,0.0,633.0
1719326484.2078164,0.0,633.0
1719326484.3787425,0.0,633.0
1719326484.5202835,0.0,633.0
1719326484.6842632,0.0,633.0
1719326484.8381476,0.0,633.0
1719326484.997826,0.0,633.0
1719326485.201947,0.0,633.0
1719326485.4086246,0.0,633.0
1719326485.5996377,0.0,633.0
1719326485.8020182,0.0,633.0
1719326485.9581573,0.0,633.0
1719326486.1620426,0.0,633.0
1719326486.3054562,0.0,633.0
1719326486.4466608,0.0,633.0
1719326486.5995545,0.0,633.0
1719326486.7590759,0.0,633.0
1719326486.9153185,0.0,633.0
1719326487.0527506,0.0,633.0
1719326487.1920285,0.0,633.0
1719326487.3314996,0.0,633.0
1719326487.4648697,0.0,633.0
1719326487.5976043,0.0,633.0
1719326487.7388859,0.0,633.0
1719326487.8806057,0.0,633.0
1719326488.0212982,0.0,633.0
1719326488.190353,0.0,633.0
1719326488.3640842,0.0,633.0
1719326488.5147936,0.0,633.0
1719326488.681326,0.0,633.0
1719326488.8444529,0.0,633.0
1719326488.9989817,0.0,633.0
1719326489.1562054,0.0,633.0
1719326489.3121367,0.0,633.0
1719326489.4823222,0.0,633.0
1719326489.627083,0.0,633.0
1719326489.7902436,0.0,633.0
1719326489.9626231,0.0,633.0
1719326490.111436,0.0,633.0
1719326490.2724395,0.0,633.0
1719326490.4860497,0.0,633.0
1719326490.6505997,0.0,633.0
1719326490.8437588,0.0,633.0
1719326491.0107749,0.0,633.0
1719326491.2136776,0.0,633.0
1719326491.360012,0.0,633.0
1719326491.5190692,0.0,633.0
1719326491.6727583,0.0,633.0
1719326491.8134463,0.0,633.0
1719326491.9488046,0.0,633.0
1719326492.0866725,0.0,633.0
1719326492.2208102,0.0,633.0
1719326492.3543544,0.0,633.0
1719326492.4888017,0.0,633.0
1719326492.6244273,0.0,633.0
1719326492.758154,0.0,633.0
1719326492.915841,0.0,633.0
1719326493.0750325,0.0,633.0
1719326493.2504587,0.0,633.0
1719326493.406199,0.0,633.0
1719326493.5677087,0.0,633.0
1719326493.7372997,0.0,633.0
1719326493.8767927,0.0,633.0
1719326494.0340905,0.0,633.0
1719326494.1970713,0.0,633.0
1719326494.3544655,0.0,633.0
1719326494.50597,0.0,633.0
1719326494.6710653,0.0,633.0
1719326494.8387043,0.0,633.0
1719326495.0053282,0.0,633.0
1719326495.1480927,0.0,633.0
1719326495.3332064,0.0,633.0
1719326495.5268576,0.0,633.0
1719326495.7166781,0.0,633.0
1719326495.8712256,0.0,633.0
1719326496.0732956,0.0,633.0
1719326496.2328029,0.0,633.0
1719326496.401615,0.0,633.0
1719326496.5487509,0.0,633.0
1719326496.697958,0.0,633.0
1719326496.8322968,0.0,633.0
1719326496.9696639,0.0,633.0
1719326497.1057577,0.0,633.0
1719326497.2380507,0.0,633.0
1719326497.3764846,0.0,633.0
1719326497.5124636,0.0,633.0
1719326497.6544025,0.0,633.0
1719326497.8031998,0.0,633.0
1719326497.9539099,0.0,633.0
1719326498.1162984,0.0,633.0
1719326498.28353,0.0,633.0
1719326498.4469955,0.0,633.0
1719326498.6086528,0.0,633.0
1719326498.7485504,0.0,633.0
1719326498.9156156,0.0,633.0
1719326499.0615778,0.0,633.0
1719326499.2171764,0.0,633.0
1719326499.3655033,0.0,633.0
1719326499.535774,0.0,633.0
1719326499.70027,0.0,633.0
1719326499.8436613,0.0,633.0
1719326500.0468698,0.0,633.0
1719326500.2511137,0.0,633.0
1719326500.4371917,0.0,633.0
1719326500.6221912,0.0,633.0
1719326500.8102427,0.0,633.0
1719326500.982574,0.0,633.0
1719326501.1286173,0.0,633.0
1719326501.285345,0.0,633.0
1719326501.4324362,0.0,633.0
1719326501.5676684,0.0,633.0
1719326501.7063715,0.0,633.0
1719326501.8411534,0.0,633.0
1719326501.9767299,0.0,633.0
1719326502.1120257,0.0,633.0
1719326502.2479167,0.0,633.0
1719326502.383142,0.0,633.0
1719326502.5489411,0.0,633.0
1719326502.7300677,0.0,633.0
1719326502.8862376,0.0,633.0
1719326503.0535665,0.0,633.0
1719326503.2046874,0.0,633.0
1719326503.3563406,0.0,633.0
1719326503.4941332,0.0,633.0
1719326503.6491287,0.0,633.0
1719326503.7891943,0.0,633.0
1719326503.9511607,0.0,633.0
1719326504.1278465,0.0,633.0
1719326504.295955,0.0,633.0
1719326504.486791,0.0,633.0
1719326504.6854405,0.0,633.0
1719326504.8684902,0.0,633.0
1719326505.0468287,0.0,633.0
1719326505.226298,0.0,633.0
1719326505.4356878,0.0,633.0
1719326505.5895278,0.0,633.0
1719326505.727287,0.0,633.0
1719326505.8933606,0.0,633.0
1719326506.0594678,0.0,633.0
1719326506.1988037,0.0,633.0
1719326506.3341174,0.0,633.0
1719326506.4697967,0.0,633.0
1719326506.6034188,0.0,633.0
1719326506.7342734,0.0,633.0
1719326506.8682961,0.0,633.0
1719326507.0055134,0.0,633.0
1719326507.1396813,0.0,633.0
1719326507.3089926,0.0,633.0
1719326507.4660232,0.0,633.0
1719326507.6295772,0.0,633.0
1719326507.7803872,0.0,633.0
1719326507.939986,0.0,633.0
1719326508.1179655,0.0,633.0
1719326508.2587335,0.0,633.0
1719326508.4017074,0.0,633.0
1719326508.5742304,0.0,633.0
1719326508.7145133,0.0,633.0
1719326508.857147,0.0,633.0
1719326509.022459,0.0,633.0
1719326509.1935024,0.0,633.0
1719326509.3436127,0.0,633.0
1719326509.488199,0.0,633.0
1719326509.697198,0.0,633.0
1719326509.9009135,0.0,633.0
1719326510.1044238,0.0,633.0
1719326510.2599978,0.0,633.0
1719326510.4504466,0.0,633.0
1719326510.621301,0.0,633.0
1719326510.7647793,0.0,633.0
1719326510.9334016,0.0,633.0
1719326511.0868666,0.0,633.0
1719326511.2275295,0.0,633.0
1719326511.368993,0.0,633.0
1719326511.5033355,0.0,633.0
1719326511.6352074,0.0,633.0
1719326511.7712572,0.0,633.0
1719326511.9155877,0.0,633.0
1719326512.0584927,0.0,633.0
1719326512.2278502,0.0,633.0
1719326512.3927898,0.0,633.0
1719326512.5653267,0.0,633.0
1719326512.7264686,0.0,633.0
1719326512.8856182,0.0,633.0
1719326513.0359411,0.0,633.0
1719326513.1720104,0.0,633.0
1719326513.3284144,0.0,633.0
1719326513.4782925,0.0,633.0
1719326513.6352134,0.0,633.0
1719326513.8014219,0.0,633.0
1719326513.9581523,0.0,633.0
1719326514.110541,0.0,633.0
1719326514.2613406,0.0,633.0
1719326514.407945,0.0,633.0
1719326514.610093,0.0,633.0
1719326514.776327,0.0,633.0
1719326514.9791007,0.0,633.0
1719326515.1194181,0.0,633.0
1719326515.3255641,0.0,633.0
1719326515.534309,0.0,633.0
1719326515.6925936,0.0,633.0
1719326515.8458874,0.0,633.0
1719326515.9886696,0.0,633.0
1719326516.1242623,0.0,633.0
1719326516.2634335,0.0,633.0
1719326516.3995063,0.0,633.0
1719326516.5305176,0.0,633.0
1719326516.6665232,0.0,633.0
1719326516.8015912,0.0,633.0
1719326516.9377239,0.0,633.0
1719326517.083843,0.0,633.0
1719326517.2426062,0.0,633.0
1719326517.390886,0.0,633.0
1719326517.5659497,0.0,633.0
1719326517.7256382,0.0,633.0
1719326517.914533,0.0,633.0
1719326518.0571456,0.0,633.0
1719326518.2030773,0.0,633.0
1719326518.3457184,0.0,633.0
1719326518.5079477,0.0,633.0
1719326518.6758556,0.0,633.0
1719326518.8305483,0.0,633.0
1719326518.9819713,0.0,633.0
1719326519.1393857,0.0,633.0
1719326519.314489,0.0,633.0
1719326519.5169559,0.0,633.0
1719326519.6786559,0.0,633.0
1719326519.8669145,0.0,633.0
1719326520.0318174,0.0,633.0
1719326520.2129433,0.0,633.0
1719326520.370392,0.0,633.0
1719326520.5368025,0.0,633.0
1719326520.700268,0.0,633.0
1719326520.8419716,0.0,633.0
1719326520.9776158,0.0,633.0
1719326521.1121778,0.0,633.0
1719326521.2457764,0.0,633.0
1719326521.37522,0.0,633.0
1719326521.5087492,0.0,633.0
1719326521.6424425,0.0,633.0
1719326521.775435,0.0,633.0
1719326521.9724734,0.0,633.0
1719326522.1668708,0.0,633.0
1719326522.330111,0.0,633.0
1719326522.4847322,0.0,633.0
1719326522.6554227,0.0,633.0
1719326522.8594062,0.0,633.0
1719326523.0017257,0.0,633.0
1719326523.160697,0.0,633.0
1719326523.2993982,0.0,633.0
1719326523.4604695,0.0,633.0
1719326523.6078312,0.0,633.0
1719326523.7692978,0.0,633.0
1719326523.9226723,0.0,633.0
1719326524.0670557,0.0,633.0
1719326524.2177687,0.0,633.0
1719326524.4165294,0.0,633.0
1719326524.570769,0.0,633.0
1719326524.745226,0.0,633.0
1719326524.9093153,0.0,633.0
1719326525.0925963,0.0,633.0
1719326525.2605386,0.0,633.0
1719326525.4142535,0.0,633.0
1719326525.576957,0.0,633.0
1719326525.7376475,0.0,633.0
1719326525.8730066,0.0,633.0
1719326526.0126624,0.0,633.0
1719326526.1458466,0.0,633.0
1719326526.2781045,0.0,633.0
1719326526.4094577,0.0,633.0
1719326526.5479786,0.0,633.0
1719326526.6833732,0.0,633.0
1719326526.8196435,0.0,633.0
1719326526.9826443,0.0,633.0
1719326527.1454208,0.0,633.0
1719326527.310297,0.0,633.0
1719326527.4663653,0.0,633.0
1719326527.6349936,0.0,633.0
1719326527.8135874,0.0,633.0
1719326527.955095,0.0,633.0
1719326528.1104248,0.0,633.0
1719326528.24764,0.0,633.0
1719326528.4062424,0.0,633.0
1719326528.5502234,0.0,633.0
1719326528.6972828,0.0,633.0
1719326528.8543622,0.0,633.0
1719326529.006185,0.0,633.0
1719326529.190072,0.0,633.0
1719326529.4057484,0.0,633.0
1719326529.5947247,0.0,633.0
1719326529.780968,0.0,633.0
1719326529.9697623,0.0,633.0
1719326530.1216612,0.0,633.0
1719326530.2693026,0.0,633.0
1719326530.4527493,0.0,633.0
1719326530.6070902,0.0,633.0
1719326530.7435057,0.0,633.0
1719326530.8806663,0.0,633.0
1719326531.0139,0.0,633.0
1719326531.1452267,0.0,633.0
1719326531.2771237,0.0,633.0
1719326531.4127676,0.0,633.0
1719326531.5465698,0.0,633.0
1719326531.6831899,0.0,633.0
1719326531.845363,0.0,633.0
1719326532.0133758,0.0,633.0
1719326532.1924927,0.0,633.0
1719326532.3583324,0.0,633.0
1719326532.5277548,0.0,633.0
1719326532.6735857,0.0,633.0
1719326532.8361142,0.0,633.0
1719326532.9850237,0.0,633.0
1719326533.1389256,0.0,633.0
1719326533.316272,0.0,633.0
1719326533.4735312,0.0,633.0
1719326533.6217122,0.0,633.0
1719326533.7676413,0.0,633.0
1719326533.9124935,0.0,633.0
1719326534.089305,0.0,633.0
1719326534.2901206,0.0,633.0
1719326534.4771733,0.0,633.0
1719326534.6457555,0.0,633.0
1719326534.8417046,0.0,633.0
1719326535.0158455,0.0,633.0
1719326535.1678517,0.0,633.0
1719326535.3191948,0.0,633.0
1719326535.4855757,0.0,633.0
1719326535.622354,0.0,633.0
1719326535.7582047,0.0,633.0
1719326535.8936627,0.0,633.0
1719326536.0252883,0.0,633.0
1719326536.15603,0.0,633.0
1719326536.2918212,0.0,633.0
1719326536.4265609,0.0,633.0
1719326536.56075,0.0,633.0
1719326536.7155163,0.0,633.0
1719326536.8803844,0.0,633.0
1719326537.043631,0.0,633.0
1719326537.2044663,0.0,633.0
1719326537.3487322,0.0,633.0
1719326537.5345976,0.0,633.0
1719326537.6824334,0.0,633.0
1719326537.829013,0.0,633.0
1719326537.9668672,0.0,633.0
1719326538.1297731,0.0,633.0
1719326538.2772079,0.0,633.0
1719326538.434953,0.0,633.0
1719326538.583641,0.0,633.0
1719326538.7400596,0.0,633.0
1719326538.9394796,0.0,633.0
1719326539.142869,0.0,633.0
1719326539.3467577,0.0,633.0
1719326539.5519605,0.0,633.0
1719326539.7570431,0.0,633.0
1719326539.9299285,0.0,633.0
1719326540.0852482,0.0,633.0
1719326540.247085,0.0,633.0
1719326540.3972344,0.0,633.0
1719326540.5316927,0.0,633.0
1719326540.7175398,0.0,633.0
1719326540.8517437,0.0,633.0
1719326540.9831073,0.0,633.0
1719326541.115416,0.0,633.0
1719326541.2519746,0.0,633.0
1719326541.3871014,0.0,633.0
1719326541.5224867,0.0,633.0
1719326541.6826124,0.0,633.0
1719326541.8334765,0.0,633.0
1719326541.9908643,0.0,633.0
1719326542.1575568,0.0,633.0
1719326542.3256636,0.0,633.0
1719326542.4799554,0.0,633.0
1719326542.6454625,0.0,633.0
1719326542.7942207,0.0,633.0
1719326542.9502373,0.0,633.0
1719326543.1314943,0.0,633.0
1719326543.2872179,0.0,633.0
1719326543.4420593,0.0,633.0
1719326543.6004245,0.0,633.0
1719326543.7952118,0.0,633.0
1719326543.996739,0.0,633.0
1719326544.1827092,0.0,633.0
1719326544.3915164,0.0,633.0
1719326544.5921655,0.0,633.0
1719326544.7696671,0.0,633.0
1719326544.9159818,0.0,633.0
1719326545.0779285,0.0,633.0
1719326545.2295074,0.0,633.0
1719326545.3653507,0.0,633.0
1719326545.505359,0.0,633.0
1719326545.6394331,0.0,633.0
1719326545.7721431,0.0,633.0
1719326545.9479084,0.0,633.0
1719326546.0849705,0.0,633.0
1719326546.220626,0.0,633.0
1719326546.3747952,0.0,633.0
1719326546.5378354,0.0,633.0
1719326546.690658,0.0,633.0
1719326546.8582103,0.0,633.0
1719326547.0096579,0.0,633.0
1719326547.1806183,0.0,633.0
1719326547.3232327,0.0,633.0
1719326547.4783332,0.0,633.0
1719326547.6337178,0.0,633.0
1719326547.778102,0.0,633.0
1719326547.92574,0.0,633.0
1719326548.0849845,0.0,633.0
1719326548.2933636,0.0,633.0
1719326548.4901168,0.0,633.0
1719326548.6352043,0.0,633.0
1719326548.839805,0.0,633.0
1719326548.9804144,0.0,633.0
1719326549.1312373,0.0,633.0
1719326549.318357,0.0,633.0
1719326549.4757383,0.0,633.0
1719326549.6396768,0.0,633.0
1719326549.8109994,0.0,633.0
1719326549.966414,0.0,633.0
1719326550.103761,0.0,633.0
1719326550.2398682,0.0,633.0
1719326550.376166,0.0,633.0
1719326550.5101266,0.0,633.0
1719326550.6434662,0.0,633.0
1719326550.7805996,0.0,633.0
1719326550.9143503,0.0,633.0
1719326551.0530946,0.0,633.0
1719326551.2147605,0.0,633.0
1719326551.3808334,0.0,633.0
1719326551.5507276,0.0,633.0
1719326551.7150316,0.0,633.0
1719326551.869449,0.0,633.0
1719326552.0555542,0.0,633.0
1719326552.2034848,0.0,633.0
1719326552.3726466,0.0,633.0
1719326552.5192218,0.0,633.0
1719326552.662047,0.0,633.0
1719326552.8167293,0.0,633.0
1719326552.9960465,0.0,633.0
1719326553.148325,0.0,633.0
1719326553.291211,0.0,633.0
1719326553.4827888,0.0,633.0
1719326553.6871824,0.0,633.0
1719326553.904758,0.0,633.0
1719326554.0625236,0.0,633.0
1719326554.2725952,0.0,633.0
1719326554.4345357,0.0,633.0
1719326554.5772965,0.0,633.0
1719326554.752843,0.0,633.0
1719326554.897336,0.0,633.0
1719326555.0318263,0.0,633.0
1719326555.168364,0.0,633.0
1719326555.3032336,0.0,633.0
1719326555.4351318,0.0,633.0
1719326555.5699341,0.0,633.0
1719326555.702716,0.0,633.0
1719326555.8372238,0.0,633.0
1719326556.0284245,0.0,633.0
1719326556.182345,0.0,633.0
1719326556.3346531,0.0,633.0
1719326556.5035107,0.0,633.0
1719326556.6753201,0.0,633.0
1719326556.8533988,0.0,633.0
1719326556.9950845,0.0,633.0
1719326557.1651137,0.0,633.0
1719326557.3157265,0.0,633.0
1719326557.4631379,0.0,633.0
1719326557.615226,0.0,633.0
1719326557.7684834,0.0,633.0
1719326557.9212532,0.0,633.0
1719326558.066002,0.0,633.0
1719326558.2718425,0.0,633.0
1719326558.4700587,0.0,633.0
1719326558.6541245,0.0,633.0
1719326558.8560245,0.0,633.0
1719326559.0429506,0.0,633.0
1719326559.1994176,0.0,633.0
1719326559.3537102,0.0,633.0
1719326559.5236495,0.0,633.0
1719326559.6944878,0.0,633.0
1719326559.8347437,0.0,633.0
1719326559.9714224,0.0,633.0
1719326560.1063194,0.0,633.0
1719326560.2382069,0.0,633.0
1719326560.3700109,0.0,633.0
1719326560.5074828,0.0,633.0
1719326560.6408432,0.0,633.0
1719326560.775802,0.0,633.0
1719326560.9286904,0.0,633.0
1719326561.0790908,0.0,633.0
1719326561.2437422,0.0,633.0
1719326561.4035563,0.0,633.0
1719326561.5621178,0.0,633.0
1719326561.7442358,0.0,633.0
1719326561.8883564,0.0,633.0
1719326562.0513396,0.0,633.0
1719326562.18882,0.0,633.0
1719326562.365234,0.0,633.0
1719326562.5143251,0.0,633.0
1719326562.6723385,0.0,633.0
1719326562.8201416,0.0,633.0
1719326562.9679477,0.0,633.0
1719326563.1158442,0.0,633.0
1719326563.3069456,0.0,633.0
1719326563.5029492,0.0,633.0
1719326563.648545,0.0,633.0
1719326563.837125,0.0,633.0
1719326563.973949,0.0,633.0
1719326564.1802762,0.0,633.0
1719326564.3363028,0.0,633.0
1719326564.4910877,0.0,633.0
1719326564.6545272,0.0,633.0
1719326564.793318,0.0,633.0
1719326564.9294677,0.0,633.0
1719326565.0670931,0.0,633.0
1719326565.203447,0.0,633.0
1719326565.3359537,0.0,633.0
1719326565.474079,0.0,633.0
1719326565.6086464,0.0,633.0
1719326565.7462296,0.0,633.0
1719326565.913804,0.0,633.0
1719326566.0684674,0.0,633.0
1719326566.2199757,0.0,633.0
1719326566.3816001,0.0,633.0
1719326566.545478,0.0,633.0
1719326566.7191105,0.0,633.0
1719326566.8888285,0.0,633.0
1719326567.03416,0.0,633.0
1719326567.1776946,0.0,633.0
1719326567.3253493,0.0,633.0
1719326567.4846003,0.0,633.0
1719326567.6593254,0.0,633.0
1719326567.8173094,0.0,633.0
1719326567.9605732,0.0,633.0
1719326568.1500185,0.0,633.0
1719326568.356954,0.0,633.0
1719326568.5447748,0.0,633.0
1719326568.7326307,0.0,633.0
1719326568.9292564,0.0,633.0
1719326569.1054933,0.0,633.0
1719326569.271725,0.0,633.0
1719326569.4352303,0.0,633.0
1719326569.578684,0.0,633.0
1719326569.7146356,0.0,633.0
1719326569.847687,0.0,633.0
1719326569.984829,0.0,633.0
1719326570.1181433,0.0,633.0
1719326570.2546906,0.0,633.0
1719326570.3896518,0.0,633.0
1719326570.5275643,0.0,633.0
1719326570.6687577,0.0,633.0
1719326570.8354893,0.0,633.0
1719326570.9965065,0.0,633.0
1719326571.1453142,0.0,633.0
1719326571.290046,0.0,633.0
1719326571.4834192,0.0,633.0
1719326571.6297307,0.0,633.0
1719326571.786592,0.0,633.0
1719326571.9238336,0.0,633.0
1719326572.0834048,0.0,633.0
1719326572.2284656,0.0,633.0
1719326572.4038048,0.0,633.0
1719326572.5606506,0.0,633.0
1719326572.716381,0.0,633.0
1719326572.9467494,0.0,633.0
1719326573.15087,0.0,633.0
1719326573.345396,0.0,633.0
1719326573.5148175,0.0,633.0
1719326573.6985106,0.0,633.0
1719326573.8621185,0.0,633.0
1719326574.0127347,0.0,633.0
1719326574.1673584,0.0,633.0
1719326574.3254082,0.0,633.0
1719326574.4617987,0.0,633.0
1719326574.59726,0.0,633.0
1719326574.7341938,0.0,633.0
1719326574.8676674,0.0,633.0
1719326574.9981973,0.0,633.0
1719326575.132527,0.0,633.0
1719326575.269077,0.0,633.0
1719326575.4451153,0.0,633.0
1719326575.6108515,0.0,633.0
1719326575.7639933,0.0,633.0
1719326575.929845,0.0,633.0
1719326576.0826313,0.0,633.0
1719326576.2398508,0.0,633.0
1719326576.3800545,0.0,633.0
1719326576.5327182,0.0,633.0
1719326576.6858945,0.0,633.0
1719326576.8337107,0.0,633.0
1719326577.013387,0.0,633.0
1719326577.1762576,0.0,633.0
1719326577.3326936,0.0,633.0
1719326577.4811738,0.0,633.0
1719326577.6380327,0.0,633.0
1719326577.8316936,0.0,633.0
1719326577.9890215,0.0,633.0
1719326578.193112,0.0,633.0
1719326578.3568594,0.0,633.0
1719326578.53254,0.0,633.0
1719326578.686103,0.0,633.0
1719326578.857759,0.0,633.0
1719326579.0099103,0.0,633.0
1719326579.1654582,0.0,633.0
1719326579.3017817,0.0,633.0
1719326579.4376032,0.0,633.0
1719326579.569863,0.0,633.0
1719326579.7034943,0.0,633.0
1719326579.8399014,0.0,633.0
1719326579.9758441,0.0,633.0
1719326580.1123228,0.0,633.0
1719326580.2556918,0.0,633.0
1719326580.4128344,0.0,633.0
1719326580.5664282,0.0,633.0
1719326580.7383142,0.0,633.0
1719326580.8918467,0.0,633.0
1719326581.0925927,0.0,633.0
1719326581.236008,0.0,633.0
1719326581.4070704,0.0,633.0
1719326581.5673876,0.0,633.0
1719326581.7193787,0.0,633.0
1719326581.8937457,0.0,633.0
1719326582.0540898,0.0,633.0
1719326582.2063801,0.0,633.0
1719326582.346213,0.0,633.0
1719326582.5467114,0.0,633.0
1719326582.7371986,0.0,633.0
1719326582.940026,0.0,633.0
1719326583.1292868,0.0,633.0
1719326583.3322065,0.0,633.0
1719326583.4962294,0.0,633.0
1719326583.6644132,0.0,633.0
1719326583.8134232,0.0,633.0
1719326583.9526467,0.0,633.0
1719326584.0859945,0.0,633.0
1719326584.2235792,0.0,633.0
1719326584.360445,0.0,633.0
1719326584.4923673,0.0,633.0
1719326584.6286888,0.0,633.0
1719326584.7637813,0.0,633.0
1719326584.898973,0.0,633.0
1719326585.0654187,0.0,633.0
1719326585.239979,0.0,633.0
1719326585.3909936,0.0,633.0
1719326585.544202,0.0,633.0
1719326585.7145257,0.0,633.0
1719326585.8986268,0.0,633.0
1719326586.046362,0.0,633.0
1719326586.2108083,0.0,633.0
1719326586.3614256,0.0,633.0
1719326586.5011194,0.0,633.0
1719326586.64775,0.0,633.0
1719326586.8076386,0.0,633.0
1719326586.9633644,0.0,633.0
1719326587.1162753,0.0,633.0
1719326587.2918413,0.0,633.0
1719326587.4855134,0.0,633.0
1719326587.7010412,0.0,633.0
1719326587.9021895,0.0,633.0
1719326588.0932639,0.0,633.0
1719326588.2781723,0.0,633.0
1719326588.4476044,0.0,633.0
1719326588.6204443,0.0,633.0
1719326588.7715864,0.0,633.0
1719326588.908626,0.0,633.0
1719326589.0448234,0.0,633.0
1719326589.180121,0.0,633.0
1719326589.3143446,0.0,633.0
1719326589.451577,0.0,633.0
1719326589.5869284,0.0,633.0
1719326589.7209027,0.0,633.0
1719326589.884232,0.0,633.0
1719326590.0535975,0.0,633.0
1719326590.2023625,0.0,633.0
1719326590.3627677,0.0,633.0
1719326590.528304,0.0,633.0
1719326590.687977,0.0,633.0
1719326590.830388,0.0,633.0
1719326590.9999785,0.0,633.0
1719326591.1457155,0.0,633.0
1719326591.3004425,0.0,633.0
1719326591.4568949,0.0,633.0
1719326591.612531,0.0,633.0
1719326591.762972,0.0,633.0
1719326591.9065788,0.0,633.0
1719326592.0455503,0.0,633.0
1719326592.2477577,0.0,633.0
1719326592.428376,0.0,633.0
1719326592.634836,0.0,633.0
1719326592.7828946,0.0,633.0
1719326592.9789112,0.0,633.0
1719326593.132938,0.0,633.0
1719326593.2905421,0.0,633.0
1719326593.4444544,0.0,633.0
1719326593.584793,0.0,633.0
1719326593.725288,0.0,633.0
1719326593.865507,0.0,633.0
1719326594.0020294,0.0,633.0
1719326594.1360717,0.0,633.0
1719326594.2777236,0.0,633.0
1719326594.4125342,0.0,633.0
1719326594.5455258,0.0,633.0
1719326594.7213626,0.0,633.0
1719326594.8740683,0.0,633.0
1719326595.0329843,0.0,633.0
1719326595.2074738,0.0,633.0
1719326595.354172,0.0,633.0
1719326595.5431747,0.0,633.0
1719326595.694112,0.0,633.0
1719326595.8678439,0.0,633.0
1719326596.0215714,0.0,633.0
1719326596.1762843,0.0,633.0
1719326596.336246,0.0,633.0
1719326596.4952343,0.0,633.0
1719326596.647089,0.0,633.0
1719326596.7891617,0.0,633.0
1719326596.9947243,0.0,633.0
1719326597.198924,0.0,633.0
1719326597.3988566,0.0,633.0
1719326597.5753727,0.0,633.0
1719326597.767103,0.0,633.0
1719326597.9368684,0.0,633.0
1719326598.0853698,0.0,633.0
1719326598.2498314,0.0,633.0
1719326598.4098754,0.0,633.0
1719326598.5465572,0.0,633.0
1719326598.682078,0.0,633.0
1719326598.8167355,0.0,633.0
1719326598.947102,0.0,633.0
1719326599.0841103,0.0,633.0
1719326599.2190304,0.0,633.0
1719326599.3558404,0.0,633.0
1719326599.5191772,0.0,633.0
1719326599.6812167,0.0,633.0
1719326599.8441927,0.0,633.0
1719326600.0068116,0.0,633.0
1719326600.1757226,0.0,633.0
1719326600.3453708,0.0,633.0
1719326600.4894536,0.0,633.0
1719326600.6608126,0.0,633.0
1719326600.8151581,0.0,633.0
1719326600.9560285,0.0,633.0
1719326601.116605,0.0,633.0
1719326601.2780159,0.0,633.0
1719326601.4423916,0.0,633.0
1719326601.5833015,0.0,633.0
1719326601.7858422,0.0,633.0
1719326601.990557,0.0,633.0
1719326602.1988506,0.0,633.0
1719326602.3493228,0.0,633.0
1719326602.5302846,0.0,633.0
1719326602.6895037,0.0,633.0
1719326602.839849,0.0,633.0
1719326603.0034978,0.0,633.0
1719326603.1537273,0.0,633.0
1719326603.288018,0.0,633.0
1719326603.4245842,0.0,633.0
1719326603.5591638,0.0,633.0
1719326603.6935005,0.0,633.0
1719326603.8256085,0.0,633.0
1719326603.961309,0.0,633.0
1719326604.0973766,0.0,633.0
1719326604.231347,0.0,633.0
1719326604.386073,0.0,633.0
1719326604.5390344,0.0,633.0
1719326604.7027633,0.0,633.0
1719326604.8751912,0.0,633.0
1719326605.0260448,0.0,633.0
1719326605.1776037,0.0,633.0
1719326605.329254,0.0,633.0
1719326605.4953327,0.0,633.0
1719326605.6391385,0.0,633.0
1719326605.7925045,0.0,633.0
1719326605.9527073,0.0,633.0
1719326606.113538,0.0,633.0
1719326606.2707822,0.0,633.0
1719326606.4127162,0.0,633.0
1719326606.6134999,0.0,633.0
1719326606.8285933,0.0,633.0
1719326607.0323112,0.0,633.0
1719326607.1929646,0.0,633.0
1719326607.3974047,0.0,633.0
1719326607.5775657,0.0,633.0
1719326607.7488737,0.0,633.0
1719326607.902106,0.0,633.0
1719326608.0495603,0.0,633.0
1719326608.1849968,0.0,633.0
1719326608.3222451,0.0,633.0
1719326608.4580786,0.0,633.0
1719326608.5880065,0.0,633.0
1719326608.720838,0.0,633.0
1719326608.8564606,0.0,633.0
1719326608.993205,0.0,633.0
1719326609.1666334,0.0,633.0
1719326609.3329904,0.0,633.0
1719326609.4847076,0.0,633.0
1719326609.6447031,0.0,633.0
1719326609.8095477,0.0,633.0
1719326609.971971,0.0,633.0
1719326610.1143887,0.0,633.0
1719326610.2724216,0.0,633.0
1719326610.4213367,0.0,633.0
1719326610.570604,0.0,633.0
1719326610.7188652,0.0,633.0
1719326610.8662844,0.0,633.0
1719326611.0191073,0.0,633.0
1719326611.1754386,0.0,633.0
1719326611.3231637,0.0,633.0
1719326611.512706,0.0,633.0
1719326611.711997,0.0,633.0
1719326611.9567025,0.0,633.0
1719326612.121223,0.0,633.0
1719326612.3227735,0.0,633.0
1719326612.4694846,0.0,633.0
1719326612.6271417,0.0,633.0
1719326612.781457,0.0,633.0
1719326612.9201517,0.0,633.0
1719326613.0561757,0.0,633.0
1719326613.1898575,0.0,633.0
1719326613.3220239,0.0,633.0
1719326613.4553945,0.0,633.0
1719326613.5927591,0.0,633.0
1719326613.7279356,0.0,633.0
1719326613.8672104,0.0,633.0
1719326614.0368173,0.0,633.0
1719326614.2065094,0.0,633.0
1719326614.3556108,0.0,633.0
1719326614.5116873,0.0,633.0
1719326614.6463935,0.0,633.0
1719326614.7969763,0.0,633.0
1719326614.9898157,0.0,633.0
1719326615.1344829,0.0,633.0
1719326615.299058,0.0,633.0
1719326615.444751,0.0,633.0
1719326615.5979548,0.0,633.0
1719326615.7676163,0.0,633.0
1719326615.9396408,0.0,633.0
1719326616.0815165,0.0,633.0
1719326616.2218764,0.0,633.0
1719326616.4307978,0.0,633.0
1719326616.6422284,0.0,633.0
1719326616.8413548,0.0,633.0
1719326616.9945428,0.0,633.0
1719326617.1863024,0.0,633.0
1719326617.3640566,0.0,633.0
1719326617.5298061,0.0,633.0
1719326617.6872225,0.0,633.0
1719326617.8314564,0.0,633.0
1719326617.9671307,0.0,633.0
1719326618.1029124,0.0,633.0
1719326618.2365496,0.0,633.0
1719326618.3702059,0.0,633.0
1719326618.5073154,0.0,633.0
1719326618.6405833,0.0,633.0
1719326618.7769725,0.0,633.0
1719326618.92619,0.0,633.0
1719326619.0767047,0.0,633.0
1719326619.2296615,0.0,633.0
1719326619.3849754,0.0,633.0
1719326619.5551732,0.0,633.0
1719326619.7107146,0.0,633.0
1719326619.883223,0.0,633.0
1719326620.0407114,0.0,633.0
1719326620.2079687,0.0,633.0
1719326620.363415,0.0,633.0
1719326620.5064754,0.0,633.0
1719326620.675339,0.0,633.0
1719326620.8428009,0.0,633.0
1719326621.001124,0.0,633.0
1719326621.1499815,0.0,633.0
1719326621.361347,0.0,633.0
1719326621.542215,0.0,633.0
1719326621.7331388,0.0,633.0
1719326621.9091606,0.0,633.0
1719326622.119732,0.0,633.0
1719326622.260777,0.0,633.0
1719326622.418899,0.0,633.0
1719326622.5811763,0.0,633.0
1719326622.7332733,0.0,633.0
1719326622.8695402,0.0,633.0
1719326623.0065172,0.0,633.0
1719326623.1411693,0.0,633.0
1719326623.2744832,0.0,633.0
1719326623.4054375,0.0,633.0
1719326623.544598,0.0,633.0
1719326623.6786597,0.0,633.0
1719326623.8115933,0.0,633.0
1719326623.9777186,0.0,633.0
1719326624.141689,0.0,633.0
1719326624.2893207,0.0,633.0
1719326624.4571607,0.0,633.0
1719326624.614171,0.0,633.0
1719326624.7739615,0.0,633.0
1719326624.9248984,0.0,633.0
1719326625.0852954,0.0,633.0
1719326625.2474127,0.0,633.0
1719326625.4088287,0.0,633.0
1719326625.5650675,0.0,633.0
1719326625.7274964,0.0,633.0
1719326625.8814087,0.0,633.0
1719326626.0377913,0.0,633.0
1719326626.2298691,0.0,633.0
1719326626.419425,0.0,633.0
1719326626.6153302,0.0,633.0
1719326626.7863314,0.0,633.0
1719326626.9888818,0.0,633.0
1719326627.1443594,0.0,633.0
1719326627.3143992,0.0,633.0
1719326627.4704788,0.0,633.0
1719326627.607578,0.0,633.0
1719326627.747305,0.0,633.0
1719326627.8834941,0.0,633.0
1719326628.017131,0.0,633.0
1719326628.1464336,0.0,633.0
1719326628.2778473,0.0,633.0
1719326628.4143457,0.0,633.0
1719326628.5513146,0.0,633.0
1719326628.6990654,0.0,633.0
1719326628.8705375,0.0,633.0
1719326629.024966,0.0,633.0
1719326629.1711776,0.0,633.0
1719326629.3327768,0.0,633.0
1719326629.5005944,0.0,633.0
1719326629.6604416,0.0,633.0
1719326629.8227427,0.0,633.0
1719326629.9663463,0.0,633.0
1719326630.1127465,0.0,633.0
1719326630.2523463,0.0,633.0
1719326630.4001405,0.0,633.0
1719326630.5609968,0.0,633.0
1719326630.7163186,0.0,633.0
1719326630.8598425,0.0,633.0
1719326631.067387,0.0,633.0
1719326631.2884507,0.0,633.0
1719326631.4925504,0.0,633.0
1719326631.6516595,0.0,633.0
1719326631.8417768,0.0,633.0
1719326632.0042791,0.0,633.0
1719326632.1530843,0.0,633.0
1719326632.31229,0.0,633.0
1719326632.470911,0.0,633.0
1719326632.606701,0.0,633.0
1719326632.744858,0.0,633.0
1719326632.8794706,0.0,633.0
1719326633.01187,0.0,633.0
1719326633.148741,0.0,633.0
1719326633.2838607,0.0,633.0
1719326633.419369,0.0,633.0
1719326633.5845711,0.0,633.0
1719326633.7441654,0.0,633.0
1719326633.9240344,0.0,633.0
1719326634.0787153,0.0,633.0
1719326634.251756,0.0,633.0
1719326634.4236991,0.0,633.0
1719326634.5932195,0.0,633.0
1719326634.7515671,0.0,633.0
1719326634.903924,0.0,633.0
1719326635.0533357,0.0,633.0
1719326635.213386,0.0,633.0
1719326635.3827276,0.0,633.0
1719326635.5378125,0.0,633.0
1719326635.6889014,0.0,633.0
1719326635.8824599,0.0,633.0
1719326636.0852873,0.0,633.0
1719326636.2458498,0.0,633.0
1719326636.4281964,0.0,633.0
1719326636.6200929,0.0,633.0
1719326636.7776816,0.0,633.0
1719326636.9251237,0.0,633.0
1719326637.0790977,0.0,633.0
1719326637.2348325,0.0,633.0
1719326637.3697462,0.0,633.0
1719326637.5119746,0.0,633.0
1719326637.7148688,0.0,633.0
1719326637.8479826,0.0,633.0
1719326637.9842649,0.0,633.0
1719326638.1179874,0.0,633.0
1719326638.2540326,0.0,633.0
1719326638.4189622,0.0,633.0
1719326638.594697,0.0,633.0
1719326638.7706752,0.0,633.0
1719326638.9330995,0.0,633.0
1719326639.1010153,0.0,633.0
1719326639.2457805,0.0,633.0
1719326639.4100752,0.0,633.0
1719326639.5550036,0.0,633.0
1719326639.7201078,0.0,633.0
1719326639.8694112,0.0,633.0
1719326640.0247593,0.0,633.0
1719326640.182952,0.0,633.0
1719326640.347594,0.0,633.0
1719326640.4929473,0.0,633.0
1719326640.6972702,0.0,633.0
1719326640.8872018,0.0,633.0
1719326641.0777643,0.0,633.0
1719326641.2339072,0.0,633.0
1719326641.4490411,0.0,633.0
1719326641.6037757,0.0,633.0
1719326641.761611,0.0,633.0
1719326641.917764,0.0,633.0
1719326642.066469,0.0,633.0
1719326642.201507,0.0,633.0
1719326642.3377564,0.0,633.0
1719326642.474048,0.0,633.0
1719326642.6058476,0.0,633.0
1719326642.7375944,0.0,633.0
1719326642.8733063,0.0,633.0
1719326643.0085025,0.0,633.0
1719326643.1607456,0.0,633.0
1719326643.3269463,0.0,633.0
1719326643.4839506,0.0,633.0
1719326643.640967,0.0,633.0
1719326643.7930021,0.0,633.0
1719326643.9662273,0.0,633.0
1719326644.1177769,0.0,633.0
1719326644.2788763,0.0,633.0
1719326644.4270177,0.0,633.0
1719326644.5761442,0.0,633.0
1719326644.7172682,0.0,633.0
1719326644.8801084,0.0,633.0
1719326645.0385635,0.0,633.0
1719326645.185408,0.0,633.0
1719326645.324797,0.0,633.0
1719326645.5287476,0.0,633.0
1719326645.7319436,0.0,633.0
1719326645.92656,0.0,633.0
1719326646.093033,0.0,633.0
1719326646.2830677,0.0,633.0
1719326646.4495893,0.0,633.0
1719326646.5978036,0.0,633.0
1719326646.7667618,0.0,633.0
1719326646.9165933,0.0,633.0
1719326647.051375,0.0,633.0
1719326647.1886501,0.0,633.0
1719326647.323849,0.0,633.0
1719326647.457128,0.0,633.0
1719326647.5943427,0.0,633.0
1719326647.7286937,0.0,633.0
1719326647.8636882,0.0,633.0
1719326648.0058882,0.0,633.0
1719326648.1605394,0.0,633.0
1719326648.319198,0.0,633.0
1719326648.4880042,0.0,633.0
1719326648.6496723,0.0,633.0
1719326648.8312085,0.0,633.0
1719326648.9772365,0.0,633.0
1719326649.1334724,0.0,633.0
1719326649.2694974,0.0,633.0
1719326649.4273183,0.0,633.0
1719326649.5699232,0.0,633.0
1719326649.7293646,0.0,633.0
1719326649.883638,0.0,633.0
1719326650.0421798,0.0,633.0
1719326650.229904,0.0,633.0
1719326650.4387052,0.0,633.0
1719326650.6195295,0.0,633.0
1719326650.8229544,0.0,633.0
1719326651.0147064,0.0,633.0
1719326651.1932905,0.0,633.0
1719326651.3478482,0.0,633.0
1719326651.5074608,0.0,633.0
1719326651.6613827,0.0,633.0
1719326651.7968676,0.0,633.0
1719326651.9360976,0.0,633.0
1719326652.071608,0.0,633.0
1719326652.2044754,0.0,633.0
1719326652.3357835,0.0,633.0
1719326652.4673946,0.0,633.0
1719326652.6030536,0.0,633.0
1719326652.7438347,0.0,633.0
1719326652.9355233,0.0,633.0
1719326653.0794258,0.0,633.0
1719326653.247042,0.0,633.0
1719326653.3905907,0.0,633.0
1719326653.5404847,0.0,633.0
1719326653.718372,0.0,633.0
1719326653.8656158,0.0,633.0
1719326654.0226238,0.0,633.0
1719326654.1687975,0.0,633.0
1719326654.3339255,0.0,633.0
1719326654.5139976,0.0,633.0
1719326654.6706724,0.0,633.0
1719326654.8355696,0.0,633.0
1719326654.988815,0.0,633.0
1719326655.197299,0.0,633.0
1719326655.4211514,0.0,633.0
1719326655.6149096,0.0,633.0
1719326655.779395,0.0,633.0
1719326655.9961398,0.0,633.0
1719326656.1501117,0.0,633.0
1719326656.314401,0.0,633.0
1719326656.4758255,0.0,633.0
1719326656.6268346,0.0,633.0
1719326656.7672093,0.0,633.0
1719326656.90525,0.0,633.0
1719326657.05341,0.0,633.0
1719326657.1914897,0.0,633.0
1719326657.33426,0.0,633.0
1719326657.4789348,0.0,633.0
1719326657.669525,0.0,633.0
1719326657.8371027,0.0,633.0
1719326657.996048,0.0,633.0
1719326658.1543992,0.0,633.0
1719326658.3260102,0.0,633.0
1719326658.4909399,0.0,633.0
1719326658.632458,0.0,633.0
1719326658.7907445,0.0,633.0
1719326658.932974,0.0,633.0
1719326659.092877,0.0,633.0
1719326659.2551837,0.0,633.0
1719326659.4023545,0.0,633.0
1719326659.561941,0.0,633.0
1719326659.7101295,0.0,633.0
1719326659.9017096,0.0,633.0
1719326660.1018326,0.0,633.0
1719326660.261306,0.0,633.0
1719326660.4641511,0.0,633.0
1719326660.662787,0.0,633.0
1719326660.8271735,0.0,633.0
1719326660.9773252,0.0,633.0
1719326661.1274319,0.0,633.0
1719326661.2971485,0.0,633.0
1719326661.4443655,0.0,633.0
1719326661.578238,0.0,633.0
1719326661.7157433,0.0,633.0
1719326661.851158,0.0,633.0
1719326661.9818337,0.0,633.0
1719326662.1124954,0.0,633.0
1719326662.248145,0.0,633.0
1719326662.3834643,0.0,633.0
1719326662.5420752,0.0,633.0
1719326662.7083716,0.0,633.0
1719326662.859552,0.0,633.0
1719326663.0165913,0.0,633.0
1719326663.1764705,0.0,633.0
1719326663.3522558,0.0,633.0
1719326663.502143,0.0,633.0
1719326663.6559541,0.0,633.0
1719326663.8015926,0.0,633.0
1719326663.950197,0.0,633.0
1719326664.1101139,0.0,633.0
1719326664.2606518,0.0,633.0
1719326664.421494,0.0,633.0
1719326664.5660086,0.0,633.0
1719326664.7066169,0.0,633.0
1719326664.911033,0.0,633.0
1719326665.111994,0.0,633.0
1719326665.3066294,0.0,633.0
1719326665.4768174,0.0,633.0
1719326665.662104,0.0,633.0
1719326665.8230858,0.0,633.0
1719326665.9754622,0.0,633.0
1719326666.1281993,0.0,633.0
1719326666.2819226,0.0,633.0
1719326666.4200578,0.0,633.0
1719326666.556565,0.0,633.0
1719326666.697,0.0,633.0
1719326666.8307629,0.0,633.0
1719326666.9643254,0.0,633.0
1719326667.0968535,0.0,633.0
1719326667.2330434,0.0,633.0
1719326667.395026,0.0,633.0
1719326667.5599895,0.0,633.0
1719326667.715265,0.0,633.0
1719326667.8715985,0.0,633.0
1719326668.0351665,0.0,633.0
1719326668.188867,0.0,633.0
1719326668.3412406,0.0,633.0
1719326668.504502,0.0,633.0
1719326668.6589787,0.0,633.0
1719326668.809823,0.0,633.0
1719326668.9662452,0.0,633.0
1719326669.15703,0.0,633.0
1719326669.3107677,0.0,633.0
1719326669.4701793,0.0,633.0
1719326669.6727676,0.0,633.0
1719326669.8665595,0.0,633.0
1719326670.0383742,0.0,633.0
1719326670.2371192,0.0,633.0
1719326670.4266965,0.0,633.0
1719326670.5808065,0.0,633.0
1719326670.7262084,0.0,633.0
1719326670.8957043,0.0,633.0
1719326671.0408554,0.0,633.0
1719326671.179242,0.0,633.0
1719326671.314559,0.0,633.0
1719326671.449939,0.0,633.0
1719326671.5833013,0.0,633.0
1719326671.7577999,0.0,633.0
1719326671.8947544,0.0,633.0
1719326672.0598414,0.0,633.0
1719326672.2200441,0.0,633.0
1719326672.3731372,0.0,633.0
1719326672.5346687,0.0,633.0
1719326672.6814923,0.0,633.0
1719326672.842806,0.0,633.0
1719326673.015608,0.0,633.0
1719326673.1545742,0.0,633.0
1719326673.3094146,0.0,633.0
1719326673.4570696,0.0,633.0
1719326673.6140592,0.0,633.0
1719326673.7714286,0.0,633.0
1719326673.9963663,0.0,633.0
1719326674.1488452,0.0,633.0
1719326674.2875881,0.0,633.0
1719326674.47929,0.0,633.0
1719326674.6699195,0.0,633.0
1719326674.8721592,0.0,633.0
1719326675.0728,0.0,633.0
1719326675.2783575,0.0,633.0
1719326675.4511755,0.0,633.0
1719326675.592938,0.0,633.0
1719326675.7478461,0.0,633.0
1719326675.9053376,0.0,633.0
1719326676.0396798,0.0,633.0
1719326676.1735222,0.0,633.0
1719326676.3060942,0.0,633.0
1719326676.4426663,0.0,633.0
1719326676.5790298,0.0,633.0
1719326676.7154522,0.0,633.0
1719326676.8524477,0.0,633.0
1719326677.0075324,0.0,633.0
1719326677.1686127,0.0,633.0
1719326677.337792,0.0,633.0
1719326677.4943862,0.0,633.0
1719326677.655847,0.0,633.0
1719326677.8143115,0.0,633.0
1719326677.961105,0.0,633.0
1719326678.1261675,0.0,633.0
1719326678.2721272,0.0,633.0
1719326678.4141698,0.0,633.0
1719326678.5720258,0.0,633.0
1719326678.7419546,0.0,633.0
1719326678.888851,0.0,633.0
1719326679.031254,0.0,633.0
1719326679.2406774,0.0,633.0
1719326679.4375749,0.0,633.0
1719326679.6293657,0.0,633.0
1719326679.823465,0.0,633.0
1719326680.035969,0.0,633.0
1719326680.2097754,0.0,633.0
1719326680.3783035,0.0,633.0
1719326680.52819,0.0,633.0
1719326680.6870356,0.0,633.0
1719326680.8222675,0.0,633.0
1719326680.9603825,0.0,633.0
1719326681.0952766,0.0,633.0
1719326681.2271142,0.0,633.0
1719326681.358967,0.0,633.0
1719326681.4948578,0.0,633.0
1719326681.6298888,0.0,633.0
1719326681.765975,0.0,633.0
1719326681.9525516,0.0,633.0
1719326682.1153278,0.0,633.0
1719326682.277581,0.0,633.0
1719326682.439591,0.0,633.0
1719326682.6455157,0.0,633.0
1719326682.8018758,0.0,633.0
1719326682.9560409,0.0,633.0
1719326683.1192079,0.0,633.0
1719326683.2708545,0.0,633.0
1719326683.414359,0.0,633.0
1719326683.57364,0.0,633.0
1719326683.7333953,0.0,633.0
1719326683.897171,0.0,633.0
1719326684.0354242,0.0,633.0
1719326684.2389176,0.0,633.0
1719326684.4416082,0.0,633.0
1719326684.653099,0.0,633.0
1719326684.8603601,0.0,633.0
1719326685.0475943,0.0,633.0
1719326685.2143872,0.0,633.0
1719326685.3745682,0.0,633.0
1719326685.5261955,0.0,633.0
1719326685.6777205,0.0,633.0
1719326685.8144486,0.0,633.0
1719326685.9492168,0.0,633.0
1719326686.0880506,0.0,633.0
1719326686.2196305,0.0,633.0
1719326686.3514354,0.0,633.0
1719326686.4895406,0.0,633.0
1719326686.6230597,0.0,633.0
1719326686.760548,0.0,633.0
1719326686.9230425,0.0,633.0
1719326687.085491,0.0,633.0
1719326687.2353547,0.0,633.0
1719326687.4072742,0.0,633.0
1719326687.558827,0.0,633.0
1719326687.7241092,0.0,633.0
1719326687.8653684,0.0,633.0
1719326688.0221617,0.0,633.0
1719326688.1675525,0.0,633.0
1719326688.320199,0.0,633.0
1719326688.4685602,0.0,633.0
1719326688.646488,0.0,633.0
1719326688.7966437,0.0,633.0
1719326688.9395063,0.0,633.0
1719326689.169634,0.0,633.0
1719326689.3738728,0.0,633.0
1719326689.5649574,0.0,633.0
1719326689.7418892,0.0,633.0
1719326689.93002,0.0,633.0
1719326690.1108196,0.0,633.0
1719326690.2594697,0.0,633.0
1719326690.4249818,0.0,633.0
1719326690.5856009,0.0,633.0
1719326690.720953,0.0,633.0
1719326690.855597,0.0,633.0
1719326690.990836,0.0,633.0
1719326691.1299248,0.0,633.0
1719326691.2601426,0.0,633.0
1719326691.3962026,0.0,633.0
1719326691.532297,0.0,633.0
1719326691.6656103,0.0,633.0
1719326691.8193963,0.0,633.0
1719326691.9732645,0.0,633.0
1719326692.1244624,0.0,633.0
1719326692.2783737,0.0,633.0
1719326692.4344807,0.0,633.0
1719326692.606444,0.0,633.0
1719326692.7474077,0.0,633.0
1719326692.8943627,0.0,633.0
1719326693.0294433,0.0,633.0
1719326693.1857533,0.0,633.0
1719326693.3483264,0.0,633.0
1719326693.4961848,0.0,633.0
1719326693.644007,0.0,633.0
1719326693.8118503,0.0,633.0
1719326694.0203965,0.0,633.0
1719326694.229578,0.0,633.0
1719326694.4322443,0.0,633.0
1719326694.6344008,0.0,633.0
1719326694.8382013,0.0,633.0
1719326695.0220978,0.0,633.0
1719326695.18497,0.0,633.0
1719326695.3435261,0.0,633.0
1719326695.490872,0.0,633.0
1719326695.6259332,0.0,633.0
1719326695.7590697,0.0,633.0
1719326695.8914342,0.0,633.0
1719326696.025277,0.0,633.0
1719326696.1610365,0.0,633.0
1719326696.296563,0.0,633.0
1719326696.4337285,0.0,633.0
1719326696.5858762,0.0,633.0
1719326696.7391944,0.0,633.0
1719326696.8995857,0.0,633.0
1719326697.0682476,0.0,633.0
1719326697.230555,0.0,633.0
1719326697.3991928,0.0,633.0
1719326697.5433574,0.0,633.0
1719326697.7127168,0.0,633.0
1719326697.8575487,0.0,633.0
1719326698.0250115,0.0,633.0
1719326698.1742542,0.0,633.0
1719326698.325245,0.0,633.0
1719326698.4990485,0.0,633.0
1719326698.6495366,0.0,633.0
1719326698.792804,0.0,633.0
1719326699.010595,0.0,633.0
1719326699.1843798,0.0,633.0
1719326699.3911612,0.0,633.0
1719326699.543364,0.0,633.0
1719326699.748261,0.0,633.0
1719326699.9092286,0.0,633.0
1719326700.072651,0.0,633.0
1719326700.2281363,0.0,633.0
1719326700.370373,0.0,633.0
1719326700.5069802,0.0,633.0
1719326700.643585,0.0,633.0
1719326700.777454,0.0,633.0
1719326700.9091067,0.0,633.0
1719326701.038647,0.0,633.0
1719326701.174361,0.0,633.0
1719326701.3142412,0.0,633.0
1719326701.4492173,0.0,633.0
1719326701.5965803,0.0,633.0
1719326701.7509856,0.0,633.0
1719326701.9074311,0.0,633.0
1719326702.0967388,0.0,633.0
1719326702.2525883,0.0,633.0
1719326702.4179184,0.0,633.0
1719326702.5605721,0.0,633.0
1719326702.7171564,0.0,633.0
1719326702.8621833,0.0,633.0
1719326703.0131245,0.0,633.0
1719326703.165986,0.0,633.0
1719326703.3281667,0.0,633.0
1719326703.4944198,0.0,633.0
1719326703.633468,0.0,633.0
1719326703.8455324,0.0,633.0
1719326704.0487988,0.0,633.0
1719326704.2481596,0.0,633.0
1719326704.4225628,0.0,633.0
1719326704.6129746,0.0,633.0
1719326704.7856076,0.0,633.0
1719326704.931368,0.0,633.0
1719326705.0862584,0.0,633.0
1719326705.2538116,0.0,633.0
1719326705.3913913,0.0,633.0
1719326705.5277135,0.0,633.0
1719326705.6614482,0.0,633.0
1719326705.7911892,0.0,633.0
1719326705.9238307,0.0,633.0
1719326706.0594752,0.0,633.0
1719326706.1932049,0.0,633.0
1719326706.3276796,0.0,633.0
1719326706.478951,0.0,633.0
1719326706.6476083,0.0,633.0
1719326706.802098,0.0,633.0
1719326706.9708297,0.0,633.0
1719326707.134748,0.0,633.0
1719326707.3055654,0.0,633.0
1719326707.4579837,0.0,633.0
1719326707.6041517,0.0,633.0
1719326707.7545917,0.0,633.0
1719326707.9033833,0.0,633.0
1719326708.0604134,0.0,633.0
1719326708.2316883,0.0,633.0
1719326708.4023347,0.0,633.0
1719326708.5553694,0.0,633.0
1719326708.7478323,0.0,633.0
1719326708.9494007,0.0,633.0
1719326709.149747,0.0,633.0
1719326709.3016665,0.0,633.0
1719326709.4922073,0.0,633.0
1719326709.661529,0.0,633.0
1719326709.8295324,0.0,633.0
1719326710.006098,0.0,633.0
1719326710.147058,0.0,633.0
1719326710.2813406,0.0,633.0
1719326710.4183338,0.0,633.0
1719326710.5536547,0.0,633.0
1719326710.6876552,0.0,633.0
1719326710.8231401,0.0,633.0
1719326710.9600139,0.0,633.0
1719326711.0945077,0.0,633.0
1719326711.2402928,0.0,633.0
1719326711.3924587,0.0,633.0
1719326711.5432224,0.0,633.0
1719326711.6932552,0.0,633.0
1719326711.8541608,0.0,633.0
1719326712.0357552,0.0,633.0
1719326712.17682,0.0,633.0
1719326712.331178,0.0,633.0
1719326712.4763236,0.0,633.0
1719326712.6237223,0.0,633.0
1719326712.7977455,0.0,633.0
1719326712.9505522,0.0,633.0
1719326713.103841,0.0,633.0
1719326713.265746,0.0,633.0
1719326713.468405,0.0,633.0
1719326713.6655006,0.0,633.0
1719326713.8702736,0.0,633.0
1719326714.08412,0.0,633.0
1719326714.2842767,0.0,633.0
1719326714.4439476,0.0,633.0
1719326714.5910766,0.0,633.0
1719326714.7568371,0.0,633.0
1719326714.9169073,0.0,633.0
1719326715.051827,0.0,633.0
1719326715.1881247,0.0,633.0
1719326715.3242745,0.0,633.0
1719326715.453693,0.0,633.0
1719326715.5872235,0.0,633.0
1719326715.7201488,0.0,633.0
1719326715.853428,0.0,633.0
1719326716.0088913,0.0,633.0
1719326716.1866565,0.0,633.0
1719326716.3457925,0.0,633.0
1719326716.5247211,0.0,633.0
1719326716.6811547,0.0,633.0
1719326716.8652287,0.0,633.0
1719326717.0089076,0.0,633.0
1719326717.173587,0.0,633.0
1719326717.327838,0.0,633.0
1719326717.4945872,0.0,633.0
1719326717.66239,0.0,633.0
1719326717.8337178,0.0,633.0
1719326717.99425,0.0,633.0
1719326718.155239,0.0,633.0
1719326718.3535607,0.0,633.0
1719326718.5453165,0.0,633.0
1719326718.7382395,0.0,633.0
1719326718.9337778,0.0,633.0
1719326719.140569,0.0,633.0
1719326719.284163,0.0,633.0
1719326719.4276938,0.0,633.0
1719326719.5857644,0.0,633.0
1719326719.7535753,0.0,633.0
1719326719.889589,0.0,633.0
1719326720.0284445,0.0,633.0
1719326720.163832,0.0,633.0
1719326720.296954,0.0,633.0
1719326720.426895,0.0,633.0
1719326720.5642405,0.0,633.0
1719326720.6988866,0.0,633.0
1719326720.8387895,0.0,633.0
1719326721.0087368,0.0,633.0
1719326721.1597068,0.0,633.0
1719326721.3312478,0.0,633.0
1719326721.48888,0.0,633.0
1719326721.6553955,0.0,633.0
1719326721.8118365,0.0,633.0
1719326721.9554784,0.0,633.0
1719326722.1027966,0.0,633.0
1719326722.267046,0.0,633.0
1719326722.423784,0.0,633.0
1719326722.5783565,0.0,633.0
1719326722.733853,0.0,633.0
1719326722.890167,0.0,633.0
1719326723.042808,0.0,633.0
1719326723.235508,0.0,633.0
1719326723.4315012,0.0,633.0
1719326723.6411197,0.0,633.0
1719326723.8340003,0.0,633.0
1719326724.0231516,0.0,633.0
1719326724.2047822,0.0,633.0
1719326724.3658206,0.0,633.0
1719326724.5217922,0.0,633.0
1719326724.6762898,0.0,633.0
1719326724.8112066,0.0,633.0
1719326724.949077,0.0,633.0
1719326725.0833807,0.0,633.0
1719326725.2171109,0.0,633.0
1719326725.354983,0.0,633.0
1719326725.4907243,0.0,633.0
1719326725.6259167,0.0,633.0
1719326725.790268,0.0,633.0
1719326725.9683075,0.0,633.0
1719326726.11633,0.0,633.0
1719326726.280671,0.0,633.0
1719326726.4177759,0.0,633.0
1719326726.5862033,0.0,633.0
1719326726.7310798,0.0,633.0
1719326726.890251,0.0,633.0
1719326727.02958,0.0,633.0
1719326727.190037,0.0,633.0
1719326727.3653736,0.0,633.0
1719326727.5661545,0.0,633.0
1719326727.7741113,0.0,633.0
1719326727.9343183,0.0,633.0
1719326728.1498978,0.0,633.0
1719326728.326762,0.0,633.0
1719326728.4900463,0.0,633.0
1719326728.7176976,0.0,633.0
1719326728.8852859,0.0,633.0
1719326729.0358462,0.0,633.0
1719326729.1867008,0.0,633.0
1719326729.3441617,0.0,633.0
1719326729.4822438,0.0,633.0
1719326729.6199517,0.0,633.0
1719326729.7586763,0.0,633.0
1719326729.893991,0.0,633.0
1719326730.0281427,0.0,633.0
1719326730.1665173,0.0,633.0
1719326730.3020048,0.0,633.0
1719326730.4621248,0.0,633.0
1719326730.6140287,0.0,633.0
1719326730.766216,0.0,633.0
1719326730.9261682,0.0,633.0
1719326731.093853,0.0,633.0
1719326731.2570846,0.0,633.0
1719326731.4008052,0.0,633.0
1719326731.565675,0.0,633.0
1719326731.7078419,0.0,633.0
1719326731.8514893,0.0,633.0
1719326732.0189507,0.0,633.0
1719326732.1665716,0.0,633.0
1719326732.3255835,0.0,633.0
1719326732.5015402,0.0,633.0
1719326732.6649342,0.0,633.0
1719326732.8668728,0.0,633.0
1719326733.0275552,0.0,633.0
1719326733.240671,0.0,633.0
1719326733.418116,0.0,633.0
1719326733.609213,0.0,633.0
1719326733.7572024,0.0,633.0
1719326733.9236462,0.0,633.0
1719326734.0840647,0.0,633.0
1719326734.2235937,0.0,633.0
1719326734.3609102,0.0,633.0
1719326734.4948828,0.0,633.0
1719326734.6275797,0.0,633.0
1719326734.7600164,0.0,633.0
1719326734.8972304,0.0,633.0
1719326735.0311809,0.0,633.0
1719326735.1660411,0.0,633.0
1719326735.3404746,0.0,633.0
1719326735.5454903,0.0,633.0
1719326735.6921911,0.0,633.0
1719326735.8520799,0.0,633.0
1719326736.0041103,0.0,633.0
1719326736.1574752,0.0,633.0
1719326736.3086135,0.0,633.0
1719326736.4636712,0.0,633.0
1719326736.6092749,0.0,633.0
1719326736.7490082,0.0,633.0
1719326736.896921,0.0,633.0
1719326737.055348,0.0,633.0
1719326737.2066662,0.0,633.0
1719326737.3534238,0.0,633.0
1719326737.5592759,0.0,633.0
1719326737.7612185,0.0,633.0
1719326737.9652147,0.0,633.0
1719326738.1576626,0.0,633.0
1719326738.3416824,0.0,633.0
1719326738.5242345,0.0,633.0
1719326738.6714282,0.0,633.0
1719326738.8312874,0.0,633.0
1719326738.9776802,0.0,633.0
1719326739.1141546,0.0,633.0
1719326739.2497,0.0,633.0
1719326739.384031,0.0,633.0
1719326739.515663,0.0,633.0
1719326739.6506503,0.0,633.0
1719326739.7880542,0.0,633.0
1719326739.9211333,0.0,633.0
1719326740.0953863,0.0,633.0
1719326740.256864,0.0,633.0
1719326740.4167566,0.0,633.0
1719326740.6054704,0.0,633.0
1719326740.7562742,0.0,633.0
1719326740.915312,0.0,633.0
1719326741.064048,0.0,633.0
1719326741.2183015,0.0,633.0
1719326741.3686059,0.0,633.0
1719326741.5243394,0.0,633.0
1719326741.6695924,0.0,633.0
1719326741.83506,0.0,633.0
1719326742.0124006,0.0,633.0
1719326742.1501112,0.0,633.0
1719326742.3351023,0.0,633.0
1719326742.5187683,0.0,633.0
1719326742.7163613,0.0,633.0
1719326742.9138558,0.0,633.0
1719326743.1250875,0.0,633.0
1719326743.2894206,0.0,633.0
1719326743.4406395,0.0,633.0
1719326743.5941072,0.0,633.0
1719326743.7380724,0.0,633.0
1719326743.8775895,0.0,633.0
1719326744.0133226,0.0,633.0
1719326744.1480923,0.0,633.0
1719326744.2839005,0.0,633.0
1719326744.416423,0.0,633.0
1719326744.5512106,0.0,633.0
1719326744.683215,0.0,633.0
1719326744.8190548,0.0,633.0
1719326744.9850063,0.0,633.0
1719326745.1588862,0.0,633.0
1719326745.3015313,0.0,633.0
1719326745.4629605,0.0,633.0
1719326745.641035,0.0,633.0
1719326745.780471,0.0,633.0
1719326745.9492934,0.0,633.0
1719326746.113407,0.0,633.0
1719326746.265499,0.0,633.0
1719326746.4181151,0.0,633.0
1719326746.5834594,0.0,633.0
1719326746.737887,0.0,633.0
1719326746.8982801,0.0,633.0
1719326747.042059,0.0,633.0
1719326747.2499008,0.0,633.0
1719326747.431189,0.0,633.0
1719326747.6210897,0.0,633.0
1719326747.7735827,0.0,633.0
1719326747.956958,0.0,633.0
1719326748.1364331,0.0,633.0
1719326748.2895086,0.0,633.0
1719326748.4462073,0.0,633.0
1719326748.5929997,0.0,633.0
1719326748.7277281,0.0,633.0
1719326748.8623033,0.0,633.0
1719326748.9991174,0.0,633.0
1719326749.1306992,0.0,633.0
1719326749.2619383,0.0,633.0
1719326749.3977935,0.0,633.0
1719326749.5308964,0.0,633.0
1719326749.6765523,0.0,633.0
1719326749.8500068,0.0,633.0
1719326750.013945,0.0,633.0
1719326750.1680548,0.0,633.0
1719326750.3294706,0.0,633.0
1719326750.5154417,0.0,633.0
1719326750.6604319,0.0,633.0
1719326750.8213465,0.0,633.0
1719326750.9692647,0.0,633.0
1719326751.1157866,0.0,633.0
1719326751.2861295,0.0,633.0
1719326751.4350815,0.0,633.0
1719326751.6006556,0.0,633.0
1719326751.7592263,0.0,633.0
1719326751.9322765,0.0,633.0
1719326752.12346,0.0,633.0
1719326752.3062017,0.0,633.0
1719326752.5020826,0.0,633.0
1719326752.6467779,0.0,633.0
1719326752.8233342,0.0,633.0
1719326752.9795933,0.0,633.0
1719326753.1368158,0.0,633.0
1719326753.2962172,0.0,633.0
1719326753.4451299,0.0,633.0
1719326753.581405,0.0,633.0
1719326753.7163663,0.0,633.0
1719326753.8506286,0.0,633.0
1719326753.9834387,0.0,633.0
1719326754.120033,0.0,633.0
1719326754.2521849,0.0,633.0
1719326754.387485,0.0,633.0
1719326754.5450752,0.0,633.0
1719326754.7000723,0.0,633.0
1719326754.8812368,0.0,633.0
1719326755.0348713,0.0,633.0
1719326755.1932309,0.0,633.0
1719326755.3517058,0.0,633.0
1719326755.5010898,0.0,633.0
1719326755.6580825,0.0,633.0
1719326755.8088825,0.0,633.0
1719326755.9554212,0.0,633.0
1719326756.1010017,0.0,633.0
1719326756.26421,0.0,633.0
1719326756.4290311,0.0,633.0
1719326756.5721192,0.0,633.0
1719326756.7749956,0.0,633.0
1719326756.9821339,0.0,633.0
1719326757.1749632,0.0,633.0
1719326757.3582604,0.0,633.0
1719326757.564899,0.0,633.0
1719326757.7273974,0.0,633.0
1719326757.898762,0.0,633.0
1719326758.0583596,0.0,633.0
1719326758.1967144,0.0,633.0
1719326758.33099,0.0,633.0
1719326758.4679823,0.0,633.0
1719326758.6039214,0.0,633.0
1719326758.735931,0.0,633.0
1719326758.86874,0.0,633.0
1719326759.004195,0.0,633.0
1719326759.1518352,0.0,633.0
1719326759.3333158,0.0,633.0
1719326759.5061872,0.0,633.0
1719326759.6742182,0.0,633.0
1719326759.8296294,0.0,633.0
1719326760.0064049,0.0,633.0
1719326760.1590986,0.0,633.0
1719326760.3098323,0.0,633.0
1719326760.4712589,0.0,633.0
1719326760.6149077,0.0,633.0
1719326760.7580523,0.0,633.0
1719326760.9121473,0.0,633.0
1719326761.0749996,0.0,633.0
1719326761.236064,0.0,633.0
1719326761.3810399,0.0,633.0
1719326761.5901902,0.0,633.0
1719326761.7854202,0.0,633.0
1719326761.9912305,0.0,633.0
1719326762.1604886,0.0,633.0
1719326762.3648477,0.0,633.0
1719326762.5426528,0.0,633.0
1719326762.7124763,0.0,633.0
1719326762.868362,0.0,633.0
1719326763.0126703,0.0,633.0
1719326763.1479013,0.0,633.0
1719326763.284087,0.0,633.0
1719326763.4197593,0.0,633.0
1719326763.5513027,0.0,633.0
1719326763.6858842,0.0,633.0
1719326763.8208601,0.0,633.0
1719326763.9553068,0.0,633.0
1719326764.1060839,0.0,633.0
1719326764.27965,0.0,633.0
1719326764.4365468,0.0,633.0
1719326764.5979445,0.0,633.0
1719326764.7680922,0.0,633.0
1719326764.9428067,0.0,633.0
1719326765.0876527,0.0,633.0
1719326765.2321026,0.0,633.0
1719326765.3762395,0.0,633.0
1719326765.5307572,0.0,633.0
1719326765.7489486,0.0,633.0
1719326765.9420104,0.0,633.0
1719326766.093933,0.0,633.0
1719326766.2386885,0.0,633.0
1719326766.4361482,0.0,633.0
1719326766.6414125,0.0,633.0
1719326766.833123,0.0,633.0
1719326766.9863284,0.0,633.0
1719326767.181457,0.0,633.0
1719326767.3433862,0.0,633.0
1719326767.502007,0.0,633.0
1719326767.663373,0.0,633.0
1719326767.8136811,0.0,633.0
1719326767.949293,0.0,633.0
1719326768.0848398,0.0,633.0
1719326768.2179532,0.0,633.0
1719326768.3478203,0.0,633.0
1719326768.4772146,0.0,633.0
1719326768.613084,0.0,633.0
1719326768.7501986,0.0,633.0
1719326768.8860943,0.0,633.0
1719326769.0332983,0.0,633.0
1719326769.2038348,0.0,633.0
1719326769.369926,0.0,633.0
1719326769.5258436,0.0,633.0
1719326769.6817248,0.0,633.0
1719326769.8389401,0.0,633.0
1719326769.9954147,0.0,633.0
1719326770.1701696,0.0,633.0
1719326770.3388314,0.0,633.0
1719326770.4784389,0.0,633.0
1719326770.6523526,0.0,633.0
1719326770.8066223,0.0,633.0
1719326770.962049,0.0,633.0
1719326771.1040533,0.0,633.0
1719326771.297463,0.0,633.0
1719326771.4939198,0.0,633.0
1719326771.6453788,0.0,633.0
1719326771.848653,0.0,633.0
1719326772.0146298,0.0,633.0
1719326772.164544,0.0,633.0
1719326772.3031456,0.0,633.0
1719326772.4630315,0.0,633.0
1719326772.6101742,0.0,633.0
1719326772.751745,0.0,633.0
1719326772.892579,0.0,633.0
1719326773.032014,0.0,633.0
1719326773.166188,0.0,633.0
1719326773.3018372,0.0,633.0
1719326773.4452813,0.0,633.0
1719326773.5857992,0.0,633.0
1719326773.7295322,0.0,633.0
1719326773.8940656,0.0,633.0
1719326774.0635715,0.0,633.0
1719326774.2236881,0.0,633.0
1719326774.3904138,0.0,633.0
1719326774.55177,0.0,633.0
1719326774.689292,0.0,633.0
1719326774.8454545,0.0,633.0
1719326774.9890034,0.0,633.0
1719326775.1367772,0.0,633.0
1719326775.3053555,0.0,633.0
1719326775.4506772,0.0,633.0
1719326775.608831,0.0,633.0
1719326775.7609255,0.0,633.0
1719326775.8990607,0.0,633.0
1719326776.1030586,0.0,633.0
1719326776.276754,0.0,633.0
1719326776.4731276,0.0,633.0
1719326776.6228707,0.0,633.0
1719326776.825559,0.0,633.0
1719326776.9692345,0.0,633.0
1719326777.1126971,0.0,633.0
1719326777.268763,0.0,633.0
1719326777.4170804,0.0,633.0
1719326777.5565958,0.0,633.0
1719326777.6988995,0.0,633.0
1719326777.836057,0.0,633.0
1719326777.9681294,0.0,633.0
1719326778.1036105,0.0,633.0
1719326778.2448916,0.0,633.0
1719326778.3862464,0.0,633.0
1719326778.5363007,0.0,633.0
1719326778.6891544,0.0,633.0
1719326778.8449872,0.0,633.0
1719326779.0086648,0.0,633.0
1719326779.1681674,0.0,633.0
1719326779.3234577,0.0,633.0
1719326779.4813197,0.0,633.0
1719326779.6276994,0.0,633.0
1719326779.7843335,0.0,633.0
1719326779.9347568,0.0,633.0
1719326780.0862336,0.0,633.0
1719326780.247804,0.0,633.0
1719326780.449318,0.0,633.0
1719326780.6545775,0.0,633.0
1719326780.8049748,0.0,633.0
1719326781.0108752,0.0,633.0
1719326781.185222,0.0,633.0
1719326781.33608,0.0,633.0
1719326781.5361223,0.0,633.0
1719326781.6929326,0.0,633.0
1719326781.836198,0.0,633.0
1719326781.993904,0.0,633.0
1719326782.1397893,0.0,633.0
1719326782.2737103,0.0,633.0
1719326782.4090722,0.0,633.0
1719326782.5464897,0.0,633.0
1719326782.6793308,0.0,633.0
1719326782.8111043,0.0,633.0
1719326782.946108,0.0,633.0
1719326783.0811298,0.0,633.0
1719326783.215841,0.0,633.0
1719326783.3847222,0.0,633.0
1719326783.5460703,0.0,633.0
1719326783.7003534,0.0,633.0
1719326783.8655698,0.0,633.0
1719326784.0243504,0.0,633.0
1719326784.2126536,0.0,633.0
1719326784.352742,0.0,633.0
1719326784.5115628,0.0,633.0
1719326784.6595626,0.0,633.0
1719326784.8101196,0.0,633.0
1719326784.9765182,0.0,633.0
1719326785.135262,0.0,633.0
1719326785.2992265,0.0,633.0
1719326785.4492154,0.0,633.0
1719326785.6415815,0.0,633.0
1719326785.844477,0.0,633.0
1719326786.0125382,0.0,633.0
1719326786.2145905,0.0,633.0
1719326786.4018598,0.0,633.0
1719326786.5617292,0.0,633.0
1719326786.6967416,0.0,633.0
1719326786.871502,0.0,633.0
1719326787.0902143,0.0,633.0
1719326787.2252102,0.0,633.0
1719326787.362088,0.0,633.0
1719326787.4975934,0.0,633.0
1719326787.630326,0.0,633.0
1719326787.7661736,0.0,633.0
1719326787.9009154,0.0,633.0
1719326788.03706,0.0,633.0
1719326788.208962,0.0,633.0
1719326788.375233,0.0,633.0
1719326788.5285811,0.0,633.0
1719326788.6914644,0.0,633.0
1719326788.8429868,0.0,633.0
1719326789.0355527,0.0,633.0
1719326789.1735003,0.0,633.0
1719326789.334072,0.0,633.0
1719326789.472956,0.0,633.0
1719326789.6147132,0.0,633.0
1719326789.766642,0.0,633.0
1719326789.936939,0.0,633.0
1719326790.0864375,0.0,633.0
1719326790.2355454,0.0,633.0
1719326790.4227438,0.0,633.0
1719326790.6210656,0.0,633.0
1719326790.8054433,0.0,633.0
1719326791.0082984,0.0,633.0
1719326791.1980424,0.0,633.0
1719326791.3603835,0.0,633.0
1719326791.5200067,0.0,633.0
1719326791.680073,0.0,633.0
1719326791.8510032,0.0,633.0
1719326791.9865878,0.0,633.0
1719326792.1258035,0.0,633.0
1719326792.2592766,0.0,633.0
1719326792.3935559,0.0,633.0
1719326792.5227916,0.0,633.0
1719326792.657282,0.0,633.0
1719326792.7919424,0.0,633.0
1719326792.9271114,0.0,633.0
1719326793.1004438,0.0,633.0
1719326793.2736058,0.0,633.0
1719326793.4262779,0.0,633.0
1719326793.5886347,0.0,633.0
1719326793.7393653,0.0,633.0
1719326793.9164915,0.0,633.0
1719326794.0596964,0.0,633.0
1719326794.2187033,0.0,633.0
1719326794.3592708,0.0,633.0
1719326794.5031588,0.0,633.0
1719326794.6624706,0.0,633.0
1719326794.8572176,0.0,633.0
1719326795.0623853,0.0,633.0
1719326795.2684639,0.0,633.0
1719326795.4685502,0.0,633.0
1719326795.6391408,0.0,633.0
1719326795.7915783,0.0,633.0
1719326795.9908936,0.0,633.0
1719326796.1581717,0.0,633.0
1719326796.3059518,0.0,633.0
1719326796.4738796,0.0,633.0
1719326796.635229,0.0,633.0
1719326796.7730782,0.0,633.0
1719326796.9085348,0.0,633.0
1719326797.0445514,0.0,633.0
1719326797.1787198,0.0,633.0
1719326797.3143673,0.0,633.0
1719326797.4505622,0.0,633.0
1719326797.5881915,0.0,633.0
1719326797.7475991,0.0,633.0
1719326797.9011815,0.0,633.0
1719326798.0747788,0.0,633.0
1719326798.2269804,0.0,633.0
1719326798.3756707,0.0,633.0
1719326798.5561664,0.0,633.0
1719326798.695246,0.0,633.0
1719326798.8635833,0.0,633.0
1719326799.0045793,0.0,633.0
1719326799.1615431,0.0,633.0
1719326799.312226,0.0,633.0
1719326799.458785,0.0,633.0
1719326799.6240206,0.0,633.0
1719326799.7688155,0.0,633.0
1719326799.976271,0.0,633.0
1719326800.1760828,0.0,633.0
1719326800.3748958,0.0,633.0
1719326800.577327,0.0,633.0
1719326800.7668064,0.0,633.0
1719326800.9263062,0.0,633.0
1719326801.0938358,0.0,633.0
1719326801.2531796,0.0,633.0
1719326801.3968394,0.0,633.0
1719326801.533851,0.0,633.0
1719326801.666371,0.0,633.0
1719326801.7994294,0.0,633.0
1719326801.9318354,0.0,633.0
1719326802.0651948,0.0,633.0
1719326802.201272,0.0,633.0
1719326802.3358998,0.0,633.0
1719326802.470854,0.0,633.0
1719326802.6367602,0.0,633.0
1719326802.7872186,0.0,633.0
1719326802.94972,0.0,633.0
1719326803.1164489,0.0,633.0
1719326803.289483,0.0,633.0
1719326803.444025,0.0,633.0
1719326803.5942664,0.0,633.0
1719326803.7616029,0.0,633.0
1719326803.911149,0.0,633.0
1719326804.0626855,0.0,633.0
1719326804.2169213,0.0,633.0
1719326804.3774185,0.0,633.0
1719326804.5289505,0.0,633.0
1719326804.6839807,0.0,633.0
1719326804.8865664,0.0,633.0
1719326805.088773,0.0,633.0
1719326805.247544,0.0,633.0
1719326805.4469278,0.0,633.0
