timestamp,gpu_util,gpu_mem
1719338975.270433,0.0,4.0
1719338975.401593,0.0,4.0
1719338975.532669,0.0,4.0
1719338975.6627479,0.0,21.0
1719338975.8036475,0.0,633.0
1719338975.9307604,7.0,633.0
1719338976.0560067,7.0,633.0
1719338976.2589006,0.0,633.0
1719338976.3888023,0.0,633.0
1719338976.5157845,0.0,633.0
1719338976.6431222,0.0,633.0
1719338976.7696495,0.0,633.0
1719338976.8957567,0.0,633.0
1719338977.0252867,0.0,633.0
1719338977.1527693,0.0,633.0
1719338977.2790012,0.0,633.0
1719338977.4049752,0.0,633.0
1719338977.5317085,0.0,633.0
1719338977.6619728,0.0,633.0
1719338977.7892919,0.0,633.0
1719338977.9177797,0.0,633.0
1719338978.0452168,0.0,633.0
1719338978.1728876,0.0,633.0
1719338978.2994552,0.0,633.0
1719338978.4252994,0.0,633.0
1719338978.5512831,0.0,633.0
1719338978.6784413,0.0,633.0
1719338978.8044493,0.0,633.0
1719338978.9320142,0.0,633.0
1719338979.0586374,0.0,633.0
1719338979.185265,0.0,633.0
1719338979.3268752,0.0,633.0
1719338979.4620595,0.0,633.0
1719338979.5917,0.0,633.0
1719338979.7236218,0.0,633.0
1719338979.8553388,0.0,633.0
1719338979.982867,0.0,633.0
1719338980.1091893,0.0,633.0
1719338980.2353928,0.0,633.0
1719338980.365673,0.0,633.0
1719338980.4928327,0.0,633.0
1719338980.6191761,0.0,633.0
1719338980.746367,0.0,633.0
1719338980.8741221,0.0,633.0
1719338981.0022337,0.0,633.0
1719338981.1283653,0.0,633.0
1719338981.257125,0.0,633.0
1719338981.387076,0.0,633.0
1719338981.5181186,0.0,633.0
1719338981.6487653,0.0,633.0
1719338981.782042,0.0,633.0
1719338981.9097571,0.0,633.0
1719338982.0385592,0.0,633.0
1719338982.1695921,0.0,633.0
1719338982.2977483,0.0,633.0
1719338982.4254184,0.0,633.0
1719338982.5523105,0.0,633.0
1719338982.6792696,0.0,633.0
1719338982.8060784,0.0,633.0
1719338982.9332879,0.0,633.0
1719338983.0624506,0.0,633.0
1719338983.1929228,0.0,633.0
1719338983.321023,0.0,633.0
1719338983.4489677,0.0,633.0
1719338983.577055,0.0,633.0
1719338983.7080173,0.0,633.0
1719338983.836258,0.0,633.0
1719338983.9679778,0.0,633.0
1719338984.0990627,0.0,633.0
1719338984.2295043,0.0,633.0
1719338984.3621538,0.0,633.0
1719338984.493027,0.0,633.0
1719338984.6237833,0.0,633.0
1719338984.7537663,0.0,633.0
1719338984.8813734,0.0,633.0
1719338985.0080526,0.0,633.0
1719338985.1383123,0.0,633.0
1719338985.2656527,0.0,633.0
1719338985.3959472,0.0,633.0
1719338985.527028,0.0,633.0
1719338985.655522,0.0,633.0
1719338985.7874289,0.0,633.0
1719338985.9171128,0.0,633.0
1719338986.0470037,0.0,633.0
1719338986.174918,0.0,633.0
1719338986.3058882,0.0,633.0
1719338986.434026,0.0,633.0
1719338986.5631742,0.0,633.0
1719338986.6951115,0.0,633.0
1719338986.8229518,0.0,633.0
1719338986.9500508,0.0,633.0
1719338987.0775268,0.0,633.0
1719338987.2042406,0.0,633.0
1719338987.3363209,0.0,633.0
1719338987.4664958,0.0,633.0
1719338987.5979447,0.0,633.0
1719338987.728707,0.0,633.0
1719338987.8570752,0.0,633.0
1719338987.9857645,0.0,633.0
1719338988.115055,0.0,633.0
1719338988.2439497,0.0,633.0
1719338988.3734055,0.0,633.0
1719338988.5035744,0.0,633.0
1719338988.6309958,0.0,633.0
1719338988.761348,0.0,633.0
1719338988.8901849,0.0,633.0
1719338989.0183578,0.0,633.0
1719338989.1471252,0.0,633.0
1719338989.2761414,0.0,633.0
1719338989.4046903,0.0,633.0
1719338989.5351586,0.0,633.0
1719338989.6667168,0.0,633.0
1719338989.7989428,0.0,633.0
1719338989.929631,0.0,633.0
1719338990.0598361,0.0,633.0
1719338990.1893518,0.0,633.0
1719338990.3203871,0.0,633.0
1719338990.4511244,0.0,633.0
1719338990.5816245,0.0,633.0
1719338990.7135918,0.0,633.0
1719338990.842626,0.0,633.0
1719338990.9704561,0.0,633.0
1719338991.0988429,0.0,633.0
1719338991.2295012,0.0,633.0
1719338991.3597238,0.0,633.0
1719338991.4920607,0.0,633.0
1719338991.622747,0.0,633.0
1719338991.7549233,0.0,633.0
1719338991.883749,0.0,633.0
1719338992.0146992,0.0,633.0
1719338992.1467676,0.0,633.0
1719338992.275903,0.0,633.0
1719338992.4045355,0.0,633.0
1719338992.5346766,0.0,633.0
1719338992.6622744,0.0,633.0
1719338992.7907,0.0,633.0
1719338992.9187567,0.0,633.0
1719338993.0461028,0.0,633.0
1719338993.173182,0.0,633.0
1719338993.2996318,0.0,633.0
1719338993.4263082,0.0,633.0
1719338993.5539339,0.0,633.0
1719338993.6833782,0.0,633.0
1719338993.810032,0.0,633.0
1719338993.9365711,0.0,633.0
1719338994.0631604,0.0,633.0
1719338994.1915367,0.0,633.0
1719338994.3184762,0.0,633.0
1719338994.4459724,0.0,633.0
1719338994.5727258,0.0,633.0
1719338994.7025247,0.0,633.0
1719338994.832525,0.0,633.0
1719338994.9628947,0.0,633.0
1719338995.0926676,0.0,633.0
1719338995.2225497,0.0,633.0
1719338995.3513706,0.0,633.0
1719338995.480238,0.0,633.0
1719338995.6113012,0.0,633.0
1719338995.7417254,0.0,633.0
1719338995.8732414,0.0,633.0
1719338996.0014803,0.0,633.0
1719338996.1298723,0.0,633.0
1719338996.2597222,0.0,633.0
1719338996.3882966,0.0,633.0
1719338996.5165386,0.0,633.0
1719338996.6487687,0.0,633.0
1719338996.7804565,0.0,633.0
1719338996.9114184,0.0,633.0
1719338997.0424304,0.0,633.0
1719338997.171182,0.0,633.0
1719338997.3008728,0.0,633.0
1719338997.4314816,0.0,633.0
1719338997.5623417,0.0,633.0
1719338997.6955216,0.0,633.0
1719338997.8260891,0.0,633.0
1719338997.9577236,0.0,633.0
1719338998.0872357,0.0,633.0
1719338998.2156448,0.0,633.0
1719338998.343842,0.0,633.0
1719338998.4730134,0.0,633.0
1719338998.600802,0.0,633.0
1719338998.7321436,0.0,633.0
1719338998.8636503,0.0,633.0
1719338998.994386,0.0,633.0
1719338999.1259177,0.0,633.0
1719338999.2554119,0.0,633.0
1719338999.3861754,0.0,633.0
1719338999.518581,0.0,633.0
1719338999.6499693,0.0,633.0
1719338999.78284,0.0,633.0
1719338999.9128256,0.0,633.0
1719339000.041392,0.0,633.0
1719339000.1701624,0.0,633.0
1719339000.299405,0.0,633.0
1719339000.4266539,0.0,633.0
1719339000.5535798,0.0,633.0
1719339000.6807709,0.0,633.0
1719339000.8097813,0.0,633.0
1719339000.9382656,0.0,633.0
1719339001.0660772,0.0,633.0
1719339001.1930823,0.0,633.0
1719339001.3217082,0.0,633.0
1719339001.448368,0.0,633.0
1719339001.575108,0.0,633.0
1719339001.7023385,0.0,633.0
1719339001.8293402,0.0,633.0
1719339001.9579709,0.0,633.0
1719339002.0844696,0.0,633.0
1719339002.2316892,0.0,633.0
1719339002.3785477,0.0,633.0
1719339002.5238,0.0,633.0
1719339002.679431,0.0,633.0
1719339002.8268003,0.0,633.0
1719339003.0083747,0.0,633.0
1719339003.1490052,0.0,633.0
1719339003.306676,0.0,633.0
1719339003.4387908,0.0,633.0
1719339003.5759642,0.0,633.0
1719339003.7337282,0.0,633.0
1719339003.8858767,0.0,633.0
1719339004.0370343,0.0,633.0
1719339004.2230253,0.0,633.0
1719339004.4028125,0.0,633.0
1719339004.5988772,0.0,633.0
1719339004.797878,0.0,633.0
1719339004.9528522,0.0,633.0
1719339005.1056604,0.0,633.0
1719339005.2533453,0.0,633.0
1719339005.4006665,0.0,633.0
1719339005.5537784,0.0,633.0
1719339005.6863055,0.0,633.0
1719339005.8187485,0.0,2389.0
1719339005.951054,0.0,2401.0
1719339006.0844882,6.0,7651.0
1719339006.2197196,6.0,9721.0
1719339006.3651426,62.0,30395.0
1719339006.513143,82.0,30395.0
1719339006.668378,58.0,32709.0
1719339006.8324318,61.0,49615.0
1719339006.989537,100.0,49615.0
1719339007.1681514,100.0,49617.0
1719339007.3127475,100.0,49619.0
1719339007.4708085,97.0,49633.0
1719339007.644682,16.0,49633.0
1719339007.812305,16.0,49633.0
1719339007.9887369,0.0,49633.0
1719339008.1670263,0.0,49633.0
1719339008.3674366,0.0,49633.0
1719339008.5714355,0.0,49633.0
1719339008.795906,0.0,49633.0
1719339008.9635623,0.0,49633.0
1719339009.1541142,0.0,49633.0
1719339009.317968,0.0,49633.0
1719339009.4811783,0.0,49633.0
1719339009.6567912,0.0,49633.0
1719339009.7970717,0.0,49633.0
1719339009.9357886,0.0,49633.0
1719339010.0753634,61.0,49633.0
1719339010.2150123,61.0,49633.0
1719339010.3958654,100.0,49633.0
1719339010.563857,99.0,49633.0
1719339010.7283776,100.0,49633.0
1719339010.9098969,100.0,49633.0
1719339011.0707407,100.0,49633.0
1719339011.2396133,13.0,49633.0
1719339011.4037814,0.0,49633.0
1719339011.5780735,0.0,49633.0
1719339011.7443821,0.0,49633.0
1719339011.937899,0.0,49633.0
1719339012.1073027,0.0,49633.0
1719339012.268102,0.0,49633.0
1719339012.4414809,0.0,49633.0
1719339012.645977,0.0,49633.0
1719339012.8221328,0.0,49633.0
1719339013.0227623,0.0,49633.0
1719339013.2344444,0.0,49633.0
1719339013.4153032,0.0,49633.0
1719339013.5811942,0.0,49633.0
1719339013.7344654,0.0,49633.0
1719339013.873492,0.0,49633.0
1719339014.011258,0.0,49633.0
1719339014.150555,0.0,49633.0
1719339014.290183,78.0,49633.0
1719339014.4328537,78.0,49633.0
1719339014.570687,100.0,49633.0
1719339014.7532835,99.0,49633.0
1719339014.9162426,100.0,49633.0
1719339015.0752566,100.0,49633.0
1719339015.2399828,100.0,49633.0
1719339015.4161518,97.0,49633.0
1719339015.5703154,3.0,49633.0
1719339015.7365158,0.0,49633.0
1719339015.887764,0.0,49633.0
1719339016.0666885,0.0,49633.0
1719339016.2398133,0.0,49633.0
1719339016.3942888,0.0,49633.0
1719339016.5638072,0.0,49633.0
1719339016.7675343,0.0,49633.0
1719339016.9297402,0.0,49633.0
1719339017.1298957,0.0,49633.0
1719339017.305633,0.0,49633.0
1719339017.4797442,0.0,49633.0
1719339017.6320143,0.0,49633.0
1719339017.791308,0.0,49633.0
1719339017.9489613,0.0,49633.0
1719339018.0878763,0.0,49633.0
1719339018.2276626,0.0,49633.0
1719339018.3671582,31.0,49633.0
1719339018.508845,100.0,49633.0
1719339018.6467273,100.0,49633.0
1719339018.8111358,98.0,49633.0
1719339018.9817877,100.0,49633.0
1719339019.148728,100.0,49633.0
1719339019.3119056,100.0,49633.0
1719339019.4818394,53.0,49633.0
1719339019.667346,0.0,49633.0
1719339019.8581717,0.0,49633.0
1719339019.996133,0.0,49633.0
1719339020.1504104,0.0,49633.0
1719339020.315642,0.0,49633.0
1719339020.4827728,0.0,49633.0
1719339020.640496,0.0,49633.0
1719339020.8424056,0.0,49633.0
1719339021.045893,0.0,49633.0
1719339021.261337,0.0,49633.0
1719339021.4141574,0.0,49633.0
1719339021.615011,0.0,49633.0
1719339021.7621772,0.0,49633.0
1719339021.9286919,0.0,49633.0
1719339022.0964782,0.0,49633.0
1719339022.2361958,0.0,49633.0
1719339022.3752108,0.0,49633.0
1719339022.5138483,0.0,49633.0
1719339022.6570241,64.0,49633.0
1719339022.7942116,100.0,49633.0
1719339022.932682,100.0,49633.0
1719339023.0941122,99.0,49633.0
1719339023.2914844,100.0,49633.0
1719339023.4550648,100.0,49633.0
1719339023.6203246,11.0,49633.0
1719339023.8437963,11.0,49633.0
1719339024.0101862,0.0,49633.0
1719339024.1579752,0.0,49633.0
1719339024.3083742,0.0,49633.0
1719339024.483401,0.0,49633.0
1719339024.6474998,0.0,49633.0
1719339024.8104148,0.0,49633.0
1719339025.00672,0.0,49633.0
1719339025.2118428,0.0,49633.0
1719339025.4145644,0.0,49633.0
1719339025.5799344,0.0,49633.0
1719339025.7822983,0.0,49633.0
1719339025.945265,0.0,49633.0
1719339026.1051674,0.0,49633.0
1719339026.2598987,0.0,49633.0
1719339026.3988657,0.0,49633.0
1719339026.538524,0.0,49633.0
1719339026.6755073,9.0,49633.0
1719339026.8153477,100.0,49633.0
1719339026.954855,100.0,49633.0
1719339027.1280026,99.0,49633.0
1719339027.2839687,99.0,49633.0
1719339027.4367745,100.0,49633.0
1719339027.5994773,100.0,49633.0
1719339027.7637324,73.0,49633.0
1719339027.9457788,0.0,49633.0
1719339028.10886,0.0,49633.0
1719339028.2546792,0.0,49633.0
1719339028.4136546,0.0,49633.0
1719339028.6021726,0.0,49633.0
1719339028.7941623,0.0,49633.0
1719339028.9983604,0.0,49633.0
1719339029.2114058,0.0,49633.0
1719339029.3737104,0.0,49633.0
1719339029.548508,0.0,49633.0
1719339029.770546,0.0,49633.0
1719339029.9348843,0.0,49633.0
1719339030.0978513,0.0,49633.0
1719339030.2586024,0.0,49633.0
1719339030.3976645,0.0,49633.0
1719339030.5375783,0.0,49633.0
1719339030.675907,0.0,49633.0
1719339030.8165722,93.0,49633.0
1719339030.9563007,93.0,49633.0
1719339031.139921,100.0,49633.0
1719339031.3096752,100.0,49633.0
1719339031.4797673,100.0,49633.0
1719339031.6563997,100.0,49633.0
1719339031.8114913,86.0,49633.0
1719339031.987765,0.0,49633.0
1719339032.1612513,0.0,49633.0
1719339032.3068185,0.0,49633.0
1719339032.4706278,0.0,49633.0
1719339032.6446497,0.0,49633.0
1719339032.7962122,0.0,49633.0
1719339032.9518707,0.0,49633.0
1719339033.126112,0.0,49633.0
1719339033.3381464,0.0,49633.0
1719339033.499487,0.0,49633.0
1719339033.7093673,0.0,49633.0
1719339033.912118,0.0,49633.0
1719339034.0960598,0.0,49633.0
1719339034.253667,0.0,49633.0
1719339034.4169743,0.0,49633.0
1719339034.5554764,0.0,49633.0
1719339034.6973283,0.0,49633.0
1719339034.8376014,27.0,49633.0
1719339034.978073,27.0,49633.0
1719339035.118817,100.0,49633.0
1719339035.2655573,99.0,49633.0
1719339035.4300451,100.0,49633.0
1719339035.6135643,100.0,49633.0
1719339035.7749753,100.0,49633.0
1719339035.9298112,100.0,49633.0
1719339036.103498,56.0,49633.0
1719339036.2602267,0.0,49633.0
1719339036.4166584,0.0,49633.0
1719339036.575013,0.0,49633.0
1719339036.7380528,0.0,49633.0
1719339036.9179213,0.0,49633.0
1719339037.0815518,0.0,49633.0
1719339037.285354,0.0,49633.0
1719339037.4855933,0.0,49633.0
1719339037.662064,0.0,49633.0
1719339037.8720322,0.0,49633.0
1719339038.0466778,0.0,49633.0
1719339038.2195547,0.0,49633.0
1719339038.376822,0.0,49633.0
1719339038.5507135,0.0,49633.0
1719339038.6895785,0.0,49633.0
1719339038.8328228,0.0,49633.0
1719339038.9723244,0.0,49633.0
1719339039.111738,69.0,49633.0
1719339039.2515635,69.0,49633.0
1719339039.3977325,99.0,49633.0
1719339039.5608895,100.0,49633.0
1719339039.7379413,100.0,49633.0
1719339039.914084,100.0,49633.0
1719339040.0739837,100.0,49633.0
1719339040.2666132,7.0,49633.0
1719339040.421339,0.0,49633.0
1719339040.5700006,0.0,49633.0
1719339040.7260659,0.0,49633.0
1719339040.8936062,0.0,49633.0
1719339041.0523977,0.0,49633.0
1719339041.2034712,0.0,49633.0
1719339041.4132807,0.0,49633.0
1719339041.6134872,0.0,49633.0
1719339041.7895045,0.0,49633.0
1719339041.9865017,0.0,49633.0
1719339042.1903486,0.0,49633.0
1719339042.3827195,0.0,49633.0
1719339042.5424013,0.0,49633.0
1719339042.7205517,0.0,49633.0
1719339042.8596168,0.0,49633.0
1719339042.9991798,0.0,49633.0
1719339043.1390483,0.0,49633.0
1719339043.2807689,98.0,49633.0
1719339043.4187467,98.0,49633.0
1719339043.61009,99.0,49633.0
1719339043.7770698,100.0,49633.0
1719339043.9434605,100.0,49633.0
1719339044.1154432,100.0,49633.0
1719339044.2726293,81.0,49633.0
1719339044.4532537,0.0,49633.0
1719339044.6015155,0.0,49633.0
1719339044.7668586,0.0,49633.0
1719339044.926317,0.0,49633.0
1719339045.0992248,0.0,49633.0
1719339045.2664838,0.0,49633.0
1719339045.4192574,0.0,49633.0
1719339045.5761075,0.0,49633.0
1719339045.778893,0.0,49633.0
1719339045.9385962,0.0,49633.0
1719339046.1303663,0.0,49633.0
1719339046.2828155,0.0,49633.0
1719339046.4943752,0.0,49633.0
1719339046.6418092,0.0,49633.0
1719339046.8012311,0.0,49633.0
1719339046.9654381,0.0,49633.0
1719339047.1044357,0.0,49633.0
1719339047.2449052,0.0,49633.0
1719339047.384998,0.0,49633.0
1719339047.5249434,92.0,49633.0
1719339047.6646264,100.0,49633.0
1719339047.8036542,100.0,49633.0
1719339047.9718997,99.0,49633.0
1719339048.1475592,100.0,49633.0
1719339048.3126092,100.0,49633.0
1719339048.4841022,87.0,49633.0
1719339048.6695352,87.0,49633.0
1719339048.8371923,0.0,49633.0
1719339048.981782,0.0,49633.0
1719339049.1390002,0.0,49633.0
1719339049.298538,0.0,49633.0
1719339049.457226,0.0,49633.0
1719339049.6233795,0.0,49633.0
1719339049.7953322,0.0,49633.0
1719339049.997493,0.0,49633.0
1719339050.195964,0.0,49633.0
1719339050.393933,0.0,49633.0
1719339050.5598745,0.0,49633.0
1719339050.7581751,0.0,49633.0
1719339050.911633,0.0,49633.0
1719339051.074302,0.0,49633.0
1719339051.242488,0.0,49633.0
1719339051.3819716,0.0,49633.0
1719339051.5216067,0.0,49633.0
1719339051.6606126,0.0,49633.0
1719339051.8044767,52.0,49633.0
1719339051.9458334,100.0,49633.0
1719339052.0867374,100.0,49633.0
1719339052.242284,100.0,49633.0
1719339052.407194,100.0,49633.0
1719339052.5656497,100.0,49633.0
1719339052.7222807,100.0,49633.0
1719339052.8846936,22.0,49633.0
1719339053.047498,0.0,49633.0
1719339053.2051826,0.0,49633.0
1719339053.359006,0.0,49633.0
1719339053.5395615,0.0,49633.0
1719339053.706631,0.0,49633.0
1719339053.8633351,0.0,49633.0
1719339054.0112262,0.0,49633.0
1719339054.215789,0.0,49633.0
1719339054.3934944,0.0,49633.0
1719339054.5906262,0.0,49633.0
1719339054.7624884,0.0,49633.0
1719339054.9554133,0.0,49633.0
1719339055.1009152,0.0,49633.0
1719339055.2680926,0.0,49633.0
1719339055.426728,0.0,49633.0
1719339055.5661151,0.0,49633.0
1719339055.706353,0.0,49633.0
1719339055.848202,0.0,49633.0
1719339055.9916015,97.0,49633.0
1719339056.1315823,97.0,49633.0
1719339056.2878814,100.0,49633.0
1719339056.4539654,99.0,49633.0
1719339056.6100469,100.0,49633.0
1719339056.7717059,100.0,49633.0
1719339056.92995,83.0,49633.0
1719339057.1146905,0.0,49633.0
1719339057.2772443,0.0,49633.0
1719339057.4367938,0.0,49633.0
1719339057.5993676,0.0,49633.0
1719339057.7609797,0.0,49633.0
1719339057.919087,0.0,49633.0
1719339058.0834105,0.0,49633.0
1719339058.2297947,0.0,49633.0
1719339058.4336436,0.0,49633.0
1719339058.612888,0.0,49633.0
1719339058.790708,0.0,49633.0
1719339058.9501536,0.0,49633.0
1719339059.1455326,0.0,49633.0
1719339059.294826,0.0,49633.0
1719339059.4607956,0.0,49633.0
1719339059.6303778,0.0,49633.0
1719339059.778608,0.0,49633.0
1719339059.9184916,0.0,49633.0
1719339060.0555663,6.0,49633.0
1719339060.1950262,100.0,49633.0
1719339060.3341582,100.0,49633.0
1719339060.5025582,100.0,49633.0
1719339060.6807272,100.0,49633.0
1719339060.8462696,100.0,49633.0
1719339061.0237963,100.0,49633.0
1719339061.1865914,75.0,49633.0
1719339061.3739445,0.0,49633.0
1719339061.5426404,0.0,49633.0
1719339061.6952941,0.0,49633.0
1719339061.8455052,0.0,49633.0
1719339061.9884806,0.0,49633.0
1719339062.1524055,0.0,49633.0
1719339062.3116739,0.0,49633.0
1719339062.4799259,0.0,49633.0
1719339062.6773765,0.0,49633.0
1719339062.8757758,0.0,49633.0
1719339063.0799992,0.0,49633.0
1719339063.248736,0.0,49633.0
1719339063.451245,0.0,49633.0
1719339063.6125178,0.0,49633.0
1719339063.7850463,0.0,49633.0
1719339063.9434714,0.0,49633.0
1719339064.0836444,0.0,49633.0
1719339064.2236457,0.0,49633.0
1719339064.3616102,0.0,49633.0
1719339064.5008082,82.0,49633.0
1719339064.6392481,100.0,49633.0
1719339064.8090615,99.0,49633.0
1719339064.9845877,100.0,49633.0
1719339065.140811,100.0,49633.0
1719339065.3280396,96.0,49633.0
1719339065.506062,96.0,49633.0
1719339065.6539493,0.0,49633.0
1719339065.8130949,0.0,49633.0
1719339065.9617636,0.0,49633.0
1719339066.1135006,0.0,49633.0
1719339066.2831504,0.0,49633.0
1719339066.438825,0.0,49633.0
1719339066.5983348,0.0,49633.0
1719339066.8028114,0.0,49633.0
1719339067.0043194,0.0,49633.0
1719339067.2218134,0.0,49633.0
1719339067.3772871,0.0,49633.0
1719339067.565949,0.0,49633.0
1719339067.7263067,0.0,49633.0
1719339067.8965137,0.0,49633.0
1719339068.0659633,0.0,49633.0
1719339068.204009,0.0,49633.0
1719339068.3446538,0.0,49633.0
1719339068.4831069,14.0,49633.0
1719339068.624207,14.0,49633.0
1719339068.7650998,95.0,49633.0
1719339068.936856,95.0,49633.0
1719339069.0960643,100.0,49633.0
1719339069.2710557,100.0,49633.0
1719339069.4460073,100.0,49633.0
1719339069.623891,72.0,49633.0
1719339069.7786627,72.0,49633.0
1719339069.9522047,0.0,49633.0
1719339070.094351,0.0,49633.0
1719339070.247469,0.0,49633.0
1719339070.401009,0.0,49633.0
1719339070.5417879,0.0,49633.0
1719339070.7084122,0.0,49633.0
1719339070.8567255,0.0,49633.0
1719339071.057836,0.0,49633.0
1719339071.2618318,0.0,49633.0
1719339071.4649997,0.0,49633.0
1719339071.6423252,0.0,49633.0
1719339071.8417559,0.0,49633.0
1719339071.9938633,0.0,49633.0
1719339072.1490428,0.0,49633.0
1719339072.304561,0.0,49633.0
1719339072.4437878,0.0,49633.0
1719339072.5834603,0.0,49633.0
1719339072.7202094,23.0,49633.0
1719339072.8604352,100.0,49633.0
1719339072.999176,99.0,49633.0
1719339073.1680965,99.0,49633.0
1719339073.333153,100.0,49633.0
1719339073.4955335,100.0,49633.0
1719339073.657838,100.0,49633.0
1719339073.837637,60.0,49633.0
1719339074.0271442,60.0,49633.0
1719339074.2124631,0.0,49633.0
1719339074.3544266,0.0,49633.0
1719339074.5105062,0.0,49633.0
1719339074.6675565,0.0,49633.0
1719339074.833127,0.0,49633.0
1719339074.9995592,0.0,49633.0
1719339075.2015502,0.0,49633.0
1719339075.4030826,0.0,49633.0
1719339075.6068702,0.0,49633.0
1719339075.7885735,0.0,49633.0
1719339075.9772892,0.0,49633.0
1719339076.1426518,0.0,49633.0
1719339076.3230526,0.0,49633.0
1719339076.486095,0.0,49633.0
1719339076.625501,0.0,49633.0
1719339076.7655582,0.0,49633.0
1719339076.905334,18.0,49633.0
1719339077.0459363,18.0,49633.0
1719339077.1847801,100.0,49633.0
1719339077.3861716,99.0,49633.0
1719339077.552645,100.0,49633.0
1719339077.7258558,100.0,49633.0
1719339077.8975146,100.0,49633.0
1719339078.0597003,64.0,49633.0
1719339078.235943,0.0,49633.0
1719339078.4103737,0.0,49633.0
1719339078.5765958,0.0,49633.0
1719339078.7221813,0.0,49633.0
1719339078.8774176,0.0,49633.0
1719339079.0345633,0.0,49633.0
1719339079.1940043,0.0,49633.0
1719339079.3975532,0.0,49633.0
1719339079.5836275,0.0,49633.0
1719339079.7621534,0.0,49633.0
1719339079.9706752,0.0,49633.0
1719339080.1645834,0.0,49633.0
1719339080.3301637,0.0,49633.0
1719339080.4962144,0.0,49633.0
1719339080.6764321,0.0,49633.0
1719339080.8165116,0.0,49633.0
1719339080.9563048,0.0,49633.0
1719339081.095891,0.0,49633.0
1719339081.235599,100.0,49633.0
1719339081.3739536,100.0,49633.0
1719339081.5130544,99.0,49633.0
1719339081.6633806,99.0,49633.0
1719339081.8340096,100.0,49633.0
1719339082.0236301,100.0,49633.0
1719339082.1960874,51.0,49633.0
1719339082.3836997,51.0,49633.0
1719339082.5276158,0.0,49633.0
1719339082.7066746,0.0,49633.0
1719339082.8842056,0.0,49633.0
1719339083.0362775,0.0,49633.0
1719339083.2081046,0.0,49633.0
1719339083.3745117,0.0,49633.0
1719339083.574161,0.0,49633.0
1719339083.7803075,0.0,49633.0
1719339083.9787462,0.0,49633.0
1719339084.170154,0.0,49633.0
1719339084.377345,0.0,49633.0
1719339084.5240145,0.0,49633.0
1719339084.6834335,0.0,49633.0
1719339084.836927,0.0,49633.0
1719339084.9763625,0.0,49633.0
1719339085.116958,0.0,49633.0
1719339085.2567115,0.0,49633.0
1719339085.3975163,67.0,49633.0
1719339085.539096,67.0,49633.0
1719339085.6796632,100.0,49633.0
1719339085.8508313,100.0,49633.0
1719339086.0174096,100.0,49633.0
1719339086.187503,100.0,49633.0
1719339086.3512022,100.0,49633.0
1719339086.5240183,100.0,49633.0
1719339086.6773005,10.0,49633.0
1719339086.831789,0.0,49633.0
1719339086.9982955,0.0,49633.0
1719339087.1566784,0.0,49633.0
1719339087.3211925,0.0,49633.0
1719339087.4807,0.0,49633.0
1719339087.6593008,0.0,49633.0
1719339087.8616257,0.0,49633.0
1719339088.026981,0.0,49633.0
1719339088.222501,0.0,49633.0
1719339088.429936,0.0,49633.0
1719339088.5870557,0.0,49633.0
1719339088.727149,0.0,49633.0
1719339088.8868937,0.0,49633.0
1719339089.0652769,0.0,49633.0
1719339089.2034807,0.0,49633.0
1719339089.3428383,0.0,49633.0
1719339089.48127,0.0,49633.0
1719339089.6225479,80.0,49633.0
1719339089.7609313,100.0,49633.0
1719339089.9023745,100.0,49633.0
1719339090.0766752,100.0,49633.0
1719339090.2446177,100.0,49633.0
1719339090.4216545,100.0,49633.0
1719339090.590985,97.0,49633.0
1719339090.7709558,0.0,49633.0
1719339090.927822,0.0,49633.0
1719339091.0731385,0.0,49633.0
1719339091.2351825,0.0,49633.0
1719339091.3922486,0.0,49633.0
1719339091.556577,0.0,49633.0
1719339091.7139919,0.0,49633.0
1719339091.8945293,0.0,49633.0
1719339092.0991435,0.0,49633.0
1719339092.2422655,0.0,49633.0
1719339092.440993,0.0,49633.0
1719339092.616064,0.0,49633.0
1719339092.7873664,0.0,49633.0
1719339092.940725,0.0,49633.0
1719339093.098512,0.0,49633.0
1719339093.2557755,0.0,49633.0
1719339093.395002,0.0,49633.0
1719339093.5345757,0.0,49633.0
1719339093.6720421,0.0,49633.0
1719339093.8116095,100.0,49633.0
1719339093.9511805,100.0,49633.0
1719339094.1190016,99.0,49633.0
1719339094.2780278,100.0,49633.0
1719339094.4488676,100.0,49633.0
1719339094.6207204,100.0,49633.0
1719339094.7961328,81.0,49633.0
1719339094.9642339,0.0,49633.0
1719339095.1275828,0.0,49633.0
1719339095.274144,0.0,49633.0
1719339095.436189,0.0,49633.0
1719339095.6001482,0.0,49633.0
1719339095.7685466,0.0,49633.0
1719339095.933128,0.0,49633.0
1719339096.1345718,0.0,49633.0
1719339096.3305664,0.0,49633.0
1719339096.5340111,0.0,49633.0
1719339096.715954,0.0,49633.0
1719339096.905254,0.0,49633.0
1719339097.0685983,0.0,49633.0
1719339097.2404675,0.0,49633.0
1719339097.4003825,0.0,49633.0
1719339097.5395436,0.0,49633.0
1719339097.679501,0.0,49633.0
1719339097.8188365,10.0,49633.0
1719339097.9594393,10.0,49633.0
1719339098.0980752,100.0,49633.0
1719339098.2396066,99.0,49633.0
1719339098.4021907,100.0,49633.0
1719339098.5696063,100.0,49633.0
1719339098.7322538,100.0,49633.0
1719339098.8965573,71.0,49633.0
1719339099.0986173,71.0,49633.0
1719339099.2482767,0.0,49633.0
1719339099.4087276,0.0,49633.0
1719339099.5614226,0.0,49633.0
1719339099.7439163,0.0,49633.0
1719339099.9177587,0.0,49633.0
1719339100.0821166,0.0,49633.0
1719339100.2253735,0.0,49633.0
1719339100.425759,0.0,49633.0
1719339100.5965626,0.0,49633.0
1719339100.7859957,0.0,49633.0
1719339100.9426987,0.0,49633.0
1719339101.1553726,0.0,49633.0
1719339101.3098536,0.0,49633.0
1719339101.4676046,0.0,49633.0
1719339101.6321259,0.0,49633.0
1719339101.7731543,0.0,49633.0
1719339101.9122775,0.0,49633.0
1719339102.0512428,47.0,49633.0
1719339102.1912177,47.0,49633.0
1719339102.3283517,100.0,49633.0
1719339102.5134192,99.0,49633.0
1719339102.685146,100.0,49633.0
1719339102.8458114,100.0,49633.0
1719339103.019121,100.0,49633.0
1719339103.1784573,29.0,49633.0
1719339103.3499844,29.0,49633.0
1719339103.5188851,0.0,49633.0
1719339103.6658251,0.0,49633.0
1719339103.8129878,0.0,49633.0
1719339103.9880557,0.0,49633.0
1719339104.1951096,0.0,49633.0
1719339104.3913877,0.0,49633.0
1719339104.574668,0.0,49633.0
1719339104.7514558,0.0,49633.0
1719339104.9324396,0.0,49633.0
1719339105.142372,0.0,49633.0
1719339105.3191695,0.0,49633.0
1719339105.481117,0.0,49633.0
1719339105.639705,0.0,49633.0
1719339105.778168,0.0,49633.0
1719339105.918505,0.0,49633.0
1719339106.0646718,31.0,49633.0
1719339106.206017,31.0,49633.0
1719339106.3463185,100.0,49633.0
1719339106.490658,99.0,49633.0
1719339106.6690679,100.0,49633.0
1719339106.8409617,100.0,49633.0
1719339107.0245876,100.0,49633.0
1719339107.1860514,53.0,49633.0
1719339107.3654013,0.0,49633.0
1719339107.5472674,0.0,49633.0
1719339107.6946626,0.0,49633.0
1719339107.844157,0.0,49633.0
1719339107.9981859,0.0,49633.0
1719339108.158005,0.0,49633.0
1719339108.3221421,0.0,49633.0
1719339108.5273204,0.0,49633.0
1719339108.7391891,0.0,49633.0
1719339108.9334803,0.0,49633.0
1719339109.1218827,0.0,49633.0
1719339109.2986813,0.0,49633.0
1719339109.4823344,0.0,49633.0
1719339109.6519463,0.0,49633.0
1719339109.8067594,0.0,49633.0
1719339109.9463537,0.0,49633.0
1719339110.0869057,0.0,49633.0
1719339110.2273288,0.0,49633.0
1719339110.3697019,61.0,49633.0
1719339110.5084674,100.0,49633.0
1719339110.6629038,99.0,49633.0
1719339110.8265455,99.0,49633.0
1719339110.9829373,100.0,49633.0
1719339111.1570275,100.0,49633.0
1719339111.3177826,100.0,49633.0
1719339111.4706588,14.0,49633.0
1719339111.6328666,0.0,49633.0
1719339111.7775142,0.0,49633.0
1719339111.9257746,0.0,49633.0
1719339112.093502,0.0,49633.0
1719339112.252213,0.0,49633.0
1719339112.4062605,0.0,49633.0
1719339112.5635247,0.0,49633.0
1719339112.7676623,0.0,49633.0
1719339112.9425306,0.0,49633.0
1719339113.133715,0.0,49633.0
1719339113.2793283,0.0,49633.0
1719339113.4824047,0.0,49633.0
1719339113.63979,0.0,49633.0
1719339113.807246,0.0,49633.0
1719339113.9622874,0.0,49633.0
1719339114.1010678,0.0,49633.0
1719339114.2397883,0.0,49633.0
1719339114.3779774,12.0,49633.0
1719339114.5199378,100.0,49633.0
1719339114.6575894,100.0,49633.0
1719339114.8237896,100.0,49633.0
1719339114.9776194,100.0,49633.0
1719339115.139043,100.0,49633.0
1719339115.3076532,100.0,49633.0
1719339115.4807703,69.0,49633.0
1719339115.6683922,0.0,49633.0
1719339115.8256123,0.0,49633.0
1719339115.9749045,0.0,49633.0
1719339116.1231413,0.0,49633.0
1719339116.297758,0.0,49633.0
1719339116.4591398,0.0,49633.0
1719339116.6157446,0.0,49633.0
1719339116.830121,0.0,49633.0
1719339117.0637968,0.0,49633.0
1719339117.2738059,0.0,49633.0
1719339117.4197655,0.0,49633.0
1719339117.623208,0.0,49633.0
1719339117.7837415,0.0,49633.0
1719339117.9503982,0.0,49633.0
1719339118.1283407,0.0,49633.0
1719339118.267441,0.0,49633.0
1719339118.4059827,0.0,49633.0
1719339118.5458014,36.0,49633.0
1719339118.6864803,100.0,49633.0
1719339118.826018,99.0,49633.0
1719339118.9965706,99.0,49633.0
1719339119.1641695,100.0,49633.0
1719339119.3409803,100.0,49633.0
1719339119.535708,100.0,49633.0
1719339119.6832182,50.0,49633.0
1719339119.8449056,0.0,49633.0
1719339120.0212862,0.0,49633.0
1719339120.1682298,0.0,49633.0
1719339120.3195007,0.0,49633.0
1719339120.4907424,0.0,49633.0
1719339120.6581726,0.0,49633.0
1719339120.8079221,0.0,49633.0
1719339121.0192852,0.0,49633.0
1719339121.2300634,0.0,49633.0
1719339121.4372106,0.0,49633.0
1719339121.6019485,0.0,49633.0
1719339121.7979205,0.0,49633.0
1719339121.9547153,0.0,49633.0
1719339122.1250072,0.0,49633.0
1719339122.28979,0.0,49633.0
1719339122.4295473,0.0,49633.0
1719339122.5692956,0.0,49633.0
1719339122.7092638,0.0,49633.0
1719339122.849387,50.0,49633.0
1719339122.9887176,100.0,49633.0
1719339123.1296918,97.0,49633.0
1719339123.3164773,100.0,49633.0
1719339123.4735203,100.0,49633.0
1719339123.643412,100.0,49633.0
1719339123.811698,100.0,49633.0
1719339123.9792523,25.0,49633.0
1719339124.1366942,25.0,49633.0
1719339124.2878873,0.0,49633.0
1719339124.4552824,0.0,49633.0
1719339124.6311433,0.0,49633.0
1719339124.78009,0.0,49633.0
1719339124.951285,0.0,49633.0
1719339125.0966256,0.0,49633.0
1719339125.2995603,0.0,49633.0
1719339125.5006833,0.0,49633.0
1719339125.6924615,0.0,49633.0
1719339125.8397336,0.0,49633.0
1719339126.0456803,0.0,49633.0
1719339126.199752,0.0,49633.0
1719339126.3565917,0.0,49633.0
1719339126.54061,0.0,49633.0
1719339126.6795654,0.0,49633.0
1719339126.8211565,0.0,49633.0
1719339126.9608796,38.0,49633.0
1719339127.1004002,38.0,49633.0
1719339127.2382915,100.0,49633.0
1719339127.3767695,99.0,49633.0
1719339127.5489955,100.0,49633.0
1719339127.7068517,100.0,49633.0
1719339127.857036,100.0,49633.0
1719339128.0184379,100.0,49633.0
1719339128.2034893,48.0,49633.0
1719339128.3515346,0.0,49633.0
1719339128.5217736,0.0,49633.0
1719339128.691274,0.0,49633.0
1719339128.8594012,0.0,49633.0
1719339129.0355902,0.0,49633.0
1719339129.208915,0.0,49633.0
1719339129.3838055,0.0,49633.0
1719339129.5826218,0.0,49633.0
1719339129.7415092,0.0,49633.0
1719339129.9420455,0.0,49633.0
1719339130.137723,0.0,49633.0
1719339130.3077989,0.0,49633.0
1719339130.458761,0.0,49633.0
1719339130.6189466,0.0,49633.0
1719339130.764134,0.0,49633.0
1719339130.907552,0.0,49633.0
1719339131.0467203,0.0,49633.0
1719339131.1878476,88.0,49633.0
1719339131.3305392,100.0,49633.0
1719339131.4795306,100.0,49633.0
1719339131.6494834,98.0,49633.0
1719339131.8064873,100.0,49633.0
1719339131.9642594,100.0,49633.0
1719339132.12474,100.0,49633.0
1719339132.2961295,90.0,49633.0
1719339132.4519503,0.0,49633.0
1719339132.6125705,0.0,49633.0
1719339132.7817757,0.0,49633.0
1719339132.9604383,0.0,49633.0
1719339133.1369667,0.0,49633.0
1719339133.29645,0.0,49633.0
1719339133.448565,0.0,49633.0
1719339133.6503472,0.0,49633.0
1719339133.8303277,0.0,49633.0
1719339134.0221584,0.0,49633.0
1719339134.1668396,0.0,49633.0
1719339134.3759284,0.0,49633.0
1719339134.5276914,0.0,49633.0
1719339134.7103224,0.0,49633.0
1719339134.8611703,0.0,49633.0
1719339134.999963,0.0,49633.0
1719339135.1396494,0.0,49633.0
1719339135.279706,8.0,49633.0
1719339135.4206893,100.0,49633.0
1719339135.5592911,100.0,49633.0
1719339135.7595494,100.0,49633.0
1719339135.9238014,99.0,49633.0
1719339136.0834877,100.0,49633.0
1719339136.266617,100.0,49633.0
1719339136.4312024,73.0,49633.0
1719339136.5840983,0.0,49633.0
1719339136.7483082,0.0,49633.0
1719339136.9101028,0.0,49633.0
1719339137.0578477,0.0,49633.0
1719339137.2351701,0.0,49633.0
1719339137.3957868,0.0,49633.0
1719339137.544119,0.0,49633.0
1719339137.760155,0.0,49633.0
1719339137.9517992,0.0,49633.0
1719339138.1501245,0.0,49633.0
1719339138.3044846,0.0,49633.0
1719339138.5106223,0.0,49633.0
1719339138.667511,0.0,49633.0
1719339138.8463411,0.0,49633.0
1719339139.00838,0.0,49633.0
1719339139.1483798,0.0,49633.0
1719339139.2880664,0.0,49633.0
1719339139.4265325,0.0,49633.0
1719339139.5687556,63.0,49633.0
1719339139.708729,100.0,49633.0
1719339139.8816714,99.0,49633.0
1719339140.0453868,100.0,49633.0
1719339140.2187035,100.0,49633.0
1719339140.3968358,100.0,49633.0
1719339140.5627832,12.0,49633.0
1719339140.7447464,12.0,49633.0
1719339140.9061744,0.0,49633.0
1719339141.0466762,0.0,49633.0
1719339141.197575,0.0,49633.0
1719339141.3623924,0.0,49633.0
1719339141.5237105,0.0,49633.0
1719339141.680261,0.0,49633.0
1719339141.8858187,0.0,49633.0
1719339142.089902,0.0,49633.0
1719339142.2977629,0.0,49633.0
1719339142.4550104,0.0,49633.0
1719339142.6299648,0.0,49633.0
1719339142.797979,0.0,49633.0
1719339142.965695,0.0,49633.0
1719339143.1218698,0.0,49633.0
1719339143.261651,0.0,49633.0
1719339143.4014816,0.0,49633.0
1719339143.540526,8.0,49633.0
1719339143.682055,100.0,49633.0
1719339143.81969,100.0,49633.0
1719339143.9938073,99.0,49633.0
1719339144.154966,99.0,49633.0
1719339144.3190484,100.0,49633.0
1719339144.485,100.0,49633.0
1719339144.6543763,73.0,49633.0
1719339144.8155117,73.0,49633.0
1719339144.9999828,0.0,49633.0
1719339145.1373646,0.0,49633.0
1719339145.2903054,0.0,49633.0
1719339145.4601772,0.0,49633.0
1719339145.6181743,0.0,49633.0
1719339145.7707243,0.0,49633.0
1719339145.981866,0.0,49633.0
1719339146.1859088,0.0,49633.0
1719339146.3861415,0.0,49633.0
1719339146.5378292,0.0,49633.0
1719339146.721403,0.0,49633.0
1719339146.894638,0.0,49633.0
1719339147.0605931,0.0,49633.0
1719339147.222816,0.0,49633.0
1719339147.3620317,0.0,49633.0
1719339147.5017874,0.0,49633.0
1719339147.6689239,55.0,49633.0
1719339147.812975,55.0,49633.0
1719339148.010664,100.0,49633.0
1719339148.1749115,99.0,49633.0
1719339148.338922,100.0,49633.0
1719339148.5078235,100.0,49633.0
1719339148.6693306,100.0,49633.0
1719339148.8518622,19.0,49633.0
1719339149.0107763,19.0,49633.0
1719339149.1589158,0.0,49633.0
1719339149.3089795,0.0,49633.0
1719339149.459741,0.0,49633.0
1719339149.6227503,0.0,49633.0
1719339149.778208,0.0,49633.0
1719339149.9299166,0.0,49633.0
1719339150.1344872,0.0,49633.0
1719339150.3466725,0.0,49633.0
1719339150.5252926,0.0,49633.0
1719339150.694799,0.0,49633.0
1719339150.8899784,0.0,49633.0
1719339151.051729,0.0,49633.0
1719339151.2265446,0.0,49633.0
1719339151.3886611,0.0,49633.0
1719339151.5338607,0.0,49633.0
1719339151.6733196,9.0,49633.0
1719339151.810691,9.0,49633.0
1719339151.9520762,100.0,49633.0
1719339152.0927446,100.0,49633.0
1719339152.2321625,99.0,49633.0
1719339152.4007313,99.0,49633.0
1719339152.5550754,100.0,49633.0
1719339152.706297,100.0,49633.0
1719339152.8604975,73.0,49633.0
1719339153.0241065,73.0,49633.0
1719339153.1736107,0.0,49633.0
1719339153.3340306,0.0,49633.0
1719339153.5008357,0.0,49633.0
1719339153.6738987,0.0,49633.0
1719339153.8365,0.0,49633.0
1719339153.9938579,0.0,49633.0
1719339154.1518645,0.0,49633.0
1719339154.3618467,0.0,49633.0
1719339154.5193837,0.0,49633.0
1719339154.6834965,0.0,49633.0
1719339154.8408275,0.0,49633.0
1719339155.042874,0.0,49633.0
1719339155.1987827,0.0,49633.0
1719339155.3737843,0.0,49633.0
1719339155.5449119,0.0,49633.0
1719339155.6843462,0.0,49633.0
1719339155.8243306,0.0,49633.0
1719339155.9621656,43.0,49633.0
1719339156.1037273,43.0,49633.0
1719339156.2428498,100.0,49633.0
1719339156.4214194,99.0,49633.0
1719339156.5836985,100.0,49633.0
1719339156.7473645,100.0,49633.0
1719339156.9029272,100.0,49633.0
1719339157.065012,39.0,49633.0
1719339157.2269561,39.0,49633.0
1719339157.3827732,0.0,49633.0
1719339157.527157,0.0,49633.0
1719339157.6867137,0.0,49633.0
1719339157.8375,0.0,49633.0
1719339158.0004466,0.0,49633.0
1719339158.1568367,0.0,49633.0
1719339158.3151739,0.0,49633.0
1719339158.5098495,0.0,49633.0
1719339158.6763136,0.0,49633.0
1719339158.8786871,0.0,49633.0
1719339159.0509684,0.0,49633.0
1719339159.2371078,0.0,49633.0
1719339159.3953435,0.0,49633.0
1719339159.5345216,0.0,49633.0
1719339159.695481,0.0,49633.0
1719339159.8483362,0.0,49633.0
1719339159.9891155,0.0,49633.0
1719339160.1287005,0.0,49633.0
1719339160.269545,29.0,49633.0
1719339160.4105988,100.0,49633.0
1719339160.5510743,99.0,49633.0
1719339160.7163858,99.0,49633.0
1719339160.8756518,100.0,49633.0
1719339161.03207,100.0,49633.0
1719339161.215054,100.0,49633.0
1719339161.3708022,55.0,49633.0
1719339161.5310574,0.0,49633.0
1719339161.690968,0.0,49633.0
1719339161.856571,0.0,49633.0
1719339162.008485,0.0,49633.0
1719339162.1853096,0.0,49633.0
1719339162.3990788,0.0,49633.0
1719339162.6074126,0.0,49633.0
1719339162.7774725,0.0,49633.0
1719339162.950842,0.0,49633.0
1719339163.1154804,0.0,49633.0
1719339163.313742,0.0,49633.0
1719339163.4856477,0.0,49633.0
1719339163.6674814,0.0,49633.0
1719339163.8281734,0.0,49633.0
1719339163.9673991,0.0,49633.0
1719339164.1061006,0.0,49633.0
1719339164.247626,6.0,49633.0
1719339164.3882682,100.0,49633.0
1719339164.5264916,100.0,49633.0
1719339164.7052927,100.0,49633.0
1719339164.8739693,99.0,49633.0
1719339165.0396037,100.0,49633.0
1719339165.204458,100.0,49633.0
1719339165.386384,75.0,49633.0
1719339165.5531282,75.0,49633.0
1719339165.7196712,0.0,49633.0
1719339165.8628862,0.0,49633.0
1719339166.0208502,0.0,49633.0
1719339166.183834,0.0,49633.0
1719339166.369772,0.0,49633.0
1719339166.5258052,0.0,49633.0
1719339166.7320414,0.0,49633.0
1719339166.9348447,0.0,49633.0
1719339167.1387615,0.0,49633.0
1719339167.3011298,0.0,49633.0
1719339167.502808,0.0,49633.0
1719339167.6576626,0.0,49633.0
1719339167.8346133,0.0,49633.0
1719339167.9976597,0.0,49633.0
1719339168.140141,0.0,49633.0
1719339168.280165,0.0,49633.0
1719339168.4177234,53.0,49633.0
1719339168.5569205,53.0,49633.0
1719339168.7501776,100.0,49633.0
1719339168.9109235,99.0,49633.0
1719339169.080631,100.0,49633.0
1719339169.2458863,100.0,49633.0
1719339169.4216774,100.0,49633.0
1719339169.5935135,20.0,49633.0
1719339169.7575638,0.0,49633.0
1719339169.932354,0.0,49633.0
1719339170.0918038,0.0,49633.0
1719339170.265949,0.0,49633.0
1719339170.4300482,0.0,49633.0
1719339170.5895667,0.0,49633.0
1719339170.7481482,0.0,49633.0
1719339170.9513235,0.0,49633.0
1719339171.115604,0.0,49633.0
1719339171.3217604,0.0,49633.0
1719339171.5003183,0.0,49633.0
1719339171.6863785,0.0,49633.0
1719339171.83341,0.0,49633.0
1719339172.0021434,0.0,49633.0
1719339172.1655757,0.0,49633.0
1719339172.304702,0.0,49633.0
1719339172.4440765,0.0,49633.0
1719339172.5821576,0.0,49633.0
1719339172.7227073,67.0,49633.0
1719339172.8616543,100.0,49633.0
1719339173.0383027,96.0,49633.0
1719339173.2167122,96.0,49633.0
1719339173.3708198,100.0,49633.0
1719339173.5414798,100.0,49633.0
1719339173.7031918,100.0,49633.0
1719339173.87594,12.0,49633.0
1719339174.0250485,0.0,49633.0
1719339174.1901715,0.0,49633.0
1719339174.3560028,0.0,49633.0
1719339174.5318859,0.0,49633.0
1719339174.6987717,0.0,49633.0
1719339174.857179,0.0,49633.0
1719339175.0042398,0.0,49633.0
1719339175.1952658,0.0,49633.0
1719339175.3847876,0.0,49633.0
1719339175.561476,0.0,49633.0
1719339175.7273715,0.0,49633.0
1719339175.9349463,0.0,49633.0
1719339176.078885,0.0,49633.0
1719339176.2369695,0.0,49633.0
1719339176.4121423,0.0,49633.0
1719339176.5528014,0.0,49633.0
1719339176.6924324,0.0,49633.0
1719339176.8315048,0.0,49633.0
1719339176.9712949,76.0,49633.0
1719339177.1102965,100.0,49633.0
1719339177.2851658,99.0,49633.0
1719339177.45848,100.0,49633.0
1719339177.6209307,100.0,49633.0
1719339177.795494,99.0,49633.0
1719339177.9707615,99.0,49633.0
1719339178.1996562,1.0,49633.0
1719339178.352839,0.0,49633.0
1719339178.5180526,0.0,49633.0
1719339178.6826606,0.0,49633.0
1719339178.8660326,0.0,49633.0
1719339179.0307062,0.0,49633.0
1719339179.236019,0.0,49633.0
1719339179.4274943,0.0,49633.0
1719339179.6381485,0.0,49633.0
1719339179.817594,0.0,49633.0
1719339180.0186205,0.0,49633.0
1719339180.1766813,0.0,49633.0
1719339180.3384178,0.0,49633.0
1719339180.4912932,0.0,49633.0
1719339180.630892,0.0,49633.0
1719339180.7707434,0.0,49633.0
1719339180.9105809,35.0,49633.0
1719339181.0522487,100.0,49633.0
1719339181.1922417,100.0,49633.0
1719339181.3626087,97.0,49633.0
1719339181.5395358,100.0,49633.0
1719339181.7133253,100.0,49633.0
1719339181.88163,100.0,49633.0
1719339182.0445755,52.0,49633.0
1719339182.211201,0.0,49633.0
1719339182.3802454,0.0,49633.0
1719339182.519815,0.0,49633.0
1719339182.668222,0.0,49633.0
1719339182.8358705,0.0,49633.0
1719339183.0173564,0.0,49633.0
1719339183.1755168,0.0,49633.0
1719339183.3709748,0.0,49633.0
1719339183.5630977,0.0,49633.0
1719339183.7368248,0.0,49633.0
1719339183.9368753,0.0,49633.0
1719339184.1416254,0.0,49633.0
1719339184.3068812,0.0,49633.0
1719339184.4660945,0.0,49633.0
1719339184.632044,0.0,49633.0
1719339184.7716894,0.0,49633.0
1719339184.912318,0.0,49633.0
1719339185.0530202,0.0,49633.0
1719339185.1954982,64.0,49633.0
1719339185.3368862,100.0,49633.0
1719339185.4958482,96.0,49633.0
1719339185.6637864,100.0,49633.0
1719339185.825993,100.0,49633.0
1719339185.9937317,100.0,49633.0
1719339186.1593027,100.0,49633.0
1719339186.338981,14.0,49633.0
1719339186.4908903,0.0,49633.0
1719339186.643019,0.0,49633.0
1719339186.8040655,0.0,49633.0
1719339186.9778852,0.0,49633.0
1719339187.1290479,0.0,49633.0
1719339187.3031337,0.0,49633.0
1719339187.508827,0.0,49633.0
1719339187.7148395,0.0,49633.0
1719339187.925458,0.0,49633.0
1719339188.0801072,0.0,49633.0
1719339188.2655199,0.0,49633.0
1719339188.4379144,0.0,49633.0
1719339188.6050658,0.0,49633.0
1719339188.7745993,0.0,49633.0
1719339188.918199,0.0,49633.0
1719339189.0582101,0.0,49633.0
1719339189.195391,17.0,49633.0
1719339189.3367329,100.0,49633.0
1719339189.4784486,100.0,49633.0
1719339189.6778376,100.0,49633.0
1719339189.84529,100.0,49633.0
1719339190.0067554,100.0,49633.0
1719339190.170786,100.0,49633.0
1719339190.329597,65.0,49633.0
1719339190.5157497,65.0,49633.0
1719339190.6757517,0.0,49633.0
1719339190.8230376,0.0,49633.0
1719339190.973968,0.0,49633.0
1719339191.1455705,0.0,49633.0
1719339191.3179202,0.0,49633.0
1719339191.4743123,0.0,49633.0
1719339191.678632,0.0,49633.0
1719339191.8788638,0.0,49633.0
1719339192.0822794,0.0,49633.0
1719339192.2366385,0.0,49633.0
1719339192.458179,0.0,49633.0
1719339192.6114109,0.0,49633.0
1719339192.7840674,0.0,49633.0
1719339192.9514818,0.0,49633.0
1719339193.0903094,0.0,49633.0
1719339193.23009,0.0,49633.0
1719339193.3690076,57.0,49633.0
1719339193.5095646,57.0,49633.0
1719339193.6833727,100.0,49633.0
1719339193.8495903,99.0,49633.0
1719339194.0231066,100.0,49633.0
1719339194.1886935,100.0,49633.0
1719339194.3476894,100.0,49633.0
1719339194.5168767,18.0,49633.0
1719339194.6656926,18.0,49633.0
1719339194.8170292,0.0,49633.0
1719339194.9546628,0.0,49633.0
1719339195.106937,0.0,49633.0
1719339195.2780082,0.0,49633.0
1719339195.4412313,0.0,49633.0
1719339195.6025789,0.0,49633.0
1719339195.8033142,0.0,49633.0
1719339196.0065835,0.0,49633.0
1719339196.1824534,0.0,49633.0
1719339196.3725066,0.0,49633.0
1719339196.562937,0.0,49633.0
1719339196.714749,0.0,49633.0
1719339196.8903775,0.0,49633.0
1719339197.054183,0.0,49633.0
1719339197.1944733,0.0,49633.0
1719339197.3345418,0.0,49633.0
1719339197.473592,0.0,49633.0
1719339197.613058,88.0,49633.0
1719339197.752316,100.0,49633.0
1719339197.9100757,99.0,49633.0
1719339198.0688474,99.0,49633.0
1719339198.2445674,100.0,49633.0
1719339198.4096968,100.0,49633.0
1719339198.5715187,91.0,49633.0
1719339198.7355382,0.0,49633.0
1719339198.886292,0.0,49633.0
1719339199.0442743,0.0,49633.0
1719339199.1918008,0.0,49633.0
1719339199.362164,0.0,49633.0
1719339199.5562234,0.0,49633.0
1719339199.7127,0.0,49633.0
1719339199.8588283,0.0,49633.0
1719339200.0618289,0.0,49633.0
1719339200.232497,0.0,49633.0
1719339200.4352796,0.0,49633.0
1719339200.6100605,0.0,49633.0
1719339200.804492,0.0,49633.0
1719339200.9461627,0.0,49633.0
1719339201.120897,0.0,49633.0
1719339201.2831912,0.0,49633.0
1719339201.4230163,0.0,49633.0
1719339201.5628874,0.0,49633.0
1719339201.699784,15.0,49633.0
1719339201.840136,100.0,49633.0
1719339201.9787877,99.0,49633.0
1719339202.1694157,100.0,49633.0
1719339202.332052,100.0,49633.0
1719339202.5017455,100.0,49633.0
1719339202.660169,100.0,49633.0
1719339202.830143,67.0,49633.0
1719339202.9906774,0.0,49633.0
1719339203.143476,0.0,49633.0
1719339203.287417,0.0,49633.0
1719339203.4414115,0.0,49633.0
1719339203.619383,0.0,49633.0
1719339203.7880297,0.0,49633.0
1719339203.9439092,0.0,49633.0
1719339204.1216514,0.0,49633.0
1719339204.316367,0.0,49633.0
1719339204.5153122,0.0,49633.0
1719339204.700177,0.0,49633.0
1719339204.8896368,0.0,49633.0
1719339205.0403645,0.0,49633.0
1719339205.1911898,0.0,49633.0
1719339205.3451922,0.0,49633.0
1719339205.4877338,0.0,49633.0
1719339205.628867,0.0,49633.0
1719339205.7674663,0.0,49633.0
1719339205.9084353,49.0,49633.0
1719339206.0468872,49.0,49633.0
1719339206.1894715,99.0,49633.0
1719339206.337502,99.0,49633.0
1719339206.4956875,100.0,49633.0
1719339206.66556,100.0,49633.0
1719339206.8401625,100.0,49633.0
1719339207.0361936,23.0,49633.0
1719339207.1813629,0.0,49633.0
1719339207.3372207,0.0,49633.0
1719339207.4866533,0.0,49633.0
1719339207.662215,0.0,49633.0
1719339207.812912,0.0,49633.0
1719339207.9695375,0.0,49633.0
1719339208.1268916,0.0,49633.0
1719339208.3325667,0.0,49633.0
1719339208.5323899,0.0,49633.0
1719339208.7300587,0.0,49633.0
1719339208.8870752,0.0,49633.0
1719339209.102393,0.0,49633.0
1719339209.269039,0.0,49633.0
1719339209.4311893,0.0,49633.0
1719339209.581505,0.0,49633.0
1719339209.7206821,0.0,49633.0
1719339209.8619802,0.0,49633.0
1719339209.998787,0.0,49633.0
1719339210.139594,75.0,49633.0
1719339210.2786138,100.0,49633.0
1719339210.4511836,99.0,49633.0
1719339210.608696,100.0,49633.0
1719339210.7639601,100.0,49633.0
1719339210.9398026,100.0,49633.0
1719339211.1194577,100.0,49633.0
1719339211.275945,1.0,49633.0
1719339211.4382534,0.0,49633.0
1719339211.577559,0.0,49633.0
1719339211.725405,0.0,49633.0
1719339211.8821065,0.0,49633.0
1719339212.0525312,0.0,49633.0
1719339212.2256198,0.0,49633.0
1719339212.4304705,0.0,49633.0
1719339212.6346698,0.0,49633.0
1719339212.8090138,0.0,49633.0
1719339213.004953,0.0,49633.0
1719339213.2055786,0.0,49633.0
1719339213.3743021,0.0,49633.0
1719339213.552241,0.0,49633.0
1719339213.7104442,0.0,49633.0
1719339213.852141,0.0,49633.0
1719339213.9929156,0.0,49633.0
1719339214.1298046,30.0,49633.0
1719339214.2696176,30.0,49633.0
1719339214.4090772,100.0,49633.0
1719339214.5607762,99.0,49633.0
1719339214.723027,100.0,49633.0
1719339214.8983972,100.0,49633.0
1719339215.059203,100.0,49633.0
1719339215.2270637,54.0,49633.0
1719339215.4112678,0.0,49633.0
1719339215.5779495,0.0,49633.0
1719339215.7214947,0.0,49633.0
1719339215.873931,0.0,49633.0
1719339216.0294843,0.0,49633.0
1719339216.1975603,0.0,49633.0
1719339216.3606858,0.0,49633.0
1719339216.582539,0.0,49633.0
1719339216.8079937,0.0,49633.0
1719339217.0139039,0.0,49633.0
1719339217.1703508,0.0,49633.0
1719339217.3714335,0.0,49633.0
1719339217.5323877,0.0,49633.0
1719339217.7018936,0.0,49633.0
1719339217.8619714,0.0,49633.0
1719339218.0009449,0.0,49633.0
1719339218.1395793,0.0,49633.0
1719339218.2804754,51.0,49633.0
1719339218.4207585,51.0,49633.0
1719339218.6260202,99.0,49633.0
1719339218.8168163,99.0,49633.0
1719339218.9706984,100.0,49633.0
1719339219.1319299,100.0,49633.0
1719339219.3026106,100.0,49633.0
1719339219.4676707,100.0,49633.0
1719339219.6381764,22.0,49633.0
1719339219.8210957,0.0,49633.0
1719339219.980618,0.0,49633.0
1719339220.143839,0.0,49633.0
1719339220.3149018,0.0,49633.0
1719339220.4855816,0.0,49633.0
1719339220.6630275,0.0,49633.0
1719339220.8660762,0.0,49633.0
1719339221.0428264,0.0,49633.0
1719339221.2374804,0.0,49633.0
1719339221.43392,0.0,49633.0
1719339221.6111436,0.0,49633.0
1719339221.787171,0.0,49633.0
1719339221.9566803,0.0,49633.0
1719339222.0968626,0.0,49633.0
1719339222.2365124,0.0,49633.0
1719339222.3745177,11.0,49633.0
1719339222.5159152,100.0,49633.0
1719339222.6545575,100.0,49633.0
1719339222.861711,99.0,49633.0
1719339223.0289385,100.0,49633.0
1719339223.1954048,100.0,49633.0
1719339223.3521063,100.0,49633.0
1719339223.511625,100.0,49633.0
1719339223.683993,0.0,49633.0
1719339223.8696032,0.0,49633.0
1719339224.0097678,0.0,49633.0
1719339224.1581738,0.0,49633.0
1719339224.3061712,0.0,49633.0
1719339224.4783468,0.0,49633.0
1719339224.6375859,0.0,49633.0
1719339224.8181589,0.0,49633.0
1719339225.022981,0.0,49633.0
1719339225.2014117,0.0,49633.0
1719339225.3981464,0.0,49633.0
1719339225.5986931,0.0,49633.0
1719339225.7720494,0.0,49633.0
1719339225.9348645,0.0,49633.0
1719339226.0964682,0.0,49633.0
1719339226.2380128,0.0,49633.0
1719339226.3786967,0.0,49633.0
1719339226.5181446,0.0,49633.0
1719339226.6581228,32.0,49633.0
1719339226.799668,100.0,49633.0
1719339226.9386463,99.0,49633.0
1719339227.1023238,99.0,49633.0
1719339227.280368,100.0,49633.0
1719339227.4529657,100.0,49633.0
1719339227.607348,100.0,49633.0
1719339227.7817178,52.0,49633.0
1719339227.9445338,0.0,49633.0
1719339228.102473,0.0,49633.0
1719339228.2600589,0.0,49633.0
1719339228.4243343,0.0,49633.0
1719339228.586051,0.0,49633.0
1719339228.7466838,0.0,49633.0
1719339228.9229941,0.0,49633.0
1719339229.1321704,0.0,49633.0
1719339229.274548,0.0,49633.0
1719339229.4850852,0.0,49633.0
1719339229.685609,0.0,49633.0
1719339229.883558,0.0,49633.0
1719339230.0411222,0.0,49633.0
1719339230.1968963,0.0,49633.0
1719339230.3396142,0.0,49633.0
1719339230.4823947,0.0,49633.0
1719339230.621724,0.0,49633.0
1719339230.7639577,96.0,49633.0
1719339230.903044,96.0,49633.0
1719339231.118432,99.0,49633.0
1719339231.2796202,99.0,49633.0
1719339231.4445455,100.0,49633.0
1719339231.6264765,100.0,49633.0
1719339231.8001075,84.0,49633.0
1719339231.977996,0.0,49633.0
1719339232.1292043,0.0,49633.0
1719339232.2810853,0.0,49633.0
1719339232.4396875,0.0,49633.0
1719339232.5923831,0.0,49633.0
1719339232.7545743,0.0,49633.0
1719339232.917665,0.0,49633.0
1719339233.0939858,0.0,49633.0
1719339233.292876,0.0,49633.0
1719339233.4650667,0.0,49633.0
1719339233.6661568,0.0,49633.0
1719339233.871797,0.0,49633.0
1719339234.0444155,0.0,49633.0
1719339234.1950846,0.0,49633.0
1719339234.3604748,0.0,49633.0
1719339234.5072176,0.0,49633.0
1719339234.646298,0.0,49633.0
1719339234.7861428,0.0,49633.0
1719339234.9240434,5.0,49633.0
1719339235.0639818,100.0,49633.0
1719339235.2037947,100.0,49633.0
1719339235.3864653,99.0,49633.0
1719339235.550771,100.0,49633.0
1719339235.724162,100.0,49633.0
1719339235.8876297,100.0,49633.0
1719339236.044338,76.0,49633.0
1719339236.246558,0.0,49633.0
1719339236.4192665,0.0,49633.0
1719339236.56572,0.0,49633.0
1719339236.7209396,0.0,49633.0
1719339236.8788445,0.0,49633.0
1719339237.0497615,0.0,49633.0
1719339237.2166226,0.0,49633.0
1719339237.4263508,0.0,49633.0
1719339237.640474,0.0,49633.0
1719339237.849949,0.0,49633.0
1719339238.0034747,0.0,49633.0
1719339238.2079184,0.0,49633.0
1719339238.3657985,0.0,49633.0
1719339238.5404084,0.0,49633.0
1719339238.7128475,0.0,49633.0
1719339238.8563414,0.0,49633.0
1719339238.9950874,6.0,49633.0
1719339239.1326532,6.0,49633.0
1719339239.2741768,100.0,49633.0
1719339239.4127119,100.0,49633.0
1719339239.5825782,100.0,49633.0
1719339239.7514157,99.0,49633.0
1719339239.9183135,100.0,49633.0
1719339240.0930412,100.0,49633.0
1719339240.251581,75.0,49633.0
1719339240.414451,75.0,49633.0
1719339240.5853949,0.0,49633.0
1719339240.7423716,0.0,49633.0
1719339240.8921094,0.0,49633.0
1719339241.0452237,0.0,49633.0
1719339241.2031798,0.0,49633.0
1719339241.3829684,0.0,49633.0
1719339241.583543,0.0,49633.0
1719339241.7915955,0.0,49633.0
1719339241.9939432,0.0,49633.0
1719339242.1632302,0.0,49633.0
1719339242.3706646,0.0,49633.0
1719339242.5186057,0.0,49633.0
1719339242.688473,0.0,49633.0
1719339242.853649,0.0,49633.0
1719339242.9929602,0.0,49633.0
1719339243.1334186,0.0,49633.0
1719339243.2729702,28.0,49633.0
1719339243.4129562,28.0,49633.0
1719339243.5514684,100.0,49633.0
1719339243.7100384,95.0,49633.0
1719339243.8733764,100.0,49633.0
1719339244.0528486,100.0,49633.0
1719339244.2193038,100.0,49633.0
1719339244.3756874,59.0,49633.0
1719339244.553016,59.0,49633.0
1719339244.7141871,0.0,49633.0
1719339244.8620355,0.0,49633.0
1719339245.0217295,0.0,49633.0
1719339245.1755424,0.0,49633.0
1719339245.3289373,0.0,49633.0
1719339245.486764,0.0,49633.0
1719339245.6664639,0.0,49633.0
1719339245.871598,0.0,49633.0
1719339246.0574646,0.0,49633.0
1719339246.2573054,0.0,49633.0
1719339246.4698896,0.0,49633.0
1719339246.6375725,0.0,49633.0
1719339246.8071835,0.0,49633.0
1719339246.96567,0.0,49633.0
1719339247.1054688,0.0,49633.0
1719339247.2454877,0.0,49633.0
1719339247.383662,0.0,49633.0
1719339247.5246372,86.0,49633.0
1719339247.6640556,86.0,49633.0
1719339247.812577,96.0,49633.0
1719339247.9905946,100.0,49633.0
1719339248.1575742,100.0,49633.0
1719339248.326714,100.0,49633.0
1719339248.4960275,95.0,49633.0
1719339248.691095,0.0,49633.0
1719339248.8437858,0.0,49633.0
1719339248.9936233,0.0,49633.0
1719339249.1406572,0.0,49633.0
1719339249.2845013,0.0,49633.0
1719339249.459896,0.0,49633.0
1719339249.622554,0.0,49633.0
1719339249.7683012,0.0,49633.0
1719339249.9745152,0.0,49633.0
1719339250.177409,0.0,49633.0
1719339250.3680596,0.0,49633.0
1719339250.5172992,0.0,49633.0
1719339250.718295,0.0,49633.0
1719339250.8770304,0.0,49633.0
1719339251.0464892,0.0,49633.0
1719339251.2203429,0.0,49633.0
1719339251.3590558,0.0,49633.0
1719339251.4989758,0.0,49633.0
1719339251.6369736,80.0,49633.0
1719339251.7762754,80.0,49633.0
1719339251.9152832,100.0,49633.0
1719339252.0890033,99.0,49633.0
1719339252.281696,100.0,49633.0
1719339252.4653254,100.0,49633.0
1719339252.6415749,94.0,49633.0
1719339252.828326,94.0,49633.0
1719339253.034083,3.0,49633.0
1719339253.1861725,0.0,49633.0
1719339253.3505802,0.0,49633.0
1719339253.507567,0.0,49633.0
1719339253.6695683,0.0,49633.0
1719339253.8304577,0.0,49633.0
1719339253.9748936,0.0,49633.0
1719339254.178838,0.0,49633.0
1719339254.341561,0.0,49633.0
1719339254.530152,0.0,49633.0
1719339254.6873562,0.0,49633.0
1719339254.894686,0.0,49633.0
1719339255.0368395,0.0,49633.0
1719339255.2093587,0.0,49633.0
1719339255.3657463,0.0,49633.0
1719339255.5056727,0.0,49633.0
1719339255.6455464,0.0,49633.0
1719339255.782877,24.0,49633.0
1719339255.9227376,100.0,49633.0
1719339256.0607007,100.0,49633.0
1719339256.2027893,98.0,49633.0
1719339256.3639112,100.0,49633.0
1719339256.5199902,100.0,49633.0
1719339256.6860378,100.0,49633.0
1719339256.8601372,100.0,49633.0
1719339257.043893,59.0,49633.0
1719339257.1844258,0.0,49633.0
1719339257.3460457,0.0,49633.0
1719339257.5183167,0.0,49633.0
1719339257.703605,0.0,49633.0
1719339257.8701444,0.0,49633.0
1719339258.040254,0.0,49633.0
1719339258.188473,0.0,49633.0
1719339258.3961363,0.0,49633.0
1719339258.5679388,0.0,49633.0
1719339258.745589,0.0,49633.0
1719339258.9017332,0.0,49633.0
1719339259.099249,0.0,49633.0
1719339259.2510827,0.0,49633.0
1719339259.4142787,0.0,49633.0
1719339259.5698717,0.0,49633.0
1719339259.709689,0.0,49633.0
1719339259.8504303,0.0,49633.0
1719339259.9908478,7.0,49633.0
1719339260.132327,7.0,49633.0
1719339260.2710626,100.0,49633.0
1719339260.4103699,100.0,49633.0
1719339260.5653374,99.0,49633.0
1719339260.7348423,100.0,49633.0
1719339260.8956785,100.0,49633.0
1719339261.0568788,100.0,49633.0
1719339261.2192476,74.0,49633.0
1719339261.3656194,0.0,49633.0
1719339261.543141,0.0,49633.0
1719339261.6905608,0.0,49633.0
1719339261.8683393,0.0,49633.0
1719339262.0278285,0.0,49633.0
1719339262.1947198,0.0,49633.0
1719339262.3488255,0.0,49633.0
1719339262.5529401,0.0,49633.0
1719339262.7306237,0.0,49633.0
1719339262.9191258,0.0,49633.0
1719339263.0826025,0.0,49633.0
1719339263.2746837,0.0,49633.0
1719339263.425523,0.0,49633.0
1719339263.597471,0.0,49633.0
1719339263.760147,0.0,49633.0
1719339263.9017313,0.0,49633.0
1719339264.0417714,0.0,49633.0
1719339264.181705,65.0,49633.0
1719339264.3221085,65.0,49633.0
1719339264.5058331,99.0,49633.0
1719339264.6733105,99.0,49633.0
1719339264.827957,100.0,49633.0
1719339264.9770539,100.0,49633.0
1719339265.1420372,100.0,49633.0
1719339265.3021557,10.0,49633.0
1719339265.4763021,10.0,49633.0
1719339265.644334,0.0,49633.0
1719339265.7882836,0.0,49633.0
1719339265.937169,0.0,49633.0
1719339266.1019197,0.0,49633.0
1719339266.2707326,0.0,49633.0
1719339266.4383616,0.0,49633.0
1719339266.6461596,0.0,49633.0
1719339266.8504932,0.0,49633.0
1719339267.0546367,0.0,49633.0
1719339267.2162893,0.0,49633.0
1719339267.4248374,0.0,49633.0
1719339267.5886323,0.0,49633.0
1719339267.7621303,0.0,49633.0
1719339267.9181938,0.0,49633.0
1719339268.0575953,0.0,49633.0
1719339268.1974998,0.0,49633.0
1719339268.336731,0.0,49633.0
1719339268.4765754,61.0,49633.0
1719339268.6162944,61.0,49633.0
1719339268.759445,99.0,49633.0
1719339268.928877,100.0,49633.0
1719339269.09286,100.0,49633.0
1719339269.2457466,100.0,49633.0
1719339269.3996878,100.0,49633.0
1719339269.570875,14.0,49633.0
1719339269.7176948,14.0,49633.0
1719339269.8923182,0.0,49633.0
1719339270.0581715,0.0,49633.0
1719339270.2271686,0.0,49633.0
1719339270.4078345,0.0,49633.0
1719339270.5711484,0.0,49633.0
1719339270.715708,0.0,49633.0
1719339270.917918,0.0,49633.0
1719339271.089158,0.0,49633.0
1719339271.294956,0.0,49633.0
1719339271.465386,0.0,49633.0
1719339271.6506536,0.0,49633.0
1719339271.8095925,0.0,49633.0
1719339271.981934,0.0,49633.0
1719339272.1390224,0.0,49633.0
1719339272.2791553,0.0,49633.0
1719339272.420153,0.0,49633.0
1719339272.5573738,0.0,49633.0
1719339272.6966677,90.0,49633.0
1719339272.8342888,100.0,49633.0
1719339273.0016198,99.0,49633.0
1719339273.1613133,100.0,49633.0
1719339273.3558912,100.0,49633.0
1719339273.517237,100.0,49633.0
1719339273.7010121,89.0,49633.0
1719339273.8453908,0.0,49633.0
1719339274.0227654,0.0,49633.0
1719339274.1657724,0.0,49633.0
1719339274.3213315,0.0,49633.0
1719339274.491909,0.0,49633.0
1719339274.6507092,0.0,49633.0
1719339274.8117657,0.0,49633.0
1719339274.989686,0.0,49633.0
1719339275.1981566,0.0,49633.0
1719339275.4011033,0.0,49633.0
1719339275.598608,0.0,49633.0
1719339275.7737067,0.0,49633.0
1719339275.9431484,0.0,49633.0
1719339276.1315167,0.0,49633.0
1719339276.293709,0.0,49633.0
1719339276.43278,0.0,49633.0
1719339276.5734642,0.0,49633.0
1719339276.713175,2.0,49633.0
1719339276.854607,100.0,49633.0
1719339276.994415,100.0,49633.0
1719339277.1637025,99.0,49633.0
1719339277.362437,100.0,49633.0
1719339277.5406003,100.0,49633.0
1719339277.706444,100.0,49633.0
1719339277.8710585,79.0,49633.0
1719339278.0238214,0.0,49633.0
1719339278.180604,0.0,49633.0
1719339278.3246098,0.0,49633.0
1719339278.4749665,0.0,49633.0
1719339278.6295063,0.0,49633.0
1719339278.7961383,0.0,49633.0
1719339278.9541476,0.0,49633.0
1719339279.1516309,0.0,49633.0
1719339279.3586702,0.0,49633.0
1719339279.5580523,0.0,49633.0
1719339279.7554376,0.0,49633.0
1719339279.9455495,0.0,49633.0
1719339280.1131897,0.0,49633.0
1719339280.2827725,0.0,49633.0
1719339280.4455492,0.0,49633.0
1719339280.5945652,0.0,49633.0
1719339280.7363696,0.0,49633.0
1719339280.876844,0.0,49633.0
1719339281.0161493,0.0,49633.0
1719339281.1559749,95.0,49633.0
1719339281.3141465,100.0,49633.0
1719339281.4960887,99.0,49633.0
1719339281.673335,100.0,49633.0
1719339281.839299,100.0,49633.0
1719339282.0107558,100.0,49633.0
1719339282.1918318,84.0,49633.0
1719339282.334088,0.0,49633.0
1719339282.4937913,0.0,49633.0
1719339282.6625402,0.0,49633.0
1719339282.8388746,0.0,49633.0
1719339282.9861243,0.0,49633.0
1719339283.1437929,0.0,49633.0
1719339283.2923205,0.0,49633.0
1719339283.4977598,0.0,49633.0
1719339283.7018962,0.0,49633.0
1719339283.8630664,0.0,49633.0
1719339284.042746,0.0,49633.0
