timestamp,gpu_util,gpu_mem
1719348075.7401524,0.0,4.0
1719348075.8760655,0.0,4.0
1719348076.0118444,0.0,4.0
1719348076.1546624,0.0,21.0
1719348076.3070412,0.0,601.0
1719348076.4522264,6.0,633.0
1719348076.5955584,2.0,633.0
1719348076.8048842,0.0,633.0
1719348076.9591088,0.0,633.0
1719348077.095607,0.0,633.0
1719348077.2327378,0.0,633.0
1719348077.3672423,0.0,633.0
1719348077.5068805,0.0,633.0
1719348077.6445594,0.0,633.0
1719348077.7845562,0.0,633.0
1719348077.9223619,0.0,633.0
1719348078.0605683,0.0,633.0
1719348078.1976485,0.0,633.0
1719348078.3361168,0.0,633.0
1719348078.472633,0.0,633.0
1719348078.6112466,0.0,633.0
1719348078.7490742,0.0,633.0
1719348078.8882115,0.0,633.0
1719348079.0239143,0.0,633.0
1719348079.1625016,0.0,633.0
1719348079.3007169,0.0,633.0
1719348079.4421055,0.0,633.0
1719348079.5808532,0.0,633.0
1719348079.718642,0.0,633.0
1719348079.8556905,0.0,633.0
1719348079.988994,0.0,633.0
1719348080.1243448,0.0,633.0
1719348080.2581763,0.0,633.0
1719348080.3910196,0.0,633.0
1719348080.5236654,0.0,633.0
1719348080.658069,0.0,633.0
1719348080.794026,0.0,633.0
1719348080.9461193,0.0,633.0
1719348081.0854619,0.0,633.0
1719348081.2235234,0.0,633.0
1719348081.3619974,0.0,633.0
1719348081.4997916,0.0,633.0
1719348081.63593,0.0,633.0
1719348081.770502,0.0,633.0
1719348081.9064488,0.0,633.0
1719348082.0463188,0.0,633.0
1719348082.1875525,0.0,633.0
1719348082.3266108,0.0,633.0
1719348082.465288,0.0,633.0
1719348082.6029444,0.0,633.0
1719348082.7427452,0.0,633.0
1719348082.880844,0.0,633.0
1719348083.0172882,0.0,633.0
1719348083.1548777,0.0,633.0
1719348083.2908762,0.0,633.0
1719348083.4277995,0.0,633.0
1719348083.5658147,0.0,633.0
1719348083.704187,0.0,633.0
1719348083.843145,0.0,633.0
1719348083.979248,0.0,633.0
1719348084.1172895,0.0,633.0
1719348084.2548642,0.0,633.0
1719348084.391568,0.0,633.0
1719348084.5256147,0.0,633.0
1719348084.6612976,0.0,633.0
1719348084.7935202,0.0,633.0
1719348084.9243085,0.0,633.0
1719348085.0545201,0.0,633.0
1719348085.1856039,0.0,633.0
1719348085.321134,0.0,633.0
1719348085.4573548,0.0,633.0
1719348085.5936842,0.0,633.0
1719348085.7321758,0.0,633.0
1719348085.8695076,0.0,633.0
1719348086.0048258,0.0,633.0
1719348086.140765,0.0,633.0
1719348086.2764935,0.0,633.0
1719348086.41313,0.0,633.0
1719348086.5492928,0.0,633.0
1719348086.732753,0.0,633.0
1719348086.8724508,0.0,633.0
1719348087.0112343,0.0,633.0
1719348087.1484008,0.0,633.0
1719348087.2857637,0.0,633.0
1719348087.4247568,0.0,633.0
1719348087.5612724,0.0,633.0
1719348087.6981454,0.0,633.0
1719348087.835371,0.0,633.0
1719348087.9747765,0.0,633.0
1719348088.11135,0.0,633.0
1719348088.2500172,0.0,633.0
1719348088.3900006,0.0,633.0
1719348088.5272098,0.0,633.0
1719348088.6649306,0.0,633.0
1719348088.8018923,0.0,633.0
1719348088.939744,0.0,633.0
1719348089.0738287,0.0,633.0
1719348089.2089825,0.0,633.0
1719348089.344352,0.0,633.0
1719348089.4790952,0.0,633.0
1719348089.612495,0.0,633.0
1719348089.746562,0.0,633.0
1719348089.8804774,0.0,633.0
1719348090.0163546,0.0,633.0
1719348090.1536064,0.0,633.0
1719348090.2930012,0.0,633.0
1719348090.432498,0.0,633.0
1719348090.5682685,0.0,633.0
1719348090.8543015,0.0,633.0
1719348090.991773,0.0,633.0
1719348091.1286798,0.0,633.0
1719348091.2631106,0.0,633.0
1719348091.3993468,0.0,633.0
1719348091.539987,0.0,633.0
1719348091.6787536,0.0,633.0
1719348091.814785,0.0,633.0
1719348091.954303,0.0,633.0
1719348092.0918465,0.0,633.0
1719348092.2277937,0.0,633.0
1719348092.3686326,0.0,633.0
1719348092.5072463,0.0,633.0
1719348092.6442633,0.0,633.0
1719348092.7821994,0.0,633.0
1719348092.9186084,0.0,633.0
1719348093.0568173,0.0,633.0
1719348093.1968005,0.0,633.0
1719348093.33441,0.0,633.0
1719348093.4710267,0.0,633.0
1719348093.6065521,0.0,633.0
1719348093.7405512,0.0,633.0
1719348093.875223,0.0,633.0
1719348094.0088139,0.0,633.0
1719348094.1426828,0.0,633.0
1719348094.2759783,0.0,633.0
1719348094.410788,0.0,633.0
1719348094.5462894,0.0,633.0
1719348094.682793,0.0,633.0
1719348094.821581,0.0,633.0
1719348094.9585888,0.0,633.0
1719348095.0937552,0.0,633.0
1719348095.2302575,0.0,633.0
1719348095.369385,0.0,633.0
1719348095.5051312,0.0,633.0
1719348095.6391919,0.0,633.0
1719348095.7727654,0.0,633.0
1719348095.9098718,0.0,633.0
1719348096.0500963,0.0,633.0
1719348096.1894505,0.0,633.0
1719348096.3246245,0.0,633.0
1719348096.4629953,0.0,633.0
1719348096.6013303,0.0,633.0
1719348096.736919,0.0,633.0
1719348096.8762326,0.0,633.0
1719348097.0132773,0.0,633.0
1719348097.1488035,0.0,633.0
1719348097.286648,0.0,633.0
1719348097.4241526,0.0,633.0
1719348097.5621467,0.0,633.0
1719348097.7007465,0.0,633.0
1719348097.837325,0.0,633.0
1719348097.97495,0.0,633.0
1719348098.1099722,0.0,633.0
1719348098.2448454,0.0,633.0
1719348098.377944,0.0,633.0
1719348098.513566,0.0,633.0
1719348098.6463156,0.0,633.0
1719348098.7792284,0.0,633.0
1719348098.9144979,0.0,633.0
1719348099.0500238,0.0,633.0
1719348099.184612,0.0,633.0
1719348099.3239388,0.0,633.0
1719348099.4608378,0.0,633.0
1719348099.5975142,0.0,633.0
1719348099.7330942,0.0,633.0
1719348099.8677478,0.0,633.0
1719348100.002516,0.0,633.0
1719348100.138273,0.0,633.0
1719348100.2738314,0.0,633.0
1719348100.4104474,0.0,633.0
1719348100.5467007,0.0,633.0
1719348100.6874619,0.0,633.0
1719348100.8259692,0.0,633.0
1719348100.964089,0.0,633.0
1719348101.1009734,0.0,633.0
1719348101.239131,0.0,633.0
1719348101.377954,0.0,633.0
1719348101.5144057,0.0,633.0
1719348101.6499279,0.0,633.0
1719348101.7871854,0.0,633.0
1719348101.9265447,0.0,633.0
1719348102.0634615,0.0,633.0
1719348102.200361,0.0,633.0
1719348102.33793,0.0,633.0
1719348102.475019,0.0,633.0
1719348102.6101665,0.0,633.0
1719348102.744577,0.0,633.0
1719348102.8779206,0.0,633.0
1719348103.013799,0.0,633.0
1719348103.1474535,0.0,633.0
1719348103.2794244,0.0,633.0
1719348103.4146318,0.0,633.0
1719348103.5481658,0.0,633.0
1719348103.6839685,0.0,633.0
1719348103.8201993,0.0,633.0
1719348103.9591815,0.0,633.0
1719348104.0967698,0.0,633.0
1719348104.231774,0.0,633.0
1719348104.3682613,0.0,633.0
1719348104.5048323,0.0,633.0
1719348104.6411057,0.0,633.0
1719348104.776598,0.0,633.0
1719348104.9114943,0.0,633.0
1719348105.0473344,0.0,633.0
1719348105.1862175,0.0,633.0
1719348105.324181,0.0,633.0
1719348105.4651043,0.0,633.0
1719348105.602834,0.0,633.0
1719348105.7410488,0.0,633.0
1719348105.8784695,0.0,633.0
1719348106.0190718,0.0,633.0
1719348106.155222,0.0,633.0
1719348106.2942374,0.0,633.0
1719348106.4300468,0.0,633.0
1719348106.5654757,0.0,633.0
1719348106.703929,0.0,633.0
1719348106.8419263,0.0,633.0
1719348106.9797366,0.0,633.0
1719348107.1153839,0.0,633.0
1719348107.249479,0.0,633.0
1719348107.3851168,0.0,633.0
1719348107.521604,0.0,633.0
1719348107.65746,0.0,633.0
1719348107.7913175,0.0,633.0
1719348107.924563,0.0,633.0
1719348108.0586755,0.0,633.0
1719348108.1920993,0.0,633.0
1719348108.3276842,0.0,633.0
1719348108.4633102,0.0,633.0
1719348108.5990844,0.0,633.0
1719348108.734854,0.0,633.0
1719348108.872417,0.0,633.0
1719348109.0088713,0.0,633.0
1719348109.144288,0.0,633.0
1719348109.2798445,0.0,633.0
1719348109.4170213,0.0,633.0
1719348109.551034,0.0,633.0
1719348109.6858747,0.0,633.0
1719348109.82137,0.0,633.0
1719348109.9604216,0.0,633.0
1719348110.0992007,0.0,633.0
1719348110.236235,0.0,633.0
1719348110.3742855,0.0,633.0
1719348110.5119555,0.0,633.0
1719348110.6482735,0.0,633.0
1719348110.78721,0.0,633.0
1719348110.9236562,0.0,633.0
1719348111.084318,0.0,633.0
1719348111.222094,0.0,633.0
1719348111.3570962,0.0,633.0
1719348111.4947362,0.0,633.0
1719348111.6333175,0.0,633.0
1719348111.7715096,0.0,633.0
1719348111.9073539,0.0,633.0
1719348112.0420408,0.0,633.0
1719348112.1750963,0.0,633.0
1719348112.3098593,0.0,633.0
1719348112.4452753,0.0,633.0
1719348112.5772336,0.0,633.0
1719348112.7122288,0.0,633.0
1719348112.845594,0.0,633.0
1719348112.9825685,0.0,633.0
1719348113.1213465,0.0,633.0
1719348113.2617495,0.0,633.0
1719348113.3985193,0.0,633.0
1719348113.535327,0.0,633.0
1719348113.670696,0.0,633.0
1719348113.806313,0.0,633.0
1719348113.9433434,0.0,633.0
1719348114.077637,0.0,633.0
1719348114.2112632,0.0,633.0
1719348114.3465958,0.0,633.0
1719348114.4840364,0.0,633.0
1719348114.621817,0.0,633.0
1719348114.7583184,0.0,633.0
1719348114.8975227,0.0,633.0
1719348115.0359814,0.0,633.0
1719348115.1731536,0.0,633.0
1719348115.3087614,0.0,633.0
1719348115.4450243,0.0,633.0
1719348115.5830607,0.0,633.0
1719348115.7197387,0.0,633.0
1719348115.856149,0.0,633.0
1719348115.99417,0.0,633.0
1719348116.1296299,0.0,633.0
1719348116.2659757,0.0,633.0
1719348116.4025574,0.0,633.0
1719348116.5387454,0.0,633.0
1719348116.673322,0.0,633.0
1719348116.8086991,0.0,633.0
1719348116.9475021,0.0,633.0
1719348117.0838246,0.0,633.0
1719348117.2190568,0.0,633.0
1719348117.3567135,0.0,633.0
1719348117.4933598,0.0,633.0
1719348117.631974,0.0,633.0
1719348117.768381,0.0,633.0
1719348117.9057772,0.0,633.0
1719348118.0424428,0.0,633.0
1719348118.1771164,0.0,633.0
1719348118.312137,0.0,633.0
1719348118.4499598,0.0,633.0
1719348118.5835054,0.0,633.0
1719348118.735996,0.0,633.0
1719348118.8722537,0.0,633.0
1719348119.0108347,0.0,633.0
1719348119.1478648,0.0,633.0
1719348119.2840033,0.0,633.0
1719348119.42054,0.0,633.0
1719348119.5573387,0.0,633.0
1719348119.6927686,0.0,633.0
1719348119.8282063,0.0,633.0
1719348119.963611,0.0,633.0
1719348120.0982358,0.0,633.0
1719348120.236849,0.0,633.0
1719348120.3757026,0.0,633.0
1719348120.5107868,0.0,633.0
1719348120.6486647,0.0,633.0
1719348120.7854936,0.0,633.0
1719348120.9190462,0.0,633.0
1719348121.0526664,0.0,633.0
1719348121.1860945,0.0,633.0
1719348121.32043,0.0,633.0
1719348121.4550815,0.0,633.0
1719348121.5880318,0.0,633.0
1719348121.720284,0.0,633.0
1719348121.856239,0.0,633.0
1719348121.9933097,0.0,633.0
1719348122.1319916,0.0,633.0
1719348122.2726047,0.0,633.0
1719348122.40936,0.0,633.0
1719348122.5450442,0.0,633.0
1719348122.6792223,0.0,633.0
1719348122.8132772,0.0,633.0
1719348122.9487834,0.0,633.0
1719348123.0851758,0.0,633.0
1719348123.222714,0.0,633.0
1719348123.365803,0.0,633.0
1719348123.5069165,0.0,633.0
1719348123.6435425,0.0,633.0
1719348123.7798824,0.0,633.0
1719348123.9179797,0.0,633.0
1719348124.0537016,0.0,633.0
1719348124.190381,0.0,633.0
1719348124.3281677,0.0,633.0
1719348124.4667115,0.0,633.0
1719348124.603814,0.0,633.0
1719348124.7410767,0.0,633.0
1719348124.88004,0.0,633.0
1719348125.0157247,0.0,633.0
1719348125.1498501,0.0,633.0
1719348125.2859337,0.0,633.0
1719348125.424138,0.0,633.0
1719348125.560551,0.0,633.0
1719348125.6968076,0.0,633.0
1719348125.8326173,0.0,633.0
1719348125.9692874,0.0,633.0
1719348126.1051183,0.0,633.0
1719348126.241746,0.0,633.0
1719348126.3799486,0.0,633.0
1719348126.5189626,0.0,633.0
1719348126.6616545,0.0,633.0
1719348126.798938,0.0,633.0
1719348126.934992,0.0,633.0
1719348127.0715575,0.0,633.0
1719348127.2077942,0.0,633.0
1719348127.3440628,0.0,633.0
1719348127.481234,0.0,633.0
1719348127.6146963,0.0,633.0
1719348127.7512898,0.0,633.0
1719348127.891311,0.0,633.0
1719348128.0307004,0.0,633.0
1719348128.1667008,0.0,633.0
1719348128.3045216,0.0,633.0
1719348128.4419956,0.0,633.0
1719348128.5779672,0.0,633.0
1719348128.7159977,0.0,633.0
1719348128.8530493,0.0,633.0
1719348128.988848,0.0,633.0
1719348129.126431,0.0,633.0
1719348129.2630327,0.0,633.0
1719348129.4017377,0.0,633.0
1719348129.539808,0.0,633.0
1719348129.676963,0.0,633.0
1719348129.8149033,0.0,633.0
1719348129.9493744,0.0,633.0
1719348130.0839243,0.0,633.0
1719348130.2185917,0.0,633.0
1719348130.3536735,0.0,633.0
1719348130.4872608,0.0,633.0
1719348130.6215765,0.0,633.0
1719348130.7566822,0.0,633.0
1719348130.8927963,0.0,633.0
1719348131.0316203,0.0,633.0
1719348131.1703196,0.0,633.0
1719348131.3086023,0.0,633.0
1719348131.448599,0.0,633.0
1719348131.5853145,0.0,633.0
1719348131.7220626,0.0,633.0
1719348131.8587742,0.0,633.0
1719348131.994095,0.0,633.0
1719348132.1294842,0.0,633.0
1719348132.2654383,0.0,633.0
1719348132.40578,0.0,633.0
1719348132.545666,0.0,633.0
1719348132.6839867,0.0,633.0
1719348132.8223784,0.0,633.0
1719348132.960777,0.0,633.0
1719348133.097437,0.0,633.0
1719348133.235385,0.0,633.0
1719348133.3728812,0.0,633.0
1719348133.5107355,0.0,633.0
1719348133.6484175,0.0,633.0
1719348133.7838511,0.0,633.0
1719348133.9203088,0.0,633.0
1719348134.0587645,0.0,633.0
1719348134.1964345,0.0,633.0
1719348134.332528,0.0,633.0
1719348134.467212,0.0,633.0
1719348134.6013966,0.0,633.0
1719348134.7349918,0.0,633.0
1719348134.8687134,0.0,633.0
1719348135.0016031,0.0,633.0
1719348135.1352746,0.0,633.0
1719348135.2682447,0.0,633.0
1719348135.4036944,0.0,633.0
1719348135.54082,0.0,633.0
1719348135.679346,0.0,633.0
1719348135.8179934,0.0,633.0
1719348135.9554298,0.0,633.0
1719348136.0906522,0.0,633.0
1719348136.2265053,0.0,633.0
1719348136.3625698,0.0,633.0
1719348136.4998567,0.0,633.0
1719348136.6352532,0.0,633.0
1719348136.7711809,0.0,633.0
1719348136.9068527,0.0,633.0
1719348137.045766,0.0,633.0
1719348137.1854832,0.0,633.0
1719348137.323486,0.0,633.0
1719348137.464128,0.0,633.0
1719348137.6014245,0.0,633.0
1719348137.7378585,0.0,633.0
1719348137.87352,0.0,633.0
1719348138.0103056,0.0,633.0
1719348138.1454728,0.0,633.0
1719348138.2829065,0.0,633.0
1719348138.4186919,0.0,633.0
1719348138.5558798,0.0,633.0
1719348138.6939378,0.0,633.0
1719348138.8295472,0.0,633.0
1719348138.9657927,0.0,633.0
1719348139.101009,0.0,633.0
1719348139.2365344,0.0,633.0
1719348139.3716247,0.0,633.0
1719348139.505726,0.0,633.0
1719348139.6385162,0.0,633.0
1719348139.7728808,0.0,633.0
1719348139.9061804,0.0,633.0
1719348140.0417151,0.0,633.0
1719348140.1807315,0.0,633.0
1719348140.3186135,0.0,633.0
1719348140.4564552,0.0,633.0
1719348140.5921347,0.0,633.0
1719348140.729528,0.0,633.0
1719348140.8662174,0.0,633.0
1719348141.0026171,0.0,633.0
1719348141.1381054,0.0,633.0
1719348141.2715507,0.0,633.0
1719348141.408455,0.0,633.0
1719348141.5474732,0.0,633.0
1719348141.68511,0.0,633.0
1719348141.8244622,0.0,633.0
1719348141.9633794,0.0,633.0
1719348142.1012607,0.0,633.0
1719348142.2374592,0.0,633.0
1719348142.3737829,0.0,633.0
1719348142.5108485,0.0,633.0
1719348142.6474035,0.0,633.0
1719348142.7847733,0.0,633.0
1719348142.922177,0.0,633.0
1719348143.0604506,0.0,633.0
1719348143.1962159,0.0,633.0
1719348143.3355877,0.0,633.0
1719348143.4727535,0.0,633.0
1719348143.6068025,0.0,633.0
1719348143.741903,0.0,633.0
1719348143.87601,0.0,633.0
1719348144.0106103,0.0,633.0
1719348144.143273,0.0,633.0
1719348144.276867,0.0,633.0
1719348144.411013,0.0,633.0
1719348144.5440161,0.0,633.0
1719348144.6817477,0.0,633.0
1719348144.8180237,0.0,633.0
1719348144.9557514,0.0,633.0
1719348145.0958457,0.0,633.0
1719348145.2328293,0.0,633.0
1719348145.3687537,0.0,633.0
1719348145.504371,0.0,633.0
1719348145.6420546,0.0,633.0
1719348145.77663,0.0,633.0
1719348145.9120731,0.0,633.0
1719348146.0473633,0.0,633.0
1719348146.1865022,0.0,633.0
1719348146.3264802,0.0,633.0
1719348146.4654078,0.0,633.0
1719348146.6049962,0.0,633.0
1719348146.7421465,0.0,633.0
1719348146.898748,0.0,633.0
1719348147.0368617,0.0,633.0
1719348147.1736777,0.0,633.0
1719348147.312378,0.0,633.0
1719348147.450145,0.0,633.0
1719348147.5862195,0.0,633.0
1719348147.723293,0.0,633.0
1719348147.863699,0.0,633.0
1719348148.0015614,0.0,633.0
1719348148.139866,0.0,633.0
1719348148.2753613,0.0,633.0
1719348148.411564,0.0,633.0
1719348148.5450032,0.0,633.0
1719348148.6816525,0.0,633.0
1719348148.8156352,0.0,633.0
1719348148.9490733,0.0,633.0
1719348149.083574,0.0,633.0
1719348149.2197003,0.0,633.0
1719348149.357633,0.0,633.0
1719348149.4972017,0.0,633.0
1719348149.6358242,0.0,633.0
1719348149.7732608,0.0,633.0
1719348149.9111173,0.0,633.0
1719348150.0482059,0.0,633.0
1719348150.1830444,0.0,633.0
1719348150.3209531,0.0,633.0
1719348150.4557903,0.0,633.0
1719348150.5909884,0.0,633.0
1719348150.7292106,0.0,633.0
1719348150.868506,0.0,633.0
1719348151.0080051,0.0,633.0
1719348151.144052,0.0,633.0
1719348151.2825804,0.0,633.0
1719348151.4211457,0.0,633.0
1719348151.5583045,0.0,633.0
1719348151.6952975,0.0,633.0
1719348151.834148,0.0,633.0
1719348151.9721303,0.0,633.0
1719348152.1087213,0.0,633.0
1719348152.2466457,0.0,633.0
1719348152.383648,0.0,633.0
1719348152.5241675,0.0,633.0
1719348152.6606407,0.0,633.0
1719348152.799657,0.0,633.0
1719348152.9360995,0.0,633.0
1719348153.0700262,0.0,633.0
1719348153.2050903,0.0,633.0
1719348153.34055,0.0,633.0
1719348153.4749541,0.0,633.0
1719348153.6084337,0.0,633.0
1719348153.742907,0.0,633.0
1719348153.8786566,0.0,633.0
1719348154.0142293,0.0,633.0
1719348154.152371,0.0,633.0
1719348154.2901719,0.0,633.0
1719348154.4290202,0.0,633.0
1719348154.5638838,0.0,633.0
1719348154.6988115,0.0,633.0
1719348154.8329797,0.0,633.0
1719348154.9698884,0.0,633.0
1719348155.1055558,0.0,633.0
1719348155.2401714,0.0,633.0
1719348155.3761609,0.0,633.0
1719348155.5163417,0.0,633.0
1719348155.6541317,0.0,633.0
1719348155.7904387,0.0,633.0
1719348155.9276397,0.0,633.0
1719348156.0653446,0.0,633.0
1719348156.2002182,0.0,633.0
1719348156.3388293,0.0,633.0
1719348156.4790814,0.0,633.0
1719348156.6147842,0.0,633.0
1719348156.7529242,0.0,633.0
1719348156.8887427,0.0,633.0
1719348157.0250018,0.0,633.0
1719348157.164295,0.0,633.0
1719348157.3026128,0.0,633.0
1719348157.4425483,0.0,633.0
1719348157.578312,0.0,633.0
1719348157.7126377,0.0,633.0
1719348157.847394,0.0,633.0
1719348157.9815528,0.0,633.0
1719348158.114672,0.0,633.0
1719348158.2487977,0.0,633.0
1719348158.3825815,0.0,633.0
1719348158.520262,0.0,633.0
1719348158.6582806,0.0,633.0
1719348158.796533,0.0,633.0
1719348158.9336348,0.0,633.0
1719348159.0700119,0.0,633.0
1719348159.207721,0.0,633.0
1719348159.3436022,0.0,633.0
1719348159.4801252,0.0,633.0
1719348159.6152525,0.0,633.0
1719348159.774403,0.0,633.0
1719348159.9102871,0.0,633.0
1719348160.0508494,0.0,633.0
1719348160.1903937,0.0,633.0
1719348160.3274026,0.0,633.0
1719348160.4680443,0.0,633.0
1719348160.6055274,0.0,633.0
1719348160.74342,0.0,633.0
1719348160.8798673,0.0,633.0
1719348161.017455,0.0,633.0
1719348161.1561687,0.0,633.0
1719348161.2937243,0.0,633.0
1719348161.4322884,0.0,633.0
1719348161.5695844,0.0,633.0
1719348161.7066205,0.0,633.0
1719348161.8447711,0.0,633.0
1719348161.982698,0.0,633.0
1719348162.1174815,0.0,633.0
1719348162.2530465,0.0,633.0
1719348162.3869479,0.0,633.0
1719348162.520957,0.0,633.0
1719348162.6551192,0.0,633.0
1719348162.7878344,0.0,633.0
1719348162.9228687,0.0,633.0
1719348163.0577605,0.0,633.0
1719348163.1957939,0.0,633.0
1719348163.3347478,0.0,633.0
1719348163.4735494,0.0,633.0
1719348163.6100779,0.0,633.0
1719348163.7458663,0.0,633.0
1719348163.882091,0.0,633.0
1719348164.017891,0.0,633.0
1719348164.1549666,0.0,633.0
1719348164.2885573,0.0,633.0
1719348164.4252548,0.0,633.0
1719348164.5622292,0.0,633.0
1719348164.7005084,0.0,633.0
1719348164.8400242,0.0,633.0
1719348164.9768481,0.0,633.0
1719348165.116131,0.0,633.0
1719348165.25245,0.0,633.0
1719348165.3895128,0.0,633.0
1719348165.528596,0.0,633.0
1719348165.6650777,0.0,633.0
1719348165.8011425,0.0,633.0
1719348165.9395957,0.0,633.0
1719348166.074726,0.0,633.0
1719348166.2131858,0.0,633.0
1719348166.3518715,0.0,633.0
1719348166.49187,0.0,633.0
1719348166.6286123,0.0,633.0
1719348166.7649574,0.0,633.0
1719348166.900763,0.0,633.0
1719348167.0356095,0.0,633.0
1719348167.1712835,0.0,633.0
1719348167.3062398,0.0,633.0
1719348167.4405916,0.0,633.0
1719348167.5752025,0.0,633.0
1719348167.7117472,0.0,633.0
1719348167.8509018,0.0,633.0
1719348167.9886594,0.0,633.0
1719348168.127081,0.0,633.0
1719348168.2653975,0.0,633.0
1719348168.4028797,0.0,633.0
1719348168.5401223,0.0,633.0
1719348168.677655,0.0,633.0
1719348168.8122575,0.0,633.0
1719348168.947777,0.0,633.0
1719348169.0849068,0.0,633.0
1719348169.22272,0.0,633.0
1719348169.362335,0.0,633.0
1719348169.5007784,0.0,633.0
1719348169.639535,0.0,633.0
1719348169.7761178,0.0,633.0
1719348169.9133396,0.0,633.0
1719348170.0512097,0.0,633.0
1719348170.1878476,0.0,633.0
1719348170.3253202,0.0,633.0
1719348170.4632838,0.0,633.0
1719348170.5991652,0.0,633.0
1719348170.7383718,0.0,633.0
1719348170.8772085,0.0,633.0
1719348171.0155559,0.0,633.0
1719348171.1521552,0.0,633.0
1719348171.2879436,0.0,633.0
1719348171.422843,0.0,633.0
1719348171.5568502,0.0,633.0
1719348171.692584,0.0,633.0
1719348171.825096,0.0,633.0
1719348171.9592288,0.0,633.0
1719348172.0917175,0.0,633.0
1719348172.2290547,0.0,633.0
1719348172.36733,0.0,633.0
1719348172.504455,0.0,633.0
1719348172.6446867,0.0,633.0
1719348172.7822096,0.0,633.0
1719348172.9201293,0.0,633.0
1719348173.0554943,0.0,633.0
1719348173.19214,0.0,633.0
1719348173.3279788,0.0,633.0
1719348173.4635231,0.0,633.0
1719348173.599214,0.0,633.0
1719348173.739007,0.0,633.0
1719348173.8775403,0.0,633.0
1719348174.0148923,0.0,633.0
1719348174.1538424,0.0,633.0
1719348174.2899468,0.0,633.0
1719348174.4272404,0.0,633.0
1719348174.5640268,0.0,633.0
1719348174.7013402,0.0,633.0
1719348174.8383076,0.0,633.0
1719348174.9786472,0.0,633.0
1719348175.1161487,0.0,633.0
1719348175.2546954,0.0,633.0
1719348175.3915744,0.0,633.0
1719348175.528761,0.0,633.0
1719348175.6661353,0.0,633.0
1719348175.8008666,0.0,633.0
1719348175.9352415,0.0,633.0
1719348176.0696096,0.0,633.0
1719348176.203348,0.0,633.0
1719348176.3384624,0.0,633.0
1719348176.4711723,0.0,633.0
1719348176.606341,0.0,633.0
1719348176.7401695,0.0,633.0
1719348176.8780847,0.0,633.0
1719348177.01704,0.0,633.0
1719348177.1549637,0.0,633.0
1719348177.2918444,0.0,633.0
1719348177.427877,0.0,633.0
1719348177.5627,0.0,633.0
1719348177.6972144,0.0,633.0
1719348177.8363197,0.0,633.0
1719348177.9717448,0.0,633.0
1719348178.1073763,0.0,633.0
1719348178.2429683,0.0,633.0
1719348178.3835754,0.0,633.0
1719348178.5223835,0.0,633.0
1719348178.6592486,0.0,633.0
1719348178.7972426,0.0,633.0
1719348178.9340153,0.0,633.0
1719348179.0710354,0.0,633.0
1719348179.2081227,0.0,633.0
1719348179.3451061,0.0,633.0
1719348179.479556,0.0,633.0
1719348179.6151059,0.0,633.0
1719348179.7501454,0.0,633.0
1719348179.885448,0.0,633.0
1719348180.02037,0.0,633.0
1719348180.160106,0.0,633.0
1719348180.2984822,0.0,633.0
1719348180.435155,0.0,633.0
1719348180.568888,0.0,633.0
1719348180.7042475,0.0,633.0
1719348180.8377185,0.0,633.0
1719348180.971201,0.0,633.0
1719348181.103289,0.0,633.0
1719348181.2384832,0.0,633.0
1719348181.3732777,0.0,633.0
1719348181.5099127,0.0,633.0
1719348181.6501205,0.0,633.0
1719348181.787338,0.0,633.0
1719348181.9259205,0.0,633.0
1719348182.0631099,0.0,633.0
1719348182.1983483,0.0,633.0
1719348182.3311942,0.0,633.0
1719348182.469169,0.0,633.0
1719348182.608895,0.0,633.0
1719348182.7443376,0.0,633.0
1719348182.8828793,0.0,633.0
1719348183.0218005,0.0,633.0
1719348183.158897,0.0,633.0
1719348183.2974038,0.0,633.0
1719348183.4358838,0.0,633.0
1719348183.5738719,0.0,633.0
1719348183.7093744,0.0,633.0
1719348183.8460124,0.0,633.0
1719348183.9829097,0.0,633.0
1719348184.1192117,0.0,633.0
1719348184.2557704,0.0,633.0
1719348184.3923817,0.0,633.0
1719348184.5296898,0.0,633.0
1719348184.667465,0.0,633.0
1719348184.8049195,0.0,633.0
1719348184.9395044,0.0,633.0
1719348185.0734086,0.0,633.0
1719348185.2077825,0.0,633.0
1719348185.3405726,0.0,633.0
1719348185.4750202,0.0,633.0
1719348185.6084893,0.0,633.0
1719348185.7416,0.0,633.0
1719348185.8754508,0.0,633.0
1719348186.0123808,0.0,633.0
1719348186.1488447,0.0,633.0
1719348186.2872713,0.0,633.0
1719348186.4258673,0.0,633.0
1719348186.5602138,0.0,633.0
1719348186.6949816,0.0,633.0
1719348186.832322,0.0,633.0
1719348186.973534,0.0,633.0
1719348187.1092892,0.0,633.0
1719348187.2450423,0.0,633.0
1719348187.3821099,0.0,633.0
1719348187.5219963,0.0,633.0
1719348187.660741,0.0,633.0
1719348187.8001254,0.0,633.0
1719348187.9374902,0.0,633.0
1719348188.075757,0.0,633.0
1719348188.2121499,0.0,633.0
1719348188.3497436,0.0,633.0
1719348188.4884036,0.0,633.0
1719348188.6242156,0.0,633.0
1719348188.761759,0.0,633.0
1719348188.8974998,0.0,633.0
1719348189.0334346,0.0,633.0
1719348189.1734078,0.0,633.0
1719348189.3118186,0.0,633.0
1719348189.454151,0.0,633.0
1719348189.5894887,0.0,633.0
1719348189.7227855,0.0,633.0
1719348189.857673,0.0,633.0
1719348189.9911802,0.0,633.0
1719348190.1257691,0.0,633.0
1719348190.2597601,0.0,633.0
1719348190.3930209,0.0,633.0
1719348190.5293672,0.0,633.0
1719348190.6679533,0.0,633.0
1719348190.807783,0.0,633.0
1719348190.94603,0.0,633.0
1719348191.0827034,0.0,633.0
1719348191.220374,0.0,633.0
1719348191.355591,0.0,633.0
1719348191.4914804,0.0,633.0
1719348191.625979,0.0,633.0
1719348191.765475,0.0,633.0
1719348191.9009907,0.0,633.0
1719348192.0392294,0.0,633.0
1719348192.180016,0.0,633.0
1719348192.3175025,0.0,633.0
1719348192.456653,0.0,633.0
1719348192.5942678,0.0,633.0
1719348192.732144,0.0,633.0
1719348192.8685188,0.0,633.0
1719348193.004836,0.0,633.0
1719348193.1428268,0.0,633.0
1719348193.2814624,0.0,633.0
1719348193.4202414,0.0,633.0
1719348193.5571973,0.0,633.0
1719348193.6953762,0.0,633.0
1719348193.8339643,0.0,633.0
1719348193.9701686,0.0,633.0
1719348194.104539,0.0,633.0
1719348194.2398314,0.0,633.0
1719348194.3739483,0.0,633.0
1719348194.507196,0.0,633.0
1719348194.639744,0.0,633.0
1719348194.7736287,0.0,633.0
1719348194.9075541,0.0,633.0
1719348195.042625,0.0,633.0
1719348195.17871,0.0,633.0
1719348195.3173177,0.0,633.0
1719348195.4549274,0.0,633.0
1719348195.59288,0.0,633.0
1719348195.73005,0.0,633.0
1719348195.866337,0.0,633.0
1719348196.0012217,0.0,633.0
1719348196.1368086,0.0,633.0
1719348196.2720525,0.0,633.0
1719348196.4070454,0.0,633.0
1719348196.5432703,0.0,633.0
1719348196.6822789,0.0,633.0
1719348196.821587,0.0,633.0
1719348196.956374,0.0,633.0
1719348197.0959094,0.0,633.0
1719348197.234754,0.0,633.0
1719348197.372191,0.0,633.0
1719348197.511311,0.0,837.0
1719348197.650157,0.0,1093.0
1719348197.791851,12.0,1093.0
1719348197.9310272,3.0,1221.0
1719348198.0700982,3.0,1349.0
1719348198.2082324,3.0,1349.0
1719348198.3514225,3.0,1477.0
1719348198.4900827,3.0,3081.0
1719348198.6330965,2.0,8339.0
1719348198.7740848,43.0,11829.0
1719348198.915827,43.0,31033.0
1719348199.0743787,75.0,33347.0
1719348199.2248054,75.0,39499.0
1719348199.3679347,96.0,50253.0
1719348199.5120592,100.0,50253.0
1719348199.6571906,100.0,50257.0
1719348199.8030725,93.0,50257.0
1719348199.951466,77.0,50271.0
1719348200.0998976,77.0,50271.0
1719348200.2517767,8.0,50271.0
1719348200.3985837,0.0,50271.0
1719348200.5440865,0.0,50271.0
1719348200.6929932,0.0,50271.0
1719348200.8472617,0.0,50271.0
1719348200.995607,0.0,50271.0
1719348201.144774,0.0,50271.0
1719348201.2944248,0.0,50271.0
1719348201.445615,0.0,50271.0
1719348201.596257,0.0,50271.0
1719348201.7463741,0.0,50271.0
1719348201.8970318,0.0,50271.0
1719348202.0901334,0.0,50271.0
1719348202.238033,0.0,50271.0
1719348202.4126635,0.0,50271.0
1719348202.5588882,0.0,50271.0
1719348202.710762,0.0,50271.0
1719348202.863293,0.0,50271.0
1719348203.0162654,0.0,50271.0
1719348203.1678257,0.0,50271.0
1719348203.3181617,0.0,50271.0
1719348203.464692,0.0,50271.0
1719348203.6119587,0.0,50271.0
1719348203.758977,0.0,50271.0
1719348203.9038048,0.0,50271.0
1719348204.0492702,0.0,50271.0
1719348204.1951544,0.0,50271.0
1719348204.3417525,0.0,50271.0
1719348204.4887495,0.0,50271.0
1719348204.6404865,0.0,50271.0
1719348204.79222,0.0,50271.0
1719348204.9429808,0.0,50271.0
1719348205.0943706,0.0,50271.0
1719348205.2431839,0.0,50271.0
1719348205.392738,0.0,50271.0
1719348205.5392282,0.0,50271.0
1719348205.6876342,0.0,50271.0
1719348205.836067,0.0,50271.0
1719348205.9886177,0.0,50271.0
1719348206.141652,0.0,50271.0
1719348206.2919714,0.0,50271.0
1719348206.4427338,0.0,50271.0
1719348206.5923634,0.0,50271.0
1719348206.7433903,0.0,50271.0
1719348206.894225,0.0,50271.0
1719348207.0430307,0.0,50271.0
1719348207.19392,0.0,50271.0
1719348207.3444366,0.0,50271.0
1719348207.4935987,0.0,50271.0
1719348207.6455874,0.0,50271.0
1719348207.7953494,0.0,50271.0
1719348207.9438999,0.0,50271.0
1719348208.0904202,0.0,50271.0
1719348208.2372243,0.0,50271.0
1719348208.384545,0.0,50271.0
1719348208.5295599,0.0,50271.0
1719348208.6763399,0.0,50271.0
1719348208.8220193,0.0,50271.0
1719348208.971779,0.0,50271.0
1719348209.1251802,0.0,50271.0
1719348209.2770715,0.0,50271.0
1719348209.428478,0.0,50271.0
1719348209.5786755,0.0,50271.0
1719348209.7268803,0.0,50271.0
1719348209.8763447,0.0,50271.0
1719348210.0244155,0.0,50271.0
1719348210.1716673,0.0,50271.0
1719348210.3196774,0.0,50271.0
1719348210.47109,0.0,50271.0
1719348210.6234252,0.0,50271.0
1719348210.7733827,0.0,50271.0
1719348210.9270833,0.0,50271.0
1719348211.076923,0.0,50271.0
1719348211.228002,0.0,50271.0
1719348211.3775365,0.0,50271.0
1719348211.5258744,0.0,50271.0
1719348211.6734798,0.0,50271.0
1719348211.823843,0.0,50271.0
1719348211.973735,0.0,50271.0
1719348212.1253474,0.0,50271.0
1719348212.2752097,0.0,50271.0
1719348212.42312,0.0,50271.0
1719348212.568354,0.0,50271.0
1719348212.7157502,0.0,50271.0
1719348212.862211,0.0,50271.0
1719348213.0063934,0.0,50271.0
1719348213.1535075,0.0,50271.0
1719348213.298382,0.0,50271.0
1719348213.448845,0.0,50271.0
1719348213.5991232,0.0,50271.0
1719348213.7497163,0.0,50271.0
1719348213.8978462,0.0,50271.0
1719348214.0445056,0.0,50271.0
1719348214.192652,0.0,50271.0
1719348214.3406763,0.0,50271.0
1719348214.4900355,0.0,50271.0
1719348214.6356573,0.0,50271.0
1719348214.782646,0.0,50271.0
1719348214.9312656,0.0,50271.0
1719348215.0845006,0.0,50271.0
1719348215.2345362,0.0,50271.0
1719348215.3867946,0.0,50271.0
1719348215.5371404,0.0,50271.0
1719348215.6858804,0.0,50271.0
1719348215.8377876,0.0,50271.0
1719348215.9871643,0.0,50271.0
1719348216.1364107,0.0,50271.0
1719348216.2873065,0.0,50271.0
1719348216.4359589,0.0,50271.0
1719348216.5851383,0.0,50271.0
1719348216.7398207,0.0,50271.0
1719348216.88748,0.0,50271.0
1719348217.0353405,0.0,50271.0
1719348217.1821935,0.0,50271.0
1719348217.327978,0.0,50271.0
1719348217.4715922,0.0,50271.0
1719348217.6145494,0.0,50271.0
1719348217.7611415,0.0,50271.0
1719348217.9059544,0.0,50271.0
1719348218.053324,0.0,50271.0
1719348218.2040381,0.0,50271.0
1719348218.355964,0.0,50271.0
1719348218.505136,0.0,50271.0
1719348218.6520498,0.0,50271.0
1719348218.8004434,0.0,50271.0
1719348218.9488072,0.0,50271.0
1719348219.0993345,0.0,50271.0
1719348219.2459824,0.0,50271.0
1719348219.3931594,0.0,50271.0
1719348219.5404263,0.0,50271.0
1719348219.6937132,0.0,50271.0
1719348219.8435955,0.0,50271.0
1719348219.9952266,0.0,50271.0
1719348220.1445374,0.0,50271.0
1719348220.2922454,0.0,50271.0
1719348220.4412296,0.0,50271.0
1719348220.5887253,0.0,50271.0
1719348220.7389019,0.0,50271.0
1719348220.8891604,0.0,50271.0
1719348221.039891,0.0,50271.0
1719348221.1900966,0.0,50271.0
1719348221.3413346,0.0,50271.0
1719348221.49222,0.0,50271.0
1719348221.63981,0.0,50271.0
1719348221.7865252,0.0,50271.0
1719348221.9331694,0.0,50271.0
1719348222.0820866,0.0,50271.0
1719348222.2266672,0.0,50271.0
1719348222.3725286,0.0,50271.0
1719348222.5149195,0.0,50271.0
1719348222.6639204,0.0,50271.0
1719348222.8152173,0.0,50271.0
1719348222.9667377,0.0,50271.0
1719348223.1151066,0.0,50271.0
1719348223.2643864,0.0,50271.0
1719348223.41202,0.0,50271.0
1719348223.5571864,0.0,50271.0
1719348223.7049809,0.0,50271.0
1719348223.8509836,0.0,50271.0
1719348223.9982343,0.0,50271.0
1719348224.1513083,0.0,50271.0
1719348224.3033402,0.0,50271.0
1719348224.4528928,0.0,50271.0
1719348224.6040502,0.0,50271.0
1719348224.7540734,0.0,50271.0
1719348224.903635,0.0,50271.0
1719348225.0543556,0.0,50271.0
1719348225.2024832,0.0,50271.0
1719348225.3494852,0.0,50271.0
1719348225.5002341,0.0,50271.0
1719348225.650841,0.0,50271.0
1719348225.8006043,0.0,50271.0
1719348225.9534397,0.0,50271.0
1719348226.1025515,0.0,50271.0
1719348226.2502635,0.0,50271.0
1719348226.399369,0.0,50271.0
1719348226.5471227,0.0,50271.0
1719348226.6926694,0.0,50271.0
1719348226.8369188,0.0,50271.0
1719348226.9818788,0.0,50271.0
1719348227.1265972,0.0,50271.0
1719348227.2742016,0.0,50271.0
1719348227.4242268,0.0,50271.0
1719348227.5726867,0.0,50271.0
1719348227.720741,0.0,50271.0
1719348227.8692422,0.0,50271.0
1719348228.018516,0.0,50271.0
1719348228.16946,0.0,50271.0
1719348228.3156824,0.0,50271.0
1719348228.4598231,0.0,50271.0
1719348228.6072917,0.0,50271.0
1719348228.7591658,0.0,50271.0
1719348228.9121573,0.0,50271.0
1719348229.0630484,0.0,50271.0
1719348229.2144833,0.0,50271.0
1719348229.3642433,0.0,50271.0
1719348229.512452,0.0,50271.0
1719348229.660819,0.0,50271.0
1719348229.810173,0.0,50271.0
1719348229.9594753,0.0,50271.0
1719348230.109924,0.0,50271.0
1719348230.2615201,0.0,50271.0
1719348230.4145894,0.0,50271.0
1719348230.5634012,0.0,50271.0
1719348230.7133217,0.0,50271.0
1719348230.8627334,0.0,50271.0
1719348231.0092664,0.0,50271.0
1719348231.1551695,0.0,50271.0
1719348231.2992544,0.0,50271.0
1719348231.443993,0.0,50271.0
1719348231.590288,0.0,50271.0
1719348231.7390404,0.0,50271.0
1719348231.8913875,0.0,50271.0
1719348232.0418873,0.0,50271.0
1719348232.190042,0.0,50271.0
1719348232.3374636,0.0,50271.0
1719348232.4860194,0.0,50271.0
1719348232.6334746,0.0,50271.0
1719348232.7817957,0.0,50271.0
1719348232.9793882,0.0,50271.0
1719348233.1310046,0.0,50271.0
1719348233.283999,0.0,50271.0
1719348233.4395633,0.0,50271.0
1719348233.5911787,0.0,50271.0
1719348233.7441578,0.0,50271.0
1719348233.8954113,0.0,50271.0
1719348234.0447958,0.0,50271.0
1719348234.1935217,0.0,50271.0
1719348234.3414807,0.0,50271.0
1719348234.4901931,0.0,50271.0
1719348234.6422,0.0,50271.0
1719348234.7926178,0.0,50271.0
1719348234.9456208,0.0,50271.0
1719348235.096221,0.0,50271.0
1719348235.247333,0.0,50271.0
1719348235.3948853,0.0,50271.0
1719348235.5410557,0.0,50271.0
1719348235.6885526,0.0,50271.0
1719348235.833719,0.0,50271.0
1719348235.9797888,0.0,50271.0
1719348236.1279023,0.0,50271.0
1719348236.27644,0.0,50271.0
1719348236.4251983,0.0,50271.0
1719348236.57961,0.0,50271.0
1719348236.7300327,0.0,50271.0
1719348236.880622,0.0,50271.0
1719348237.0329616,0.0,50271.0
1719348237.1821916,0.0,50271.0
1719348237.3394742,0.0,50271.0
1719348237.4877632,0.0,50271.0
1719348237.6399333,0.0,50271.0
1719348237.7890499,0.0,50271.0
1719348237.9436,0.0,50271.0
1719348238.0965717,0.0,50271.0
1719348238.2468083,0.0,50271.0
1719348238.3987575,0.0,50271.0
1719348238.549488,0.0,50271.0
1719348238.6984138,0.0,50271.0
1719348238.8494275,0.0,50271.0
1719348238.9987636,0.0,50271.0
1719348239.1492233,0.0,50271.0
1719348239.3000789,0.0,50271.0
1719348239.4521992,0.0,50271.0
1719348239.6040926,0.0,50271.0
1719348239.7564535,0.0,50271.0
1719348239.906354,0.0,50271.0
1719348240.0529914,0.0,50271.0
1719348240.2012837,0.0,50271.0
1719348240.348442,0.0,50271.0
1719348240.4943993,0.0,50271.0
1719348240.6381688,0.0,50271.0
1719348240.7851112,0.0,50271.0
1719348240.9335277,0.0,50271.0
1719348241.085572,0.0,50271.0
1719348241.2372847,0.0,50271.0
1719348241.3850667,0.0,50271.0
1719348241.5315418,0.0,50271.0
1719348241.6780381,0.0,50271.0
1719348241.825113,0.0,50271.0
1719348241.9717162,0.0,50271.0
1719348242.1174273,0.0,50271.0
1719348242.2660751,0.0,50271.0
1719348242.4167664,0.0,50271.0
1719348242.5694013,0.0,50271.0
1719348242.7221498,0.0,50271.0
1719348242.8733685,0.0,50271.0
1719348243.024519,0.0,50271.0
1719348243.1729238,0.0,50271.0
1719348243.323365,0.0,50271.0
1719348243.472594,0.0,50271.0
1719348243.6232526,0.0,50271.0
1719348243.7722454,0.0,50271.0
1719348243.9209886,0.0,50271.0
1719348244.0734162,0.0,50271.0
1719348244.2255766,0.0,50271.0
1719348244.3754728,0.0,50271.0
1719348244.524899,0.0,50271.0
1719348244.6717029,0.0,50271.0
1719348244.817323,0.0,50271.0
1719348244.9633005,0.0,50271.0
1719348245.111365,0.0,50271.0
1719348245.2553515,0.0,50271.0
1719348245.4031737,0.0,50271.0
1719348245.5469282,0.0,50271.0
1719348245.6958592,0.0,50271.0
1719348245.8458498,0.0,50271.0
1719348245.9980054,0.0,50271.0
1719348246.1472938,0.0,50271.0
1719348246.2941976,0.0,50271.0
1719348246.4466045,0.0,50271.0
1719348246.5934067,0.0,50271.0
1719348246.7460096,0.0,50271.0
1719348246.8934524,0.0,50271.0
1719348247.0427706,0.0,50271.0
1719348247.1940758,0.0,50271.0
1719348247.3457932,0.0,50271.0
1719348247.495364,0.0,50271.0
1719348247.6462038,0.0,50271.0
1719348247.7960951,0.0,50271.0
1719348247.9456675,0.0,50271.0
1719348248.0932424,0.0,50271.0
1719348248.2424073,0.0,50271.0
1719348248.3924613,0.0,50271.0
1719348248.5445838,0.0,50271.0
1719348248.6939867,0.0,50271.0
1719348248.8442755,0.0,50271.0
1719348248.9953954,0.0,50271.0
1719348249.1441996,0.0,50271.0
1719348249.2905586,0.0,50271.0
1719348249.435894,0.0,50271.0
1719348249.5832286,0.0,50271.0
1719348249.72788,0.0,50271.0
1719348249.8723712,0.0,50271.0
1719348250.020133,0.0,50271.0
1719348250.164526,0.0,50271.0
1719348250.311071,0.0,50271.0
1719348250.4596372,0.0,50271.0
1719348250.6095448,0.0,50271.0
1719348250.7586558,0.0,50271.0
1719348250.9076576,0.0,50271.0
1719348251.0581167,0.0,50271.0
1719348251.2072377,0.0,50271.0
1719348251.355294,0.0,50271.0
1719348251.502193,0.0,50271.0
1719348251.6510646,0.0,50271.0
1719348251.8038037,0.0,50271.0
1719348251.9571996,0.0,50271.0
1719348252.1051397,0.0,50271.0
1719348252.255272,0.0,50271.0
1719348252.405666,0.0,50271.0
1719348252.5553446,0.0,50271.0
1719348252.7037678,0.0,50271.0
1719348252.8531506,0.0,50271.0
1719348253.0037289,0.0,50271.0
1719348253.1524396,0.0,50271.0
1719348253.3028574,0.0,50271.0
1719348253.45702,0.0,50271.0
1719348253.6077182,0.0,50271.0
1719348253.7578633,0.0,50271.0
1719348253.9044096,0.0,50271.0
1719348254.0510802,0.0,50271.0
1719348254.1974695,0.0,50271.0
1719348254.3552084,0.0,50271.0
1719348254.4987488,0.0,50271.0
1719348254.644262,0.0,50271.0
1719348254.7923617,0.0,50271.0
1719348254.946773,0.0,50271.0
1719348255.098637,0.0,50271.0
1719348255.2485065,0.0,50271.0
1719348255.3971632,0.0,50271.0
1719348255.54528,0.0,50271.0
1719348255.693615,0.0,50271.0
1719348255.8439708,0.0,50271.0
1719348255.9912214,0.0,50271.0
1719348256.1401136,0.0,50271.0
1719348256.291172,0.0,50271.0
1719348256.4444754,0.0,50271.0
1719348256.5936477,0.0,50271.0
1719348256.746731,0.0,50271.0
1719348256.8973584,0.0,50271.0
1719348257.0494294,0.0,50271.0
1719348257.1997726,0.0,50271.0
1719348257.3515491,0.0,50271.0
1719348257.4986477,0.0,50271.0
1719348257.650696,0.0,50271.0
1719348257.8026621,0.0,50271.0
1719348257.9518821,0.0,50271.0
1719348258.1029415,0.0,50271.0
1719348258.2515438,0.0,50271.0
1719348258.4027467,0.0,50271.0
1719348258.5481408,0.0,50271.0
1719348258.6958842,0.0,50271.0
1719348258.8414226,0.0,50271.0
1719348258.9850054,0.0,50271.0
1719348259.1305227,0.0,50271.0
1719348259.2741024,0.0,50271.0
1719348259.4241912,0.0,50271.0
1719348259.572638,0.0,50271.0
1719348259.7231443,0.0,50271.0
1719348259.870517,0.0,50271.0
1719348260.0200033,0.0,50271.0
1719348260.165456,0.0,50271.0
1719348260.312156,0.0,50271.0
1719348260.458405,0.0,50271.0
1719348260.6042995,0.0,50271.0
1719348260.7563539,0.0,50271.0
1719348260.9085882,0.0,50271.0
1719348261.0624611,0.0,50271.0
1719348261.2117112,0.0,50271.0
1719348261.3636813,0.0,50271.0
1719348261.514302,0.0,50271.0
1719348261.8135278,0.0,50271.0
1719348261.9640405,0.0,50271.0
1719348262.1144934,0.0,50271.0
1719348262.2748544,0.0,50271.0
1719348262.4244273,0.0,50271.0
1719348262.5768745,0.0,50271.0
1719348262.7252073,0.0,50271.0
1719348262.8755848,0.0,50271.0
1719348263.0249126,0.0,50271.0
1719348263.1717105,0.0,50271.0
1719348263.3186562,0.0,50271.0
1719348263.4614904,0.0,50271.0
1719348263.6060185,0.0,50271.0
1719348263.7514474,0.0,50271.0
1719348263.902251,0.0,50271.0
1719348264.0529945,0.0,50271.0
1719348264.2049747,0.0,50271.0
1719348264.3557765,0.0,50271.0
1719348264.503884,0.0,50271.0
1719348264.6525998,0.0,50271.0
1719348264.8038948,0.0,50271.0
1719348264.9542298,0.0,50271.0
1719348265.1007483,0.0,50271.0
1719348265.2533746,0.0,50271.0
1719348265.4052699,0.0,50271.0
1719348265.5570915,0.0,50271.0
1719348265.7068827,0.0,50271.0
1719348265.8574479,0.0,50271.0
1719348266.0072236,0.0,50271.0
1719348266.1742597,0.0,50271.0
1719348266.3234324,0.0,50271.0
1719348266.4724102,0.0,50271.0
1719348266.6226244,0.0,50271.0
1719348266.7731771,0.0,50271.0
1719348266.9229386,0.0,50271.0
1719348267.075329,0.0,50271.0
1719348267.2255752,0.0,50271.0
1719348267.3747973,0.0,50271.0
1719348267.5210242,0.0,50271.0
1719348267.6680596,0.0,50271.0
1719348267.815247,0.0,50271.0
1719348267.9618957,0.0,50271.0
1719348268.106101,0.0,50271.0
1719348268.2516415,0.0,50271.0
1719348268.4009225,0.0,50271.0
1719348268.550785,0.0,50271.0
1719348268.7028227,0.0,50271.0
1719348268.8566086,0.0,50271.0
1719348269.0053675,0.0,50271.0
1719348269.154734,0.0,50271.0
1719348269.3404388,0.0,50271.0
1719348269.490103,0.0,50271.0
1719348269.6374424,0.0,50271.0
1719348269.7850974,0.0,50271.0
1719348269.9352584,0.0,50271.0
1719348270.0888274,0.0,50271.0
1719348270.2386355,0.0,50271.0
1719348270.3920655,0.0,50271.0
1719348270.5412111,0.0,50271.0
1719348270.6911294,0.0,50271.0
1719348270.841272,0.0,50271.0
1719348270.9905703,0.0,50271.0
1719348271.1401627,0.0,50271.0
1719348271.291712,0.0,50271.0
1719348271.4425902,0.0,50271.0
1719348271.594714,0.0,50271.0
1719348271.7450995,0.0,50271.0
1719348271.895722,0.0,50271.0
1719348272.042221,0.0,50271.0
1719348272.1893957,0.0,50271.0
1719348272.3366244,0.0,50271.0
1719348272.4812346,0.0,50271.0
1719348272.6257994,0.0,50271.0
1719348272.7718935,0.0,50271.0
1719348272.920311,0.0,50271.0
1719348273.071992,0.0,50271.0
1719348273.2230659,0.0,50271.0
1719348273.3721573,0.0,50271.0
1719348273.519049,0.0,50271.0
1719348273.6680796,0.0,50271.0
1719348273.815681,0.0,50271.0
1719348273.9652944,0.0,50271.0
1719348274.1118717,0.0,50271.0
1719348274.2600195,0.0,50271.0
1719348274.4070265,0.0,50271.0
1719348274.555044,0.0,50271.0
1719348274.7040236,0.0,50271.0
1719348274.8558745,0.0,50271.0
1719348275.0055664,0.0,50271.0
1719348275.153846,0.0,50271.0
1719348275.304534,0.0,50271.0
1719348275.4527082,0.0,50271.0
1719348275.6004798,0.0,50271.0
1719348275.749996,0.0,50271.0
1719348275.8991795,0.0,50271.0
1719348276.047645,0.0,50271.0
1719348276.198451,0.0,50271.0
1719348276.3477242,0.0,50271.0
1719348276.4997718,0.0,50271.0
1719348276.6468878,0.0,50271.0
1719348276.7925062,0.0,50271.0
1719348276.938054,0.0,50271.0
1719348277.081678,0.0,50271.0
1719348277.2276998,0.0,50271.0
1719348277.3715484,0.0,50271.0
1719348277.5211532,0.0,50271.0
1719348277.6720645,0.0,50271.0
1719348277.8231568,0.0,50271.0
1719348277.9726474,0.0,50271.0
1719348278.1232047,0.0,50271.0
1719348278.2738621,0.0,50271.0
1719348278.42191,0.0,50271.0
1719348278.5671632,0.0,50271.0
1719348278.713018,0.0,50271.0
1719348278.8638194,0.0,50271.0
1719348279.0163476,0.0,50271.0
1719348279.170382,0.0,50271.0
1719348279.3191555,0.0,50271.0
1719348279.46902,0.0,50271.0
1719348279.6181474,0.0,50271.0
1719348279.7679207,0.0,50271.0
1719348279.9178138,0.0,50271.0
1719348280.0679371,0.0,50271.0
1719348280.217467,0.0,50271.0
1719348280.3676805,0.0,50271.0
1719348280.5158246,0.0,50271.0
1719348280.6669993,0.0,50271.0
1719348280.8166544,0.0,50271.0
1719348280.9663084,0.0,50271.0
1719348281.114518,0.0,50271.0
1719348281.260134,0.0,50271.0
1719348281.4065847,0.0,50271.0
1719348281.5503275,0.0,50271.0
1719348281.696427,0.0,50271.0
1719348281.8439112,0.0,50271.0
1719348281.993342,0.0,50271.0
1719348282.1444945,0.0,50271.0
1719348282.295308,0.0,50271.0
1719348282.4452906,0.0,50271.0
1719348282.5936384,0.0,50271.0
1719348282.7408516,0.0,50271.0
1719348282.8872962,0.0,50271.0
1719348283.0350997,0.0,50271.0
1719348283.1816714,0.0,50271.0
1719348283.3280184,0.0,50271.0
1719348283.4752505,0.0,50271.0
1719348283.6257703,0.0,50271.0
1719348283.7774725,0.0,50271.0
1719348283.9274538,0.0,50271.0
1719348284.0766943,0.0,50271.0
1719348284.2248046,0.0,50271.0
1719348284.3765886,0.0,50271.0
1719348284.5238502,0.0,50271.0
1719348284.6726868,0.0,50271.0
1719348284.8237877,0.0,50271.0
1719348284.9717016,0.0,50271.0
1719348285.1212108,0.0,50271.0
1719348285.272564,0.0,50271.0
1719348285.4204571,0.0,50271.0
1719348285.5663464,0.0,50271.0
1719348285.7126675,0.0,50271.0
1719348285.8551724,0.0,50271.0
1719348285.9999225,0.0,50271.0
1719348286.1458604,0.0,50271.0
1719348286.2942977,0.0,50271.0
1719348286.4580197,0.0,50271.0
1719348286.6052036,0.0,50271.0
1719348286.7549126,0.0,50271.0
1719348286.907435,0.0,50271.0
1719348287.057402,0.0,50271.0
1719348287.20487,0.0,50271.0
1719348287.3523326,0.0,50271.0
1719348287.5003552,0.0,50271.0
1719348287.6472428,0.0,50271.0
1719348287.7939496,0.0,50271.0
1719348287.942519,0.0,50271.0
1719348288.0952334,0.0,50271.0
1719348288.2469018,0.0,50271.0
1719348288.4006827,0.0,50271.0
1719348288.549576,0.0,50271.0
1719348288.6980083,0.0,50271.0
1719348288.8492088,0.0,50271.0
1719348288.9993825,0.0,50271.0
1719348289.1487324,0.0,50271.0
1719348289.3000329,0.0,50271.0
1719348289.4485092,0.0,50271.0
1719348289.5963233,0.0,50271.0
1719348289.746252,0.0,50271.0
1719348289.8940313,0.0,50271.0
1719348290.0419526,0.0,50271.0
1719348290.1897385,0.0,50271.0
1719348290.3370285,0.0,50271.0
1719348290.4852455,0.0,50271.0
1719348290.6310174,0.0,50271.0
1719348290.7748866,0.0,50271.0
1719348290.9202542,0.0,50271.0
1719348291.0672352,0.0,50271.0
1719348291.2156057,0.0,50271.0
1719348291.368034,0.0,50271.0
1719348291.5174577,0.0,50271.0
1719348291.6685727,0.0,50271.0
1719348291.8171082,0.0,50271.0
1719348291.9643981,0.0,50271.0
1719348292.1120098,0.0,50271.0
1719348292.257555,0.0,50271.0
1719348292.401866,0.0,50271.0
1719348292.5526884,0.0,50271.0
1719348292.7035992,0.0,50271.0
1719348292.8588114,0.0,50271.0
1719348293.0076978,0.0,50271.0
1719348293.160137,0.0,50271.0
1719348293.3144794,0.0,50271.0
1719348293.464192,0.0,50271.0
1719348293.6135025,0.0,50271.0
1719348293.7634947,0.0,50271.0
1719348293.914139,0.0,50271.0
1719348294.063815,0.0,50271.0
1719348294.2142608,0.0,50271.0
1719348294.3646593,0.0,50271.0
1719348294.5153818,0.0,50271.0
1719348294.6626759,0.0,50271.0
1719348294.8088212,0.0,50271.0
1719348294.9540646,0.0,50271.0
1719348295.1002371,0.0,50271.0
1719348295.2460368,0.0,50271.0
1719348295.392312,0.0,50271.0
1719348295.540262,0.0,50271.0
1719348295.6906736,0.0,50271.0
1719348295.841966,0.0,50271.0
1719348295.9922442,0.0,50271.0
1719348296.141322,0.0,50271.0
1719348296.2895882,0.0,50271.0
1719348296.4378252,0.0,50271.0
1719348296.586094,0.0,50271.0
1719348296.7328444,0.0,50271.0
1719348296.8794591,0.0,50271.0
1719348297.026763,0.0,50271.0
1719348297.1798086,0.0,50271.0
1719348297.3295448,0.0,50271.0
1719348297.4796786,0.0,50271.0
1719348297.6298609,0.0,50271.0
1719348297.7803836,0.0,50271.0
1719348297.9300346,0.0,50271.0
1719348298.0795214,0.0,50271.0
1719348298.229472,0.0,50271.0
1719348298.3799572,0.0,50271.0
1719348298.5297754,0.0,50271.0
1719348298.678808,0.0,50271.0
1719348298.830689,0.0,50271.0
1719348298.9789453,0.0,50271.0
1719348299.128489,0.0,50271.0
1719348299.2740433,0.0,50271.0
1719348299.420223,0.0,50271.0
1719348299.566145,0.0,50271.0
1719348299.71126,0.0,50271.0
1719348299.856946,0.0,50271.0
1719348300.0022104,0.0,50271.0
1719348300.151727,0.0,50271.0
1719348300.303889,0.0,50271.0
1719348300.4548993,0.0,50271.0
1719348300.6047974,0.0,50271.0
1719348300.7532933,0.0,50271.0
1719348300.9002883,0.0,50271.0
1719348301.0468795,0.0,50271.0
1719348301.1937044,0.0,50271.0
1719348301.338897,0.0,50271.0
1719348301.484651,0.0,50271.0
1719348301.6361036,0.0,50271.0
1719348301.7873006,0.0,50271.0
1719348301.9347472,0.0,50271.0
1719348302.0850887,0.0,50271.0
1719348302.2392216,0.0,50271.0
1719348302.396756,0.0,50271.0
1719348302.5456798,0.0,50271.0
1719348302.6953175,0.0,50271.0
1719348302.844837,0.0,50271.0
1719348302.9933324,0.0,50271.0
1719348303.1424687,0.0,50271.0
1719348303.294907,0.0,50271.0
1719348303.4438412,0.0,50271.0
1719348303.591702,0.0,50271.0
1719348303.7373378,0.0,50271.0
1719348303.8833,0.0,50271.0
1719348304.0301735,0.0,50271.0
1719348304.1754465,0.0,50271.0
1719348304.319822,0.0,50271.0
1719348304.4638746,0.0,50271.0
1719348304.6133134,0.0,50271.0
1719348304.7641456,0.0,50271.0
1719348304.917008,0.0,50271.0
1719348305.0666676,0.0,50271.0
1719348305.2139475,0.0,50271.0
1719348305.3620524,0.0,50271.0
1719348305.509087,0.0,50271.0
1719348305.657115,0.0,50271.0
1719348305.8027372,0.0,50271.0
1719348305.9486904,0.0,50271.0
1719348306.1002305,0.0,50271.0
1719348306.2504706,0.0,50271.0
1719348306.4035242,0.0,50271.0
1719348306.553216,0.0,50271.0
1719348306.7053735,0.0,50271.0
1719348306.8553889,0.0,50271.0
1719348307.0069187,0.0,50271.0
1719348307.1592598,0.0,50271.0
1719348307.31014,0.0,50271.0
1719348307.460377,0.0,50271.0
1719348307.610532,0.0,50271.0
1719348307.7594926,0.0,50271.0
1719348307.9112186,0.0,50271.0
1719348308.061936,0.0,50271.0
1719348308.2100487,0.0,50271.0
1719348308.3558092,0.0,50271.0
1719348308.5025153,0.0,50271.0
1719348308.6494396,0.0,50271.0
1719348308.7941797,0.0,50271.0
1719348308.9416137,0.0,50271.0
1719348309.0868514,0.0,50271.0
1719348309.2364395,0.0,50271.0
1719348309.3888547,0.0,50271.0
1719348309.5434258,0.0,50271.0
1719348309.693268,0.0,50271.0
1719348309.8428915,0.0,50271.0
1719348309.9904718,0.0,50271.0
1719348310.137916,0.0,50271.0
1719348310.285365,0.0,50271.0
1719348310.434749,0.0,50271.0
1719348310.5845752,0.0,50271.0
1719348310.737204,0.0,50271.0
1719348310.8916667,0.0,50271.0
1719348311.042491,0.0,50271.0
1719348311.1948056,0.0,50271.0
1719348311.3455615,0.0,50271.0
1719348311.4991817,0.0,50271.0
1719348311.649,0.0,50271.0
1719348311.7985504,0.0,50271.0
1719348311.9478784,0.0,50271.0
1719348312.0962002,0.0,50271.0
1719348312.2461495,0.0,50271.0
1719348312.3986645,0.0,50271.0
1719348312.5472207,0.0,50271.0
1719348312.700077,0.0,50271.0
1719348312.8506722,0.0,50271.0
1719348313.0042922,0.0,50271.0
1719348313.1520061,0.0,50271.0
1719348313.2963376,0.0,50271.0
1719348313.4432583,0.0,50271.0
1719348313.5876708,0.0,50271.0
1719348313.7357752,0.0,50271.0
1719348313.8878996,0.0,50271.0
1719348314.0396173,0.0,50271.0
1719348314.1888268,0.0,50271.0
1719348314.3385825,0.0,50271.0
1719348314.4885094,0.0,50271.0
1719348314.6371667,0.0,50271.0
1719348314.7891114,0.0,50271.0
1719348314.9367993,0.0,50271.0
1719348315.0865269,0.0,50271.0
1719348315.239309,0.0,50271.0
1719348315.392725,0.0,50271.0
1719348315.5419424,0.0,50271.0
1719348315.6909304,0.0,50271.0
1719348315.8389642,0.0,50271.0
1719348315.985939,0.0,50271.0
1719348316.1337714,0.0,50271.0
1719348316.2837687,0.0,50271.0
1719348316.4312031,0.0,50271.0
1719348316.580798,0.0,50271.0
1719348316.730059,0.0,50271.0
1719348316.8813198,0.0,50271.0
1719348317.0320745,0.0,50271.0
1719348317.1822894,0.0,50271.0
1719348317.3299205,0.0,50271.0
1719348317.4776967,0.0,50271.0
1719348317.6247113,0.0,50271.0
1719348317.7703292,0.0,50271.0
1719348317.9142945,0.0,50271.0
1719348318.0624316,0.0,50271.0
1719348318.2071207,0.0,50271.0
1719348318.3578317,0.0,50271.0
1719348318.5081167,0.0,50271.0
1719348318.6608887,0.0,50271.0
1719348318.8114867,0.0,50271.0
1719348318.959576,0.0,50271.0
1719348319.109229,0.0,50271.0
1719348319.260228,0.0,50271.0
1719348319.4061162,0.0,50271.0
1719348319.5513005,0.0,50271.0
1719348319.7017715,0.0,50271.0
1719348319.8552341,0.0,50271.0
1719348320.0096142,0.0,50271.0
1719348320.1599495,0.0,50271.0
1719348320.3108382,0.0,50271.0
1719348320.461196,0.0,50271.0
1719348320.6078544,0.0,50271.0
1719348320.7579024,0.0,50271.0
1719348320.9102452,0.0,50271.0
1719348321.0599365,0.0,50271.0
1719348321.2103937,0.0,50271.0
1719348321.3610246,0.0,50271.0
1719348321.5120742,0.0,50271.0
1719348321.662296,0.0,50271.0
1719348321.8126676,0.0,50271.0
1719348321.959888,0.0,50271.0
1719348322.1071093,0.0,50271.0
1719348322.2554257,0.0,50271.0
1719348322.4015026,0.0,50271.0
1719348322.5475364,0.0,50271.0
1719348322.692893,0.0,50271.0
1719348322.8415241,0.0,50271.0
1719348322.9930131,0.0,50271.0
1719348323.1448848,0.0,50271.0
1719348323.2943435,0.0,50271.0
1719348323.4454913,0.0,50271.0
1719348323.594055,0.0,50271.0
1719348323.741834,0.0,50271.0
1719348323.89085,0.0,50271.0
1719348324.0378256,0.0,50271.0
1719348324.1882453,0.0,50271.0
1719348324.341898,0.0,50271.0
1719348324.4934285,0.0,50271.0
1719348324.642082,0.0,50271.0
1719348324.7942684,0.0,50271.0
1719348324.943796,0.0,50271.0
1719348325.0938656,0.0,50271.0
1719348325.244711,0.0,50271.0
1719348325.394465,0.0,50271.0
1719348325.5439181,0.0,50271.0
1719348325.7035105,0.0,50271.0
1719348325.85353,0.0,50271.0
1719348326.0065377,0.0,50271.0
1719348326.1548722,0.0,50271.0
1719348326.302303,0.0,50271.0
1719348326.4512239,0.0,50271.0
1719348326.5985255,0.0,50271.0
1719348326.7451835,0.0,50271.0
1719348326.8904436,0.0,50271.0
1719348327.0364587,0.0,50271.0
1719348327.1828294,0.0,50271.0
1719348327.3325408,0.0,50271.0
1719348327.484676,0.0,50271.0
1719348327.6382957,0.0,50271.0
1719348327.7879708,0.0,50271.0
1719348327.9366758,0.0,50271.0
1719348328.0858903,0.0,50271.0
1719348328.2348735,0.0,50271.0
1719348328.383445,0.0,50271.0
1719348328.5294724,0.0,50271.0
1719348328.6808627,0.0,50271.0
1719348328.8321958,0.0,50271.0
1719348328.9827085,0.0,50271.0
1719348329.1358988,0.0,50271.0
1719348329.2854443,0.0,50271.0
1719348329.436394,0.0,50271.0
1719348329.5880413,0.0,50271.0
1719348329.738404,0.0,50271.0
1719348329.8922627,0.0,50271.0
1719348330.04338,0.0,50271.0
1719348330.1931474,0.0,50271.0
1719348330.3429961,0.0,50271.0
1719348330.4945543,0.0,50271.0
1719348330.6449666,0.0,50271.0
1719348330.7924392,0.0,50271.0
1719348330.9398847,0.0,50271.0
1719348331.0862508,0.0,50271.0
1719348331.2346978,0.0,50271.0
1719348331.3785536,0.0,50271.0
1719348331.5258512,0.0,50271.0
1719348331.671261,0.0,50271.0
1719348331.8206322,0.0,50271.0
1719348331.9745162,0.0,50271.0
1719348332.1580637,0.0,50271.0
1719348332.3075461,0.0,50271.0
1719348332.4542809,0.0,50271.0
1719348332.5997674,0.0,50271.0
1719348332.7492297,0.0,50271.0
1719348332.8953855,0.0,50271.0
1719348333.0427744,0.0,50271.0
1719348333.1925318,0.0,50271.0
1719348333.345956,0.0,50271.0
1719348333.496438,0.0,50271.0
1719348333.648925,0.0,50271.0
1719348333.7997415,0.0,50271.0
1719348333.948551,0.0,50271.0
1719348334.1026018,0.0,50271.0
1719348334.2520704,0.0,50271.0
1719348334.403328,0.0,50271.0
1719348334.5529616,0.0,50271.0
1719348334.70219,0.0,50271.0
1719348334.8546681,0.0,50271.0
1719348335.007971,0.0,50271.0
1719348335.156975,0.0,50271.0
1719348335.3051999,0.0,50271.0
1719348335.4545708,0.0,50271.0
1719348335.6013825,0.0,50271.0
1719348335.7482853,0.0,50271.0
1719348335.8941102,0.0,50271.0
1719348336.0390198,0.0,50271.0
1719348336.2154553,0.0,50271.0
1719348336.3653495,0.0,50271.0
1719348336.515497,0.0,50271.0
1719348336.6663747,0.0,50271.0
1719348336.8163388,0.0,50271.0
1719348336.9657626,0.0,50271.0
1719348337.1156096,0.0,50271.0
1719348337.2643206,0.0,50271.0
1719348337.4134743,0.0,50271.0
1719348337.5591736,0.0,50271.0
1719348337.709451,0.0,50271.0
1719348337.862438,0.0,50271.0
1719348338.016807,0.0,50271.0
1719348338.1667087,0.0,50271.0
1719348338.3222759,0.0,50271.0
1719348338.4728212,0.0,50271.0
1719348338.6200933,0.0,50271.0
1719348338.7713428,0.0,50271.0
1719348338.9272475,0.0,50271.0
1719348339.0765972,0.0,50271.0
1719348339.2292626,0.0,50271.0
1719348339.379547,0.0,50271.0
1719348339.5305386,0.0,50271.0
1719348339.6815643,0.0,50271.0
1719348339.830145,0.0,50271.0
1719348339.978711,0.0,50271.0
1719348340.1256578,0.0,50271.0
1719348340.271757,0.0,50271.0
1719348340.418135,0.0,50271.0
1719348340.5614882,0.0,50271.0
1719348340.7084405,0.0,50271.0
1719348340.8541493,0.0,50271.0
1719348341.00529,0.0,50271.0
1719348341.1564035,0.0,50271.0
1719348341.3080285,0.0,50271.0
1719348341.4570923,0.0,50271.0
1719348341.6051853,0.0,50271.0
1719348341.752659,0.0,50271.0
1719348341.901059,0.0,50271.0
1719348342.0487988,0.0,50271.0
1719348342.195718,0.0,50271.0
1719348342.3444738,0.0,50271.0
1719348342.4982548,0.0,50271.0
1719348342.656029,0.0,50271.0
1719348342.8078651,0.0,50271.0
1719348342.958202,0.0,50271.0
1719348343.110966,0.0,50271.0
1719348343.2601132,0.0,50271.0
1719348343.410916,0.0,50271.0
1719348343.561061,0.0,50271.0
1719348343.7098377,0.0,50271.0
1719348343.8591213,0.0,50271.0
1719348344.0091953,0.0,50271.0
1719348344.1630704,0.0,50271.0
1719348344.3150237,0.0,50271.0
1719348344.4647386,0.0,50271.0
1719348344.611462,0.0,50271.0
1719348344.759265,0.0,50271.0
1719348344.905889,0.0,50271.0
1719348345.0504935,0.0,50271.0
1719348345.1957788,0.0,50271.0
1719348345.3424125,0.0,50271.0
1719348345.4912825,0.0,50271.0
1719348345.6419017,0.0,50271.0
1719348345.7947378,0.0,50271.0
1719348345.9436383,0.0,50271.0
1719348346.091808,0.0,50271.0
1719348346.239367,0.0,50271.0
1719348346.3879483,0.0,50271.0
1719348346.5357447,0.0,50271.0
1719348346.6821213,0.0,50271.0
1719348346.841463,0.0,50271.0
1719348346.9934685,0.0,50271.0
1719348347.1470346,0.0,50271.0
1719348347.2956665,0.0,50271.0
1719348347.4474688,0.0,50271.0
1719348347.5974772,0.0,50271.0
1719348347.7468534,0.0,50271.0
1719348347.896328,0.0,50271.0
1719348348.0473487,0.0,50271.0
1719348348.19588,0.0,50271.0
1719348348.3451161,0.0,50271.0
1719348348.4958827,0.0,50271.0
1719348348.6489491,0.0,50271.0
1719348348.7981968,0.0,50271.0
1719348348.9476306,0.0,50271.0
1719348349.0952268,0.0,50271.0
1719348349.2428634,0.0,50271.0
1719348349.3891084,0.0,50271.0
1719348349.5341809,0.0,50271.0
1719348349.681593,0.0,50271.0
1719348349.827241,0.0,50271.0
1719348349.9766026,0.0,50271.0
1719348350.1315608,0.0,50271.0
1719348350.284369,0.0,50271.0
1719348350.4342945,0.0,50271.0
1719348350.5851202,0.0,50271.0
1719348350.7339427,0.0,50271.0
1719348350.8814309,0.0,50271.0
1719348351.0310698,0.0,50271.0
1719348351.1789322,0.0,50271.0
1719348351.327466,0.0,50271.0
1719348351.4799194,0.0,50271.0
1719348351.6332054,0.0,50271.0
1719348351.7828407,0.0,50271.0
1719348351.93602,0.0,50271.0
1719348352.0870047,0.0,50271.0
1719348352.2383773,0.0,50271.0
1719348352.388638,0.0,50271.0
1719348352.5369258,0.0,50271.0
1719348352.6867628,0.0,50271.0
1719348352.837544,0.0,50271.0
1719348352.9892082,0.0,50271.0
1719348353.139385,0.0,50271.0
1719348353.2870545,0.0,50271.0
1719348353.434789,0.0,50271.0
1719348353.583282,0.0,50271.0
1719348353.7324572,0.0,50271.0
1719348353.880259,0.0,50271.0
1719348354.029764,0.0,50271.0
1719348354.1789346,0.0,50271.0
1719348354.3277953,0.0,50271.0
1719348354.4786463,0.0,50271.0
1719348354.6298604,0.0,50271.0
1719348354.7804992,0.0,50271.0
1719348354.9612026,0.0,50271.0
1719348355.1499202,0.0,50271.0
1719348355.298466,0.0,50271.0
1719348355.4463265,0.0,50271.0
1719348355.5990815,0.0,50271.0
1719348355.7471476,0.0,50271.0
1719348355.899851,0.0,50271.0
1719348356.0492735,0.0,50271.0
1719348356.1988275,0.0,50271.0
1719348356.3500912,0.0,50271.0
1719348356.4997094,0.0,50271.0
1719348356.6476474,0.0,50271.0
1719348356.7988603,0.0,50271.0
1719348356.9493449,0.0,50271.0
1719348357.0978494,0.0,50271.0
1719348357.247978,0.0,50271.0
1719348357.3978286,0.0,50271.0
1719348357.548054,0.0,50271.0
1719348357.697211,0.0,50271.0
1719348357.8483052,0.0,50271.0
1719348357.9963787,0.0,50271.0
1719348358.1427405,0.0,50271.0
1719348358.2906477,0.0,50271.0
1719348358.4375818,0.0,50271.0
1719348358.5827935,0.0,50271.0
1719348358.728069,0.0,50271.0
1719348358.876404,0.0,50271.0
1719348359.0284631,0.0,50271.0
1719348359.1794946,0.0,50271.0
1719348359.3276422,0.0,50271.0
1719348359.4744108,0.0,50271.0
1719348359.6221452,0.0,50271.0
