timestamp,gpu_util,gpu_mem
1719260393.073496,0.0,4.0
1719260393.2092867,0.0,4.0
1719260393.3469021,0.0,4.0
1719260393.4911852,0.0,21.0
1719260393.6558473,0.0,633.0
1719260393.796746,7.0,633.0
1719260393.9397202,0.0,633.0
1719260394.0862164,0.0,633.0
1719260394.323527,0.0,633.0
1719260394.464338,0.0,633.0
1719260394.6032035,0.0,633.0
1719260394.7406433,0.0,633.0
1719260394.8772233,0.0,633.0
1719260395.017815,0.0,633.0
1719260395.1561263,0.0,633.0
1719260395.2955,0.0,633.0
1719260395.4325104,0.0,633.0
1719260395.5936818,0.0,633.0
1719260395.7324967,0.0,633.0
1719260395.8722725,0.0,633.0
1719260396.011499,0.0,633.0
1719260396.1502967,0.0,633.0
1719260396.2889748,0.0,633.0
1719260396.427966,0.0,633.0
1719260396.5656064,0.0,633.0
1719260396.7045565,0.0,633.0
1719260396.8419073,0.0,633.0
1719260396.9794598,0.0,633.0
1719260397.1164618,0.0,633.0
1719260397.270783,0.0,633.0
1719260397.4587913,0.0,633.0
1719260397.6167748,0.0,633.0
1719260397.7572198,0.0,633.0
1719260397.8973212,0.0,633.0
1719260398.0672991,0.0,633.0
1719260398.2047217,0.0,633.0
1719260398.3408616,0.0,633.0
1719260398.4844878,0.0,633.0
1719260398.6225371,0.0,633.0
1719260398.7730734,0.0,633.0
1719260398.910035,0.0,633.0
1719260399.0777087,0.0,633.0
1719260399.2163448,0.0,633.0
1719260399.3553476,0.0,633.0
1719260399.49274,0.0,633.0
1719260399.6354225,0.0,633.0
1719260399.774714,0.0,633.0
1719260399.9139736,0.0,633.0
1719260400.052143,0.0,633.0
1719260400.189156,0.0,633.0
1719260400.328061,0.0,633.0
1719260400.4673603,0.0,633.0
1719260400.606532,0.0,633.0
1719260400.7458382,0.0,633.0
1719260400.8850787,0.0,633.0
1719260401.022796,0.0,633.0
1719260401.16188,0.0,633.0
1719260401.303773,0.0,633.0
1719260401.4450276,0.0,633.0
1719260401.5869644,0.0,633.0
1719260401.7269368,0.0,633.0
1719260401.8947983,0.0,633.0
1719260402.0352354,0.0,633.0
1719260402.1735957,0.0,633.0
1719260402.311556,0.0,633.0
1719260402.4500318,0.0,633.0
1719260402.5882084,0.0,633.0
1719260402.7248952,0.0,633.0
1719260402.8634284,0.0,633.0
1719260403.002587,0.0,633.0
1719260403.1409357,0.0,633.0
1719260403.2783005,0.0,633.0
1719260403.4155598,0.0,633.0
1719260403.5529425,0.0,633.0
1719260403.6919825,0.0,633.0
1719260403.8302019,0.0,633.0
1719260403.9679358,0.0,633.0
1719260404.1160085,0.0,633.0
1719260404.254231,0.0,633.0
1719260404.3952007,0.0,633.0
1719260404.5340204,0.0,633.0
1719260404.6733184,0.0,633.0
1719260404.8115854,0.0,633.0
1719260404.9502654,0.0,633.0
1719260405.100374,0.0,633.0
1719260405.2399476,0.0,633.0
1719260405.380182,0.0,633.0
1719260405.5196834,0.0,633.0
1719260405.6619537,0.0,633.0
1719260405.8014772,0.0,633.0
1719260405.9406912,0.0,633.0
1719260406.0791988,0.0,633.0
1719260406.2179499,0.0,633.0
1719260406.3582487,0.0,633.0
1719260406.4955156,0.0,633.0
1719260406.632098,0.0,633.0
1719260406.771151,0.0,633.0
1719260406.9165733,0.0,633.0
1719260407.0548418,0.0,633.0
1719260407.19508,0.0,633.0
1719260407.3327296,0.0,633.0
1719260407.471349,0.0,633.0
1719260407.6104286,0.0,633.0
1719260407.7497416,0.0,633.0
1719260407.8892226,0.0,633.0
1719260408.0261593,0.0,633.0
1719260408.1639733,0.0,633.0
1719260408.3130326,0.0,633.0
1719260408.4507859,0.0,633.0
1719260408.5893028,0.0,633.0
1719260408.736765,0.0,633.0
1719260408.8755481,0.0,633.0
1719260409.0159488,0.0,633.0
1719260409.1535976,0.0,633.0
1719260409.3357856,0.0,633.0
1719260409.479004,0.0,633.0
1719260409.6165922,0.0,633.0
1719260409.7560043,0.0,633.0
1719260409.896621,0.0,633.0
1719260410.0343804,0.0,633.0
1719260410.172937,0.0,633.0
1719260410.3165562,0.0,633.0
1719260410.4590878,0.0,633.0
1719260410.5978794,0.0,633.0
1719260410.7371182,0.0,633.0
1719260410.876462,0.0,633.0
1719260411.0143425,0.0,633.0
1719260411.1526368,0.0,633.0
1719260411.2911093,0.0,633.0
1719260411.4298584,0.0,633.0
1719260411.5683146,0.0,633.0
1719260411.7075064,0.0,633.0
1719260411.845195,0.0,633.0
1719260411.98579,0.0,633.0
1719260412.1236515,0.0,633.0
1719260412.2687635,0.0,633.0
1719260412.406331,0.0,633.0
1719260412.5449388,0.0,633.0
1719260412.6830575,0.0,633.0
1719260412.8218865,0.0,633.0
1719260412.959872,0.0,633.0
1719260413.0985508,0.0,633.0
1719260413.236555,0.0,633.0
1719260413.374395,0.0,633.0
1719260413.5112157,0.0,633.0
1719260413.6490626,0.0,633.0
1719260413.786873,0.0,633.0
1719260413.9234045,0.0,633.0
1719260414.060281,0.0,633.0
1719260414.1975195,0.0,633.0
1719260414.3362572,0.0,633.0
1719260414.4726872,0.0,633.0
1719260414.60999,0.0,633.0
1719260414.7552323,0.0,633.0
1719260414.8935664,0.0,633.0
1719260415.0334284,0.0,633.0
1719260415.1718562,0.0,633.0
1719260415.310663,0.0,633.0
1719260415.4495213,0.0,633.0
1719260415.5872564,0.0,633.0
1719260415.7251718,0.0,633.0
1719260415.863707,0.0,633.0
1719260416.0025938,0.0,633.0
1719260416.140836,0.0,633.0
1719260416.2793455,0.0,633.0
1719260416.4177701,0.0,633.0
1719260416.5559459,0.0,633.0
1719260416.694858,0.0,633.0
1719260416.8315928,0.0,633.0
1719260416.9688962,0.0,633.0
1719260417.1078317,0.0,633.0
1719260417.246598,0.0,633.0
1719260417.3876772,0.0,633.0
1719260417.5259235,0.0,633.0
1719260417.6655214,0.0,633.0
1719260417.8054123,0.0,633.0
1719260417.944154,0.0,633.0
1719260418.082333,0.0,633.0
1719260418.2188764,0.0,633.0
1719260418.360567,0.0,633.0
1719260418.4978456,0.0,633.0
1719260418.636981,0.0,633.0
1719260418.7773893,0.0,633.0
1719260418.9229724,0.0,633.0
1719260419.0636005,0.0,633.0
1719260419.2015984,0.0,633.0
1719260419.3387198,0.0,633.0
1719260419.47628,0.0,633.0
1719260419.6128807,0.0,633.0
1719260419.7498648,0.0,633.0
1719260419.8874116,0.0,633.0
1719260420.031886,0.0,633.0
1719260420.1711373,0.0,633.0
1719260420.3086443,0.0,633.0
1719260420.447257,0.0,633.0
1719260420.587745,0.0,633.0
1719260420.7271864,0.0,633.0
1719260420.8674324,0.0,633.0
1719260421.0086904,0.0,633.0
1719260421.1468177,0.0,633.0
1719260421.2849953,0.0,633.0
1719260421.4238038,0.0,633.0
1719260421.5865464,0.0,633.0
1719260421.7266395,0.0,633.0
1719260421.8650897,0.0,633.0
1719260422.0030296,0.0,633.0
1719260422.143049,0.0,633.0
1719260422.2820377,0.0,633.0
1719260422.422131,0.0,633.0
1719260422.5617485,0.0,633.0
1719260422.7006607,0.0,633.0
1719260422.841886,0.0,633.0
1719260423.0253406,0.0,633.0
1719260423.1635828,0.0,633.0
1719260423.3015974,0.0,633.0
1719260423.4381208,0.0,633.0
1719260423.5753038,0.0,633.0
1719260423.7128358,0.0,633.0
1719260423.8526893,0.0,633.0
1719260423.993342,0.0,633.0
1719260424.1317906,0.0,633.0
1719260424.2902052,0.0,633.0
1719260424.4557931,0.0,633.0
1719260424.6242855,0.0,633.0
1719260424.7768686,0.0,633.0
1719260424.9830053,0.0,633.0
1719260425.1558547,0.0,633.0
1719260425.303796,0.0,633.0
1719260425.4641511,0.0,633.0
1719260425.612822,0.0,633.0
1719260425.7634673,0.0,633.0
1719260425.9106967,0.0,633.0
1719260426.071705,0.0,633.0
1719260426.2718716,0.0,633.0
1719260426.43617,0.0,633.0
1719260426.5802302,0.0,633.0
1719260426.7956603,0.0,633.0
1719260427.00054,0.0,633.0
1719260427.1953542,0.0,633.0
1719260427.3666337,0.0,633.0
1719260427.5726936,0.0,633.0
1719260427.723493,0.0,633.0
1719260427.8925388,0.0,633.0
1719260428.0727367,0.0,633.0
1719260428.218288,0.0,633.0
1719260428.35911,0.0,633.0
1719260428.4988973,0.0,633.0
1719260428.6377692,0.0,2393.0
1719260428.7763057,6.0,7651.0
1719260428.9176674,46.0,9995.0
1719260429.0579677,91.0,30395.0
1719260429.2038596,91.0,30395.0
1719260429.3710594,65.0,38861.0
1719260429.549367,86.0,49615.0
1719260429.7181115,100.0,49617.0
1719260429.893629,96.0,49619.0
1719260430.0950246,81.0,49631.0
1719260430.2876816,81.0,49631.0
1719260430.48551,0.0,49631.0
1719260430.6447759,0.0,49631.0
1719260430.822197,0.0,49631.0
1719260430.978794,0.0,49631.0
1719260431.146078,0.0,49631.0
1719260431.330993,0.0,49631.0
1719260431.5129092,0.0,49631.0
1719260431.678553,0.0,49631.0
1719260431.9108295,0.0,49631.0
1719260432.1041892,0.0,49631.0
1719260432.3269207,0.0,49631.0
1719260432.623254,0.0,49631.0
1719260432.7911942,0.0,49631.0
1719260432.974515,0.0,49631.0
1719260433.1427095,0.0,49631.0
1719260433.2906356,0.0,49631.0
1719260433.4427674,0.0,49631.0
1719260433.5922928,0.0,49631.0
1719260433.767314,67.0,49631.0
1719260433.915255,67.0,49631.0
1719260434.0678303,99.0,49631.0
1719260434.2459726,100.0,49631.0
1719260434.4457116,100.0,49631.0
1719260434.6483855,100.0,49631.0
1719260434.819234,100.0,49631.0
1719260435.0009546,0.0,49631.0
1719260435.1824577,0.0,49631.0
1719260435.3620849,0.0,49631.0
1719260435.5259848,0.0,49631.0
1719260435.6897745,0.0,49631.0
1719260435.8737736,0.0,49631.0
1719260436.0631928,0.0,49631.0
1719260436.2301886,0.0,49631.0
1719260436.399072,0.0,49631.0
1719260436.64004,0.0,49631.0
1719260436.8707619,0.0,49631.0
1719260437.1561925,0.0,49631.0
1719260437.383858,0.0,49631.0
1719260437.5767045,0.0,49631.0
1719260437.751855,0.0,49631.0
1719260437.9277322,0.0,49631.0
1719260438.0807636,0.0,49631.0
1719260438.231431,0.0,49631.0
1719260438.3837352,0.0,49631.0
1719260438.5336185,39.0,49631.0
1719260438.6943119,39.0,49631.0
1719260438.8489923,100.0,49631.0
1719260439.00312,99.0,49631.0
1719260439.1621447,100.0,49631.0
1719260439.343187,100.0,49631.0
1719260439.5246844,100.0,49631.0
1719260439.7047384,38.0,49631.0
1719260439.8836725,0.0,49631.0
1719260440.086265,0.0,49631.0
1719260440.251716,0.0,49631.0
1719260440.4101677,0.0,49631.0
1719260440.5773175,0.0,49631.0
1719260440.754959,0.0,49631.0
1719260440.9299288,0.0,49631.0
1719260441.1130724,0.0,49631.0
1719260441.2798676,0.0,49631.0
1719260441.4443414,0.0,49631.0
1719260441.668091,0.0,49631.0
1719260441.8641078,0.0,49631.0
1719260442.064387,0.0,49631.0
1719260442.2936807,0.0,49631.0
1719260442.4633565,0.0,49631.0
1719260442.6258278,0.0,49631.0
1719260442.8001149,0.0,49631.0
1719260442.9688573,0.0,49631.0
1719260443.1175995,0.0,49631.0
1719260443.2665353,0.0,49631.0
1719260443.418869,3.0,49631.0
1719260443.5700932,3.0,49631.0
1719260443.7183876,100.0,49631.0
1719260443.9205327,99.0,49631.0
1719260444.1101243,100.0,49631.0
1719260444.2823832,100.0,49631.0
1719260444.4616363,100.0,49631.0
1719260444.6497023,69.0,49631.0
1719260444.8274593,0.0,49631.0
1719260445.0000064,0.0,49631.0
1719260445.1677012,0.0,49631.0
1719260445.3289142,0.0,49631.0
1719260445.496997,0.0,49631.0
1719260445.6623204,0.0,49631.0
1719260445.8350203,0.0,49631.0
1719260446.0087187,0.0,49631.0
1719260446.1686695,0.0,49631.0
1719260446.3993528,0.0,49631.0
1719260446.6392803,0.0,49631.0
1719260446.9295723,0.0,49631.0
1719260447.1519923,0.0,49631.0
1719260447.3454778,0.0,49631.0
1719260447.5201974,0.0,49631.0
1719260447.7111807,0.0,49631.0
1719260447.8649545,0.0,49631.0
1719260448.0612147,0.0,49631.0
1719260448.210762,0.0,49631.0
1719260448.361359,0.0,49631.0
1719260448.5119839,68.0,49631.0
1719260448.6621423,100.0,49631.0
1719260448.8155715,99.0,49631.0
1719260449.0166008,100.0,49631.0
1719260449.2089753,100.0,49631.0
1719260449.3854413,99.0,49631.0
1719260449.5617797,0.0,49631.0
1719260449.733974,0.0,49631.0
1719260449.9015634,0.0,49631.0
1719260450.0851283,0.0,49631.0
1719260450.2521129,0.0,49631.0
1719260450.4211483,0.0,49631.0
1719260450.5901396,0.0,49631.0
1719260450.7517006,0.0,49631.0
1719260450.934383,0.0,49631.0
1719260451.1172183,0.0,49631.0
1719260451.299849,0.0,49631.0
1719260451.5274441,0.0,49631.0
1719260451.7171552,0.0,49631.0
1719260451.958843,0.0,49631.0
1719260452.2162273,0.0,49631.0
1719260452.380932,0.0,49631.0
1719260452.5940938,0.0,49631.0
1719260452.776116,0.0,49631.0
1719260452.9469876,0.0,49631.0
1719260453.097601,0.0,49631.0
1719260453.2464747,0.0,49631.0
1719260453.398591,64.0,49631.0
1719260453.5485709,64.0,49631.0
1719260453.7177489,100.0,49631.0
1719260453.8690507,99.0,49631.0
1719260454.068228,100.0,49631.0
1719260454.2450235,100.0,49631.0
1719260454.4376843,100.0,49631.0
1719260454.6187665,3.0,49631.0
1719260454.8248916,3.0,49631.0
1719260455.0101159,0.0,49631.0
1719260455.1969082,0.0,49631.0
1719260455.3556628,0.0,49631.0
1719260455.5189028,0.0,49631.0
1719260455.67289,0.0,49631.0
1719260455.8450258,0.0,49631.0
1719260456.0177534,0.0,49631.0
1719260456.2057638,0.0,49631.0
1719260456.3798265,0.0,49631.0
1719260456.613625,0.0,49631.0
1719260456.8216546,0.0,49631.0
1719260457.0674703,0.0,49631.0
1719260457.3133848,0.0,49631.0
1719260457.4778578,0.0,49631.0
1719260457.6741562,0.0,49631.0
1719260457.8475285,0.0,49631.0
1719260457.9980764,0.0,49631.0
1719260458.1599846,0.0,49631.0
1719260458.310106,0.0,49631.0
1719260458.4617682,35.0,49631.0
1719260458.6124783,35.0,49631.0
1719260458.761656,100.0,49631.0
1719260458.913595,99.0,49631.0
1719260459.0640748,100.0,49631.0
1719260459.248676,100.0,49631.0
1719260459.5007524,100.0,49631.0
1719260459.6837442,42.0,49631.0
1719260459.8607752,0.0,49631.0
1719260460.0570285,0.0,49631.0
1719260460.2176075,0.0,49631.0
1719260460.3851054,0.0,49631.0
1719260460.5436766,0.0,49631.0
1719260460.706934,0.0,49631.0
1719260460.882356,0.0,49631.0
1719260461.0544996,0.0,49631.0
1719260461.2281737,0.0,49631.0
1719260461.42403,0.0,49631.0
1719260461.6512194,0.0,49631.0
1719260461.8561678,0.0,49631.0
1719260462.0900352,0.0,49631.0
1719260462.3617864,0.0,49631.0
1719260462.5516005,0.0,49631.0
1719260462.7244108,0.0,49631.0
1719260462.900334,0.0,49631.0
1719260463.1086805,0.0,49631.0
1719260463.302628,0.0,49631.0
1719260463.4527664,10.0,49631.0
1719260463.627025,10.0,49631.0
1719260463.783739,100.0,49631.0
1719260463.9396691,99.0,49631.0
1719260464.0936172,99.0,49631.0
1719260464.2595012,100.0,49631.0
1719260464.4375255,100.0,49631.0
1719260464.609458,64.0,49631.0
1719260464.7976513,64.0,49631.0
1719260464.9781346,0.0,49631.0
1719260465.1405225,0.0,49631.0
1719260465.317817,0.0,49631.0
1719260465.4994667,0.0,49631.0
1719260465.6714804,0.0,49631.0
1719260465.8306305,0.0,49631.0
1719260466.00729,0.0,49631.0
1719260466.1904845,0.0,49631.0
1719260466.3619926,0.0,49631.0
1719260466.5243115,0.0,49631.0
1719260466.7495925,0.0,49631.0
1719260466.9560604,0.0,49631.0
1719260467.1838582,0.0,49631.0
1719260467.4121418,0.0,49631.0
1719260467.5968347,0.0,49631.0
1719260467.7632625,0.0,49631.0
1719260467.9590306,0.0,49631.0
1719260468.1238234,0.0,49631.0
1719260468.272809,0.0,49631.0
1719260468.4235263,0.0,49631.0
1719260468.5729728,0.0,49631.0
1719260468.7236946,0.0,49631.0
1719260468.8754733,68.0,49631.0
1719260469.0891294,100.0,49631.0
1719260469.2400684,99.0,49631.0
1719260469.4369328,100.0,49631.0
1719260469.614384,100.0,49631.0
1719260469.794426,99.0,49631.0
1719260469.9808202,0.0,49631.0
1719260470.1868427,0.0,49631.0
1719260470.3435616,0.0,49631.0
1719260470.509072,0.0,49631.0
1719260470.665774,0.0,49631.0
1719260470.8331447,0.0,49631.0
1719260471.012662,0.0,49631.0
1719260471.2366767,0.0,49631.0
1719260471.4595838,0.0,49631.0
1719260471.6081877,0.0,49631.0
1719260471.8319683,0.0,49631.0
1719260472.018341,0.0,49631.0
1719260472.1890097,0.0,49631.0
1719260472.412261,0.0,49631.0
1719260472.5958478,0.0,49631.0
1719260472.7687633,0.0,49631.0
1719260472.9588366,0.0,49631.0
1719260473.1151385,0.0,49631.0
1719260473.2688677,0.0,49631.0
1719260473.4175448,0.0,49631.0
1719260473.572081,40.0,49631.0
1719260473.727654,40.0,49631.0
1719260473.8804984,100.0,49631.0
1719260474.0352657,99.0,49631.0
1719260474.215715,100.0,49631.0
1719260474.4025207,100.0,49631.0
1719260474.5834134,100.0,49631.0
1719260474.7707882,38.0,49631.0
1719260474.9726899,0.0,49631.0
1719260475.1552238,0.0,49631.0
1719260475.321552,0.0,49631.0
1719260475.495861,0.0,49631.0
1719260475.6520066,0.0,49631.0
1719260475.8324678,0.0,49631.0
1719260476.0054934,0.0,49631.0
1719260476.1874447,0.0,49631.0
1719260476.3537302,0.0,49631.0
1719260476.5162296,0.0,49631.0
1719260476.748816,0.0,49631.0
1719260476.9550402,0.0,49631.0
1719260477.2093043,0.0,49631.0
1719260477.4099307,0.0,49631.0
1719260477.6103125,0.0,49631.0
1719260477.7882123,0.0,49631.0
1719260477.967163,0.0,49631.0
1719260478.1370347,0.0,49631.0
1719260478.2872212,0.0,49631.0
1719260478.4363613,0.0,49631.0
1719260478.5844457,0.0,49631.0
1719260478.7358494,84.0,49631.0
1719260478.889546,100.0,49631.0
1719260479.0869482,100.0,49631.0
1719260479.2403786,98.0,49631.0
1719260479.4046917,100.0,49631.0
1719260479.5990114,100.0,49631.0
1719260479.776812,86.0,49631.0
1719260479.9625342,0.0,49631.0
1719260480.215852,0.0,49631.0
1719260480.3788803,0.0,49631.0
1719260480.5723832,0.0,49631.0
1719260480.7434618,0.0,49631.0
1719260480.9025693,0.0,49631.0
1719260481.0799878,0.0,49631.0
1719260481.2594373,0.0,49631.0
1719260481.4211185,0.0,49631.0
1719260481.5988226,0.0,49631.0
1719260481.8510566,0.0,49631.0
1719260482.0516381,0.0,49631.0
1719260482.2841065,0.0,49631.0
1719260482.4961932,0.0,49631.0
1719260482.6611948,0.0,49631.0
1719260482.8397186,0.0,49631.0
1719260483.0236828,0.0,49631.0
1719260483.1763754,0.0,49631.0
1719260483.326698,0.0,49631.0
1719260483.4761572,0.0,49631.0
1719260483.6252995,52.0,49631.0
1719260483.7740393,52.0,49631.0
1719260483.9466293,100.0,49631.0
1719260484.095189,99.0,49631.0
1719260484.2591345,100.0,49631.0
1719260484.4372313,100.0,49631.0
1719260484.60727,100.0,49631.0
1719260484.8215063,13.0,49631.0
1719260484.9949734,13.0,49631.0
1719260485.1688476,0.0,49631.0
1719260485.3297024,0.0,49631.0
1719260485.495813,0.0,49631.0
1719260485.668603,0.0,49631.0
1719260485.854187,0.0,49631.0
1719260486.0156946,0.0,49631.0
1719260486.1876502,0.0,49631.0
1719260486.352116,0.0,49631.0
1719260486.5758471,0.0,49631.0
1719260486.8128202,0.0,49631.0
1719260487.0425892,0.0,49631.0
1719260487.2348347,0.0,49631.0
1719260487.4321516,0.0,49631.0
1719260487.5927374,0.0,49631.0
1719260487.789068,0.0,49631.0
1719260487.960269,0.0,49631.0
1719260488.1127753,0.0,49631.0
1719260488.261408,0.0,49631.0
1719260488.4117088,0.0,49631.0
1719260488.5608997,0.0,49631.0
1719260488.7134252,71.0,49631.0
1719260488.8964896,100.0,49631.0
1719260489.0922356,99.0,49631.0
1719260489.2753415,100.0,49631.0
1719260489.4522445,100.0,49631.0
1719260489.6432161,97.0,49631.0
1719260489.8322167,0.0,49631.0
1719260490.011841,0.0,49631.0
1719260490.174923,0.0,49631.0
1719260490.338125,0.0,49631.0
1719260490.4993045,0.0,49631.0
1719260490.6818118,0.0,49631.0
1719260490.873782,0.0,49631.0
1719260491.0456228,0.0,49631.0
1719260491.2248855,0.0,49631.0
1719260491.3838532,0.0,49631.0
1719260491.6114266,0.0,49631.0
1719260491.8270178,0.0,49631.0
1719260492.1112156,0.0,49631.0
1719260492.35836,0.0,49631.0
1719260492.5575154,0.0,49631.0
1719260492.7549844,0.0,49631.0
1719260492.9188476,0.0,49631.0
1719260493.0691915,0.0,49631.0
1719260493.22181,0.0,49631.0
1719260493.370677,0.0,49631.0
1719260493.5200648,42.0,49631.0
1719260493.670929,100.0,49631.0
1719260493.81852,100.0,49631.0
1719260493.97264,100.0,49631.0
1719260494.165221,100.0,49631.0
1719260494.359421,100.0,49631.0
1719260494.5395753,100.0,49631.0
1719260494.7263098,32.0,49631.0
1719260494.9091425,0.0,49631.0
1719260495.0664177,0.0,49631.0
1719260495.2464752,0.0,49631.0
1719260495.4083126,0.0,49631.0
1719260495.5788915,0.0,49631.0
1719260495.7738457,0.0,49631.0
1719260495.9472098,0.0,49631.0
1719260496.127028,0.0,49631.0
1719260496.291314,0.0,49631.0
1719260496.536957,0.0,49631.0
1719260496.7115192,0.0,49631.0
1719260496.950665,0.0,49631.0
1719260497.2066576,0.0,49631.0
1719260497.4054759,0.0,49631.0
1719260497.5835001,0.0,49631.0
1719260497.7545447,0.0,49631.0
1719260497.9159632,0.0,49631.0
1719260498.0629768,0.0,49631.0
1719260498.2127259,0.0,49631.0
1719260498.3609796,0.0,49631.0
1719260498.5097213,87.0,49631.0
1719260498.6569405,87.0,49631.0
1719260498.8205059,100.0,49631.0
1719260498.969769,99.0,49631.0
1719260499.1537807,100.0,49631.0
1719260499.334608,100.0,49631.0
1719260499.5258086,83.0,49631.0
1719260499.691835,0.0,49631.0
1719260499.8962824,0.0,49631.0
1719260500.0646896,0.0,49631.0
1719260500.2353373,0.0,49631.0
1719260500.406975,0.0,49631.0
1719260500.581163,0.0,49631.0
1719260500.7517605,0.0,49631.0
1719260500.923178,0.0,49631.0
1719260501.1054523,0.0,49631.0
1719260501.2785106,0.0,49631.0
1719260501.519355,0.0,49631.0
1719260501.7042935,0.0,49631.0
1719260501.9437222,0.0,49631.0
1719260502.1687052,0.0,49631.0
1719260502.353447,0.0,49631.0
1719260502.540729,0.0,49631.0
1719260502.7165794,0.0,49631.0
1719260502.938265,0.0,49631.0
1719260503.092288,0.0,49631.0
1719260503.2411861,0.0,49631.0
1719260503.3903108,62.0,49631.0
1719260503.5431716,100.0,49631.0
1719260503.692197,100.0,49631.0
1719260503.854041,100.0,49631.0
1719260504.0953293,100.0,49631.0
1719260504.280975,100.0,49631.0
1719260504.4722724,4.0,49631.0
1719260504.6418173,4.0,49631.0
1719260504.8578556,0.0,49631.0
1719260505.0260606,0.0,49631.0
1719260505.1823413,0.0,49631.0
1719260505.3525379,0.0,49631.0
1719260505.5252306,0.0,49631.0
1719260505.7097232,0.0,49631.0
1719260505.8750107,0.0,49631.0
1719260506.0401356,0.0,49631.0
1719260506.2712855,0.0,49631.0
1719260506.4670208,0.0,49631.0
1719260506.722871,0.0,49631.0
1719260506.9804785,0.0,49631.0
1719260507.1458273,0.0,49631.0
1719260507.3743129,0.0,49631.0
1719260507.5534904,0.0,49631.0
1719260507.711537,0.0,49631.0
1719260507.8616443,0.0,49631.0
1719260508.0135465,0.0,49631.0
1719260508.1625361,12.0,49631.0
1719260508.3141656,100.0,49631.0
1719260508.4670503,100.0,49631.0
1719260508.678696,99.0,49631.0
1719260508.8502264,100.0,49631.0
1719260509.0306296,100.0,49631.0
1719260509.2082348,100.0,49631.0
1719260509.3935041,61.0,49631.0
1719260509.5699944,0.0,49631.0
1719260509.7384617,0.0,49631.0
1719260509.9050782,0.0,49631.0
1719260510.0640786,0.0,49631.0
1719260510.2326899,0.0,49631.0
1719260510.3972425,0.0,49631.0
1719260510.5713484,0.0,49631.0
1719260510.7608578,0.0,49631.0
1719260510.9296384,0.0,49631.0
1719260511.1358376,0.0,49631.0
1719260511.360206,0.0,49631.0
1719260511.596288,0.0,49631.0
1719260511.7716503,0.0,49631.0
1719260512.026576,0.0,49631.0
1719260512.200404,0.0,49631.0
1719260512.387814,0.0,49631.0
1719260512.5668275,0.0,49631.0
1719260512.7155542,0.0,49631.0
1719260512.8759532,0.0,49631.0
1719260513.027569,13.0,49631.0
1719260513.1760516,100.0,49631.0
1719260513.3277662,100.0,49631.0
1719260513.521696,99.0,49631.0
1719260513.7192147,100.0,49631.0
1719260513.9217706,100.0,49631.0
1719260514.0833387,100.0,49631.0
1719260514.254319,64.0,49631.0
1719260514.4403849,0.0,49631.0
1719260514.5913,0.0,49631.0
1719260514.766358,0.0,49631.0
1719260514.9405773,0.0,49631.0
1719260515.1171668,0.0,49631.0
1719260515.2878487,0.0,49631.0
1719260515.457321,0.0,49631.0
1719260515.645091,0.0,49631.0
1719260515.8005443,0.0,49631.0
1719260516.0117998,0.0,49631.0
1719260516.2493358,0.0,49631.0
1719260516.4555118,0.0,49631.0
1719260516.6409574,0.0,49631.0
1719260516.8520188,0.0,49631.0
1719260517.1378489,0.0,49631.0
1719260517.313289,0.0,49631.0
1719260517.473989,0.0,49631.0
1719260517.6223948,0.0,49631.0
1719260517.770708,0.0,49631.0
1719260517.921341,0.0,49631.0
1719260518.0749052,49.0,49631.0
1719260518.3483233,99.0,49631.0
1719260518.49667,99.0,49631.0
1719260518.7008195,100.0,49631.0
1719260518.8946576,100.0,49631.0
1719260519.0721698,100.0,49631.0
1719260519.242363,15.0,49631.0
1719260519.4319806,0.0,49631.0
1719260519.5885792,0.0,49631.0
1719260519.7509205,0.0,49631.0
1719260519.9308312,0.0,49631.0
1719260520.1012585,0.0,49631.0
1719260520.2691767,0.0,49631.0
1719260520.5107894,0.0,49631.0
1719260520.735858,0.0,49631.0
1719260520.9723961,0.0,49631.0
1719260521.1759815,0.0,49631.0
1719260521.3479884,0.0,49631.0
1719260521.5878067,0.0,49631.0
1719260521.756585,0.0,49631.0
1719260521.9466805,0.0,49631.0
1719260522.1172838,0.0,49631.0
1719260522.2705686,0.0,49631.0
1719260522.4197257,0.0,49631.0
1719260522.5730636,0.0,49631.0
1719260522.7285073,35.0,49631.0
1719260522.8848538,100.0,49631.0
1719260523.0360775,100.0,49631.0
1719260523.1921074,99.0,49631.0
1719260523.362851,100.0,49631.0
1719260523.5342734,100.0,49631.0
1719260523.7227707,100.0,49631.0
1719260523.89885,42.0,49631.0
1719260524.1196957,0.0,49631.0
1719260524.2772207,0.0,49631.0
1719260524.4435008,0.0,49631.0
1719260524.6007605,0.0,49631.0
1719260524.7646263,0.0,49631.0
1719260524.9380114,0.0,49631.0
1719260525.1107247,0.0,49631.0
1719260525.295993,0.0,49631.0
1719260525.4551442,0.0,49631.0
1719260525.682919,0.0,49631.0
1719260525.8925157,0.0,49631.0
1719260526.1207595,0.0,49631.0
1719260526.343554,0.0,49631.0
1719260526.5322082,0.0,49631.0
1719260526.7096148,0.0,49631.0
1719260526.8855689,0.0,49631.0
1719260527.0388782,0.0,49631.0
1719260527.1941228,0.0,49631.0
1719260527.3409362,0.0,49631.0
1719260527.496802,17.0,49631.0
1719260527.6484683,17.0,49631.0
1719260527.7967162,100.0,49631.0
1719260527.946523,98.0,49631.0
1719260528.1091084,100.0,49631.0
1719260528.2846386,100.0,49631.0
1719260528.4606228,100.0,49631.0
1719260528.6397243,58.0,49631.0
1719260528.8179917,0.0,49631.0
1719260529.0402613,0.0,49631.0
1719260529.2201025,0.0,49631.0
1719260529.3789718,0.0,49631.0
1719260529.5405858,0.0,49631.0
1719260529.724044,0.0,49631.0
1719260529.886706,0.0,49631.0
1719260530.0565963,0.0,49631.0
1719260530.214971,0.0,49631.0
1719260530.4619808,0.0,49631.0
1719260530.6700416,0.0,49631.0
1719260530.9114742,0.0,49631.0
1719260531.1742296,0.0,49631.0
1719260531.3701167,0.0,49631.0
1719260531.564432,0.0,49631.0
1719260531.7379496,0.0,49631.0
1719260531.8877628,0.0,49631.0
1719260532.0358815,0.0,49631.0
1719260532.2014515,0.0,49631.0
1719260532.3585234,66.0,49631.0
1719260532.510427,100.0,49631.0
1719260532.6651316,97.0,49631.0
1719260532.830638,97.0,49631.0
1719260533.024069,100.0,49631.0
1719260533.2204,100.0,49631.0
1719260533.410363,3.0,49631.0
1719260533.6049323,0.0,49631.0
1719260533.8210058,0.0,49631.0
1719260533.9853706,0.0,49631.0
1719260534.1550298,0.0,49631.0
1719260534.332408,0.0,49631.0
1719260534.511033,0.0,49631.0
1719260534.6672597,0.0,49631.0
1719260534.8400726,0.0,49631.0
1719260534.9980526,0.0,49631.0
1719260535.1577373,0.0,49631.0
1719260535.3790898,0.0,49631.0
1719260535.5595076,0.0,49631.0
1719260535.804322,0.0,49631.0
1719260536.0332518,0.0,49631.0
1719260536.20921,0.0,49631.0
1719260536.3675795,0.0,49631.0
1719260536.548794,0.0,49631.0
1719260536.71614,0.0,49631.0
1719260536.8804796,0.0,49631.0
1719260537.0298655,0.0,49631.0
1719260537.1816502,0.0,49631.0
1719260537.341531,83.0,49631.0
1719260537.4903882,100.0,49631.0
1719260537.6496496,99.0,49631.0
1719260537.798746,99.0,49631.0
1719260538.0027795,100.0,49631.0
1719260538.1958034,100.0,49631.0
1719260538.3789284,86.0,49631.0
1719260538.5823724,0.0,49631.0
1719260538.7691066,0.0,49631.0
1719260538.946674,0.0,49631.0
1719260539.1159923,0.0,49631.0
1719260539.2862372,0.0,49631.0
1719260539.448892,0.0,49631.0
1719260539.6165535,0.0,49631.0
1719260539.78813,0.0,49631.0
1719260539.9727836,0.0,49631.0
1719260540.1432354,0.0,49631.0
1719260540.3994484,0.0,49631.0
1719260540.5964148,0.0,49631.0
1719260540.8056955,0.0,49631.0
1719260541.0157173,0.0,49631.0
1719260541.2056863,0.0,49631.0
1719260541.4127932,0.0,49631.0
1719260541.5838501,0.0,49631.0
1719260541.7329147,0.0,49631.0
1719260541.8798153,0.0,49631.0
1719260542.0274224,0.0,49631.0
1719260542.1768792,80.0,49631.0
1719260542.3314636,100.0,49631.0
1719260542.5376573,99.0,49631.0
1719260542.7089117,100.0,49631.0
1719260542.8797665,100.0,49631.0
1719260543.0708508,100.0,49631.0
1719260543.2554903,89.0,49631.0
1719260543.4882023,0.0,49631.0
1719260543.6604323,0.0,49631.0
1719260543.8400824,0.0,49631.0
1719260543.9976645,0.0,49631.0
1719260544.1606526,0.0,49631.0
1719260544.329028,0.0,49631.0
1719260544.507278,0.0,49631.0
1719260544.702005,0.0,49631.0
1719260544.9477987,0.0,49631.0
1719260545.1885207,0.0,49631.0
1719260545.4268117,0.0,49631.0
1719260545.6154346,0.0,49631.0
1719260545.827463,0.0,49631.0
1719260545.984791,0.0,49631.0
1719260546.1564083,0.0,49631.0
1719260546.3412035,0.0,49631.0
1719260546.4915357,0.0,49631.0
1719260546.647248,0.0,49631.0
1719260546.7949057,0.0,49631.0
1719260546.9436579,55.0,49631.0
1719260547.0923576,55.0,49631.0
1719260547.3046525,99.0,49631.0
1719260547.4569516,99.0,49631.0
1719260547.645414,100.0,49631.0
1719260547.8316014,100.0,49631.0
1719260548.035366,100.0,49631.0
1719260548.2313418,11.0,49631.0
1719260548.4450767,0.0,49631.0
1719260548.601812,0.0,49631.0
1719260548.7730694,0.0,49631.0
1719260548.9288301,0.0,49631.0
1719260549.0938847,0.0,49631.0
1719260549.277246,0.0,49631.0
1719260549.4552047,0.0,49631.0
1719260549.6286466,0.0,49631.0
1719260549.8556654,0.0,49631.0
1719260550.1264374,0.0,49631.0
1719260550.3741553,0.0,49631.0
1719260550.6225471,0.0,49631.0
1719260550.820358,0.0,49631.0
1719260550.986112,0.0,49631.0
1719260551.1612122,0.0,49631.0
1719260551.3211513,0.0,49631.0
1719260551.4698815,0.0,49631.0
1719260551.6226304,0.0,49631.0
1719260551.777879,0.0,49631.0
1719260551.9280343,100.0,49631.0
1719260552.0971997,100.0,49631.0
1719260552.2481105,99.0,49631.0
1719260552.4217994,100.0,49631.0
1719260552.6198575,100.0,49631.0
1719260552.7952595,100.0,49631.0
1719260552.963843,16.0,49631.0
1719260553.1423008,16.0,49631.0
1719260553.30289,0.0,49631.0
1719260553.4822855,0.0,49631.0
1719260553.6396759,0.0,49631.0
1719260553.815503,0.0,49631.0
1719260554.0038457,0.0,49631.0
1719260554.2362626,0.0,49631.0
1719260554.4592764,0.0,49631.0
1719260554.6560693,0.0,49631.0
1719260554.8636231,0.0,49631.0
1719260555.0440462,0.0,49631.0
1719260555.2461314,0.0,49631.0
1719260555.446059,0.0,49631.0
1719260555.6034417,0.0,49631.0
1719260555.796179,0.0,49631.0
1719260555.9674058,0.0,49631.0
1719260556.1167524,0.0,49631.0
1719260556.2728093,0.0,49631.0
1719260556.4206676,0.0,49631.0
1719260556.571289,13.0,49631.0
1719260556.7218566,100.0,49631.0
1719260556.8701699,99.0,49631.0
1719260557.0225239,100.0,49631.0
1719260557.209693,100.0,49631.0
1719260557.4023485,100.0,49631.0
1719260557.5817103,100.0,49631.0
1719260557.7733357,60.0,49631.0
1719260557.9924922,0.0,49631.0
1719260558.1569364,0.0,49631.0
1719260558.329877,0.0,49631.0
1719260558.4995828,0.0,49631.0
1719260558.668261,0.0,49631.0
1719260558.8402953,0.0,49631.0
1719260559.0175319,0.0,49631.0
1719260559.1936142,0.0,49631.0
1719260559.3618062,0.0,49631.0
1719260559.6078203,0.0,49631.0
1719260559.8638504,0.0,49631.0
1719260560.0477908,0.0,49631.0
1719260560.2704942,0.0,49631.0
1719260560.4396155,0.0,49631.0
1719260560.625217,0.0,49631.0
1719260560.7983525,0.0,49631.0
1719260560.9579017,0.0,49631.0
1719260561.1187963,0.0,49631.0
1719260561.2681718,0.0,49631.0
1719260561.4200435,0.0,49631.0
1719260561.5711935,68.0,49631.0
1719260561.7188559,100.0,49631.0
1719260561.8746667,98.0,49631.0
1719260562.047572,100.0,49631.0
1719260562.224347,100.0,49631.0
1719260562.4032676,99.0,49631.0
1719260562.5878592,0.0,49631.0
1719260562.790834,0.0,49631.0
1719260562.9502838,0.0,49631.0
1719260563.1137438,0.0,49631.0
1719260563.268459,0.0,49631.0
1719260563.4438217,0.0,49631.0
1719260563.6396627,0.0,49631.0
1719260563.8133726,0.0,49631.0
1719260564.0084145,0.0,49631.0
1719260564.1723104,0.0,49631.0
1719260564.3901424,0.0,49631.0
1719260564.5844781,0.0,49631.0
1719260564.8065825,0.0,49631.0
1719260565.054977,0.0,49631.0
1719260565.2321055,0.0,49631.0
1719260565.3946984,0.0,49631.0
1719260565.57117,0.0,49631.0
1719260565.733784,0.0,49631.0
1719260565.8829155,0.0,49631.0
1719260566.033273,0.0,49631.0
1719260566.182536,0.0,49631.0
1719260566.3505204,69.0,49631.0
1719260566.5005767,100.0,49631.0
1719260566.655342,98.0,49631.0
1719260566.8058202,100.0,49631.0
1719260567.0045917,100.0,49631.0
1719260567.1867726,100.0,49631.0
1719260567.3645942,99.0,49631.0
1719260567.5513818,0.0,49631.0
1719260567.732247,0.0,49631.0
1719260567.8898845,0.0,49631.0
1719260568.065083,0.0,49631.0
1719260568.456708,0.0,49631.0
1719260568.6226573,0.0,49631.0
1719260568.8094466,0.0,49631.0
1719260568.9694998,0.0,49631.0
1719260569.192454,0.0,49631.0
1719260569.430891,0.0,49631.0
1719260569.6670887,0.0,49631.0
1719260569.8944395,0.0,49631.0
1719260570.0718446,0.0,49631.0
1719260570.2380517,0.0,49631.0
1719260570.4160323,0.0,49631.0
1719260570.602206,0.0,49631.0
1719260570.752719,0.0,49631.0
1719260570.9137661,0.0,49631.0
1719260571.0621767,0.0,49631.0
1719260571.214231,39.0,49631.0
1719260571.3620765,100.0,49631.0
1719260571.5096128,99.0,49631.0
1719260571.6583598,100.0,49631.0
1719260571.8368292,100.0,49631.0
1719260572.0597408,100.0,49631.0
1719260572.2660933,100.0,49631.0
1719260572.4341545,38.0,49631.0
1719260572.6528294,0.0,49631.0
1719260572.8402126,0.0,49631.0
1719260573.008501,0.0,49631.0
1719260573.1735334,0.0,49631.0
1719260573.32872,0.0,49631.0
1719260573.4974759,0.0,49631.0
1719260573.6735225,0.0,49631.0
1719260573.841604,0.0,49631.0
1719260574.0108256,0.0,49631.0
1719260574.2643044,0.0,49631.0
1719260574.4750087,0.0,49631.0
1719260574.6965806,0.0,49631.0
1719260574.9056273,0.0,49631.0
1719260575.071515,0.0,49631.0
1719260575.2457447,0.0,49631.0
1719260575.4188843,0.0,49631.0
1719260575.5777352,0.0,49631.0
1719260575.7305248,0.0,49631.0
1719260575.8781638,0.0,49631.0
1719260576.029594,0.0,49631.0
1719260576.1775942,90.0,49631.0
1719260576.3255396,90.0,49631.0
1719260576.4802768,96.0,49631.0
1719260576.6346204,96.0,49631.0
1719260576.8145685,100.0,49631.0
1719260576.9947565,100.0,49631.0
1719260577.158838,83.0,49631.0
1719260577.3277109,0.0,49631.0
1719260577.5220907,0.0,49631.0
1719260577.6870208,0.0,49631.0
1719260577.848384,0.0,49631.0
1719260578.017487,0.0,49631.0
1719260578.1984606,0.0,49631.0
1719260578.3847191,0.0,49631.0
1719260578.566332,0.0,49631.0
1719260578.725274,0.0,49631.0
1719260578.9494941,0.0,49631.0
1719260579.1695971,0.0,49631.0
1719260579.3943284,0.0,49631.0
1719260579.582755,0.0,49631.0
1719260579.785385,0.0,49631.0
1719260579.948842,0.0,49631.0
1719260580.141648,0.0,49631.0
1719260580.308321,0.0,49631.0
1719260580.458334,0.0,49631.0
1719260580.6089156,0.0,49631.0
1719260580.7709951,19.0,49631.0
1719260580.9415843,100.0,49631.0
1719260581.0898285,100.0,49631.0
1719260581.308652,99.0,49631.0
1719260581.5143735,100.0,49631.0
1719260581.7032018,100.0,49631.0
1719260581.8794503,100.0,49631.0
1719260582.0542088,55.0,49631.0
1719260582.2704527,0.0,49631.0
1719260582.4320116,0.0,49631.0
1719260582.6208026,0.0,49631.0
1719260582.779165,0.0,49631.0
1719260582.9532828,0.0,49631.0
1719260583.1317773,0.0,49631.0
1719260583.2971966,0.0,49631.0
1719260583.472043,0.0,49631.0
1719260583.6309948,0.0,49631.0
1719260583.8745143,0.0,49631.0
1719260584.0928652,0.0,49631.0
1719260584.3068082,0.0,49631.0
1719260584.5013437,0.0,49631.0
1719260584.6889179,0.0,49631.0
1719260584.8833625,0.0,49631.0
1719260585.06472,0.0,49631.0
1719260585.2370794,0.0,49631.0
1719260585.3852155,0.0,49631.0
1719260585.5349376,0.0,49631.0
1719260585.685138,0.0,49631.0
1719260585.8350031,61.0,49631.0
1719260585.982461,61.0,49631.0
1719260586.1287732,99.0,49631.0
1719260586.277212,99.0,49631.0
1719260586.4434702,100.0,49631.0
1719260586.628054,100.0,49631.0
1719260586.820447,100.0,49631.0
1719260587.0056102,5.0,49631.0
1719260587.20199,0.0,49631.0
1719260587.3600566,0.0,49631.0
1719260587.5260918,0.0,49631.0
1719260587.684753,0.0,49631.0
1719260587.8504,0.0,49631.0
1719260588.0559835,0.0,49631.0
1719260588.2652354,0.0,49631.0
1719260588.4336057,0.0,49631.0
1719260588.5973804,0.0,49631.0
1719260588.8914652,0.0,49631.0
1719260589.1683168,0.0,49631.0
1719260589.341779,0.0,49631.0
1719260589.5546608,0.0,49631.0
1719260589.707518,0.0,49631.0
1719260589.940712,0.0,49631.0
1719260590.1131628,0.0,49631.0
1719260590.2710936,0.0,49631.0
1719260590.4242806,0.0,49631.0
1719260590.5741897,0.0,49631.0
1719260590.72408,57.0,49631.0
1719260590.8720596,100.0,49631.0
1719260591.0277202,99.0,49631.0
1719260591.2051954,99.0,49631.0
1719260591.378397,100.0,49631.0
1719260591.5457418,100.0,49631.0
1719260591.731902,9.0,49631.0
1719260591.9320726,9.0,49631.0
1719260592.099366,0.0,49631.0
1719260592.2720368,0.0,49631.0
1719260592.4288595,0.0,49631.0
1719260592.5941455,0.0,49631.0
1719260592.7626705,0.0,49631.0
1719260592.9215057,0.0,49631.0
1719260593.1065643,0.0,49631.0
1719260593.2683918,0.0,49631.0
1719260593.43546,0.0,49631.0
1719260593.6884122,0.0,49631.0
1719260593.9188166,0.0,49631.0
1719260594.1049254,0.0,49631.0
1719260594.3253205,0.0,49631.0
1719260594.4838202,0.0,49631.0
1719260594.6770098,0.0,49631.0
1719260594.8514342,0.0,49631.0
1719260594.9981961,0.0,49631.0
1719260595.145217,0.0,49631.0
1719260595.2933545,0.0,49631.0
1719260595.4415357,76.0,49631.0
1719260595.5918322,76.0,49631.0
1719260595.7788634,99.0,49631.0
1719260595.932262,99.0,49631.0
1719260596.1056235,100.0,49631.0
1719260596.2855854,100.0,49631.0
1719260596.4582987,93.0,49631.0
1719260596.640164,0.0,49631.0
1719260596.8243933,0.0,49631.0
1719260596.9941022,0.0,49631.0
1719260597.1670942,0.0,49631.0
1719260597.3236227,0.0,49631.0
1719260597.49059,0.0,49631.0
1719260597.6727514,0.0,49631.0
1719260597.864663,0.0,49631.0
1719260598.0414042,0.0,49631.0
1719260598.2025874,0.0,49631.0
1719260598.4354477,0.0,49631.0
1719260598.6194077,0.0,49631.0
1719260598.9497051,0.0,49631.0
1719260599.1609397,0.0,49631.0
1719260599.3275197,0.0,49631.0
1719260599.4970937,0.0,49631.0
1719260599.6662173,0.0,49631.0
1719260599.816585,0.0,49631.0
1719260599.9647129,0.0,49631.0
1719260600.1107123,0.0,49631.0
1719260600.2593875,0.0,49631.0
1719260600.4100006,100.0,49631.0
1719260600.5721838,100.0,49631.0
1719260600.7221682,99.0,49631.0
1719260600.8908265,100.0,49631.0
1719260601.0698247,100.0,49631.0
1719260601.2609918,94.0,49631.0
1719260601.44107,0.0,49631.0
1719260601.6468675,0.0,49631.0
1719260601.7978544,0.0,49631.0
1719260601.9792848,0.0,49631.0
1719260602.134265,0.0,49631.0
1719260602.315985,0.0,49631.0
1719260602.497874,0.0,49631.0
1719260602.7390852,0.0,49631.0
1719260602.995994,0.0,49631.0
1719260603.2243133,0.0,49631.0
1719260603.419965,0.0,49631.0
1719260603.5904667,0.0,49631.0
1719260603.8144815,0.0,49631.0
1719260603.9944093,0.0,49631.0
1719260604.1757321,0.0,49631.0
1719260604.3490617,0.0,49631.0
1719260604.5028546,0.0,49631.0
1719260604.6552203,0.0,49631.0
1719260604.8017688,0.0,49631.0
1719260604.9533322,18.0,49631.0
1719260605.108937,100.0,49631.0
1719260605.2556417,100.0,49631.0
1719260605.409646,99.0,49631.0
1719260605.5612373,100.0,49631.0
1719260605.7355924,100.0,49631.0
1719260605.920375,100.0,49631.0
1719260606.1477501,56.0,49631.0
1719260606.320204,0.0,49631.0
1719260606.5004663,0.0,49631.0
1719260606.665154,0.0,49631.0
1719260606.8218427,0.0,49631.0
1719260606.991701,0.0,49631.0
1719260607.150238,0.0,49631.0
1719260607.331164,0.0,49631.0
1719260607.5158405,0.0,49631.0
1719260607.6925058,0.0,49631.0
1719260607.9217415,0.0,49631.0
1719260608.1371164,0.0,49631.0
1719260608.3474767,0.0,49631.0
1719260608.538649,0.0,49631.0
1719260608.7961493,0.0,49631.0
1719260608.9589589,0.0,49631.0
1719260609.1585653,0.0,49631.0
1719260609.3139675,0.0,49631.0
1719260609.4733334,0.0,49631.0
1719260609.6203496,0.0,49631.0
1719260609.7678928,39.0,49631.0
1719260609.9158287,39.0,49631.0
1719260610.0667698,100.0,49631.0
1719260610.2198498,99.0,49631.0
1719260610.4071763,100.0,49631.0
1719260610.5801606,100.0,49631.0
1719260610.7535298,100.0,49631.0
1719260610.9233768,37.0,49631.0
1719260611.1163843,0.0,49631.0
1719260611.26624,0.0,49631.0
1719260611.430741,0.0,49631.0
1719260611.5908468,0.0,49631.0
1719260611.774333,0.0,49631.0
1719260611.9523056,0.0,49631.0
1719260612.1245446,0.0,49631.0
1719260612.2984154,0.0,49631.0
1719260612.4685235,0.0,49631.0
1719260612.6368902,0.0,49631.0
1719260612.8487709,0.0,49631.0
1719260613.0424056,0.0,49631.0
1719260613.2866018,0.0,49631.0
1719260613.5276208,0.0,49631.0
1719260613.732986,0.0,49631.0
1719260613.9091597,0.0,49631.0
1719260614.0961263,0.0,49631.0
1719260614.256369,0.0,49631.0
1719260614.4063087,0.0,49631.0
1719260614.55575,0.0,49631.0
1719260614.7033024,0.0,49631.0
1719260614.8546774,38.0,49631.0
1719260615.0065818,100.0,49631.0
1719260615.1531522,100.0,49631.0
1719260615.302233,99.0,49631.0
1719260615.4892056,100.0,49631.0
1719260615.6635284,100.0,49631.0
1719260615.8287385,100.0,49631.0
1719260616.0051644,38.0,49631.0
1719260616.1924016,0.0,49631.0
1719260616.351732,0.0,49631.0
1719260616.523842,0.0,49631.0
1719260616.681384,0.0,49631.0
1719260616.8503358,0.0,49631.0
1719260617.029161,0.0,49631.0
1719260617.2116754,0.0,49631.0
1719260617.391088,0.0,49631.0
1719260617.5443912,0.0,49631.0
1719260617.7760093,0.0,49631.0
1719260617.9779477,0.0,49631.0
1719260618.220125,0.0,49631.0
1719260618.4205532,0.0,49631.0
1719260618.6447542,0.0,49631.0
1719260618.8039985,0.0,49631.0
1719260618.9851358,0.0,49631.0
1719260619.1550033,0.0,49631.0
1719260619.3060844,0.0,49631.0
1719260619.454121,0.0,49631.0
1719260619.6017175,4.0,49631.0
1719260619.778005,4.0,49631.0
1719260619.92614,100.0,49631.0
1719260620.1190279,99.0,49631.0
1719260620.3081634,100.0,49631.0
1719260620.50162,100.0,49631.0
1719260620.6763198,100.0,49631.0
1719260620.9365058,68.0,49631.0
1719260621.1377542,0.0,49631.0
1719260621.3113313,0.0,49631.0
1719260621.471558,0.0,49631.0
1719260621.6549942,0.0,49631.0
1719260621.832934,0.0,49631.0
1719260622.0489483,0.0,49631.0
1719260622.2246459,0.0,49631.0
1719260622.3797898,0.0,49631.0
1719260622.6074977,0.0,49631.0
1719260622.816335,0.0,49631.0
1719260623.0413277,0.0,49631.0
1719260623.2727525,0.0,49631.0
1719260623.46368,0.0,49631.0
1719260623.630373,0.0,49631.0
1719260623.8085625,0.0,49631.0
1719260623.9622915,0.0,49631.0
1719260624.1106014,0.0,49631.0
1719260624.3166707,0.0,49631.0
1719260624.4661856,22.0,49631.0
1719260624.6169271,100.0,49631.0
1719260624.7678237,99.0,49631.0
1719260624.9358494,99.0,49631.0
1719260625.123189,100.0,49631.0
1719260625.3032334,100.0,49631.0
1719260625.4756663,100.0,49631.0
1719260625.6507962,52.0,49631.0
1719260625.8209517,0.0,49631.0
1719260625.9952207,0.0,49631.0
1719260626.1760721,0.0,49631.0
1719260626.3364232,0.0,49631.0
1719260626.500606,0.0,49631.0
1719260626.6837375,0.0,49631.0
1719260626.8733265,0.0,49631.0
1719260627.043109,0.0,49631.0
1719260627.2107637,0.0,49631.0
1719260627.4503484,0.0,49631.0
1719260627.6263413,0.0,49631.0
1719260627.8512363,0.0,49631.0
1719260628.1002274,0.0,49631.0
1719260628.2996728,0.0,49631.0
1719260628.4594448,0.0,49631.0
1719260628.6352565,0.0,49631.0
1719260628.8056343,0.0,49631.0
1719260628.9620721,0.0,49631.0
1719260629.111101,0.0,49631.0
1719260629.259822,0.0,49631.0
1719260629.4082394,0.0,49631.0
1719260629.5575593,84.0,49631.0
1719260629.7057812,100.0,49631.0
1719260629.8571143,99.0,49631.0
1719260630.0451837,100.0,49631.0
1719260630.2326658,100.0,49631.0
1719260630.4185383,86.0,49631.0
1719260630.5946164,0.0,49631.0
1719260630.7874382,0.0,49631.0
1719260630.9441278,0.0,49631.0
1719260631.110439,0.0,49631.0
1719260631.2635396,0.0,49631.0
1719260631.423668,0.0,49631.0
1719260631.5998342,0.0,49631.0
1719260631.7831912,0.0,49631.0
1719260631.948765,0.0,49631.0
1719260632.1038392,0.0,49631.0
1719260632.339217,0.0,49631.0
1719260632.5423973,0.0,49631.0
1719260632.804438,0.0,49631.0
1719260633.0379906,0.0,49631.0
1719260633.2245755,0.0,49631.0
1719260633.39933,0.0,49631.0
1719260633.5809574,0.0,49631.0
1719260633.7390845,0.0,49631.0
1719260633.887111,0.0,49631.0
1719260634.0345166,0.0,49631.0
1719260634.1813054,0.0,49631.0
1719260634.3311749,73.0,49631.0
1719260634.4786916,100.0,49631.0
1719260634.6309144,98.0,49631.0
1719260634.7785406,100.0,49631.0
1719260634.9758632,100.0,49631.0
1719260635.2250612,95.0,49631.0
1719260635.4162045,0.0,49631.0
1719260635.5840478,0.0,49631.0
1719260635.7616076,0.0,49631.0
1719260635.9294052,0.0,49631.0
1719260636.0923643,0.0,49631.0
1719260636.254133,0.0,49631.0
1719260636.4300487,0.0,49631.0
1719260636.591278,0.0,49631.0
1719260636.7848723,0.0,49631.0
1719260636.9527948,0.0,49631.0
1719260637.1838365,0.0,49631.0
1719260637.4099998,0.0,49631.0
1719260637.639605,0.0,49631.0
1719260637.830269,0.0,49631.0
1719260638.037247,0.0,49631.0
1719260638.195758,0.0,49631.0
1719260638.3721805,0.0,49631.0
1719260638.5419748,0.0,49631.0
1719260638.6917567,0.0,49631.0
1719260638.8476837,0.0,49631.0
1719260638.998294,0.0,49631.0
1719260639.1455307,57.0,49631.0
1719260639.297619,100.0,49631.0
1719260639.4501371,99.0,49631.0
1719260639.6036055,99.0,49631.0
1719260639.7684805,100.0,49631.0
1719260639.9409025,100.0,49631.0
1719260640.1118445,100.0,49631.0
1719260640.3013127,9.0,49631.0
1719260640.469648,0.0,49631.0
1719260640.6826735,0.0,49631.0
1719260640.8318713,0.0,49631.0
1719260641.023189,0.0,49631.0
1719260641.1945639,0.0,49631.0
1719260641.3667922,0.0,49631.0
1719260641.5292325,0.0,49631.0
1719260641.7057807,0.0,49631.0
1719260641.8744094,0.0,49631.0
1719260642.040531,0.0,49631.0
1719260642.2789376,0.0,49631.0
1719260642.458294,0.0,49631.0
1719260642.7022786,0.0,49631.0
1719260643.000091,0.0,49631.0
1719260643.1497877,0.0,49631.0
1719260643.317303,0.0,49631.0
1719260643.4821084,0.0,49631.0
1719260643.6361408,0.0,49631.0
1719260643.7836976,0.0,49631.0
1719260643.9309673,0.0,49631.0
1719260644.0794399,60.0,49631.0
1719260644.2299242,60.0,49631.0
1719260644.3786194,100.0,49631.0
1719260644.5316114,98.0,49631.0
1719260644.6973078,100.0,49631.0
1719260644.8918498,100.0,49631.0
1719260645.0756044,100.0,49631.0
1719260645.2663221,7.0,49631.0
1719260645.440111,7.0,49631.0
1719260645.6167738,0.0,49631.0
1719260645.7739675,0.0,49631.0
1719260645.9417837,0.0,49631.0
1719260646.1174984,0.0,49631.0
1719260646.2826357,0.0,49631.0
1719260646.4512124,0.0,49631.0
1719260646.637998,0.0,49631.0
1719260646.8078558,0.0,49631.0
1719260646.9865324,0.0,49631.0
1719260647.246361,0.0,49631.0
1719260647.5074959,0.0,49631.0
1719260647.6890504,0.0,49631.0
1719260647.9030573,0.0,49631.0
1719260648.0662694,0.0,49631.0
1719260648.2602866,0.0,49631.0
1719260648.4401445,0.0,49631.0
1719260648.5967913,0.0,49631.0
1719260648.7559845,0.0,49631.0
1719260648.913866,52.0,49631.0
1719260649.0708396,100.0,49631.0
1719260649.250429,100.0,49631.0
1719260649.4138155,99.0,49631.0
1719260649.614726,100.0,49631.0
1719260649.7921736,100.0,49631.0
1719260649.9703147,100.0,49631.0
1719260650.1469886,13.0,49631.0
1719260650.3478434,0.0,49631.0
1719260650.50322,0.0,49631.0
1719260650.6861687,0.0,49631.0
1719260650.8514376,0.0,49631.0
1719260651.0205505,0.0,49631.0
1719260651.1895528,0.0,49631.0
1719260651.353903,0.0,49631.0
1719260651.5361009,0.0,49631.0
1719260651.6972523,0.0,49631.0
1719260651.8944666,0.0,49631.0
1719260652.1463406,0.0,49631.0
1719260652.3901827,0.0,49631.0
1719260652.6347952,0.0,49631.0
1719260652.8135216,0.0,49631.0
1719260652.984068,0.0,49631.0
1719260653.166282,0.0,49631.0
1719260653.3362153,0.0,49631.0
1719260653.4839776,0.0,49631.0
1719260653.6375222,0.0,49631.0
1719260653.785347,0.0,49631.0
1719260653.9336083,0.0,49631.0
1719260654.0835717,88.0,49631.0
1719260654.236656,100.0,49631.0
1719260654.3880684,99.0,49631.0
1719260654.5779197,100.0,49631.0
1719260654.7537794,100.0,49631.0
1719260654.9673936,83.0,49631.0
1719260655.1428165,0.0,49631.0
1719260655.3276849,0.0,49631.0
1719260655.4820085,0.0,49631.0
1719260655.6571922,0.0,49631.0
1719260655.813227,0.0,49631.0
1719260655.9707897,0.0,49631.0
1719260656.156852,0.0,49631.0
1719260656.3265834,0.0,49631.0
1719260656.5215733,0.0,49631.0
1719260656.681154,0.0,49631.0
1719260656.908517,0.0,49631.0
1719260657.0993986,0.0,49631.0
1719260657.3551934,0.0,49631.0
1719260657.582598,0.0,49631.0
1719260657.7626946,0.0,49631.0
1719260657.9341927,0.0,49631.0
1719260658.1141977,0.0,49631.0
1719260658.2960393,0.0,49631.0
1719260658.4509323,0.0,49631.0
1719260658.59775,2.0,49631.0
1719260658.7472808,2.0,49631.0
1719260658.894986,100.0,49631.0
1719260659.0408869,100.0,49631.0
1719260659.194379,99.0,49631.0
1719260659.4103084,100.0,49631.0
1719260659.6042142,100.0,49631.0
1719260659.7960021,69.0,49631.0
1719260659.9745955,69.0,49631.0
1719260660.1700208,0.0,49631.0
1719260660.3268323,0.0,49631.0
1719260660.5270202,0.0,49631.0
1719260660.6949148,0.0,49631.0
1719260660.885411,0.0,49631.0
1719260661.05155,0.0,49631.0
1719260661.2301536,0.0,49631.0
1719260661.3929956,0.0,49631.0
1719260661.6367278,0.0,49631.0
1719260661.853866,0.0,49631.0
1719260662.0634077,0.0,49631.0
1719260662.2515464,0.0,49631.0
1719260662.4560475,0.0,49631.0
1719260662.605433,0.0,49631.0
1719260662.796688,0.0,49631.0
1719260662.9794667,0.0,49631.0
1719260663.1273172,0.0,49631.0
1719260663.280034,0.0,49631.0
1719260663.4276261,3.0,49631.0
1719260663.575026,3.0,49631.0
1719260663.7214205,100.0,49631.0
1719260663.877387,100.0,49631.0
1719260664.0267396,99.0,49631.0
1719260664.2077003,100.0,49631.0
1719260664.3793588,100.0,49631.0
1719260664.5497692,100.0,49631.0
1719260664.71797,69.0,49631.0
1719260664.8996415,0.0,49631.0
1719260665.0763097,0.0,49631.0
1719260665.2566836,0.0,49631.0
1719260665.4233522,0.0,49631.0
1719260665.5927796,0.0,49631.0
1719260665.7744622,0.0,49631.0
1719260665.9377866,0.0,49631.0
1719260666.1215932,0.0,49631.0
1719260666.2836971,0.0,49631.0
1719260666.5245843,0.0,49631.0
1719260666.712928,0.0,49631.0
1719260667.0243185,0.0,49631.0
1719260667.258905,0.0,49631.0
1719260667.416668,0.0,49631.0
1719260667.5870059,0.0,49631.0
1719260667.770817,0.0,49631.0
1719260667.9251816,0.0,49631.0
1719260668.0891936,0.0,49631.0
1719260668.2436004,9.0,49631.0
1719260668.3971708,9.0,49631.0
1719260668.5597775,100.0,49631.0
1719260668.7245467,99.0,49631.0
1719260668.9084969,100.0,49631.0
1719260669.0844953,100.0,49631.0
1719260669.256406,100.0,49631.0
1719260669.4464922,65.0,49631.0
1719260669.634198,65.0,49631.0
1719260669.8196158,0.0,49631.0
1719260669.9950247,0.0,49631.0
1719260670.1549814,0.0,49631.0
1719260670.3168263,0.0,49631.0
1719260670.4906306,0.0,49631.0
1719260670.6582785,0.0,49631.0
1719260670.8256116,0.0,49631.0
1719260670.9830372,0.0,49631.0
1719260671.2386456,0.0,49631.0
1719260671.4498525,0.0,49631.0
1719260671.653599,0.0,49631.0
1719260671.8475194,0.0,49631.0
1719260672.0540917,0.0,49631.0
1719260672.2240047,0.0,49631.0
1719260672.3949838,0.0,49631.0
1719260672.567144,0.0,49631.0
1719260672.715279,0.0,49631.0
1719260672.8651457,0.0,49631.0
1719260673.0119216,0.0,49631.0
1719260673.161971,45.0,49631.0
1719260673.3124819,100.0,49631.0
1719260673.4598582,100.0,49631.0
1719260673.6083033,99.0,49631.0
1719260673.8314538,100.0,49631.0
1719260674.007087,100.0,49631.0
1719260674.1805122,25.0,49631.0
1719260674.4058375,0.0,49631.0
1719260674.5869133,0.0,49631.0
1719260674.7436688,0.0,49631.0
1719260674.9006324,0.0,49631.0
1719260675.0675523,0.0,49631.0
1719260675.2281854,0.0,49631.0
1719260675.4123633,0.0,49631.0
1719260675.615242,0.0,49631.0
1719260675.7991302,0.0,49631.0
1719260675.9587746,0.0,49631.0
1719260676.2004077,0.0,49631.0
1719260676.401299,0.0,49631.0
1719260676.637915,0.0,49631.0
1719260676.8414688,0.0,49631.0
1719260677.010029,0.0,49631.0
1719260677.1838448,0.0,49631.0
1719260677.3633454,0.0,49631.0
1719260677.517342,0.0,49631.0
1719260677.6674247,0.0,49631.0
1719260677.8145256,0.0,49631.0
1719260677.960734,41.0,49631.0
1719260678.1122925,41.0,49631.0
1719260678.2624025,100.0,49631.0
1719260678.4117546,99.0,49631.0
1719260678.5949411,100.0,49631.0
1719260678.771803,100.0,49631.0
1719260678.955436,100.0,49631.0
1719260679.1261535,35.0,49631.0
1719260679.318219,35.0,49631.0
1719260679.4770586,0.0,49631.0
1719260679.6493113,0.0,49631.0
1719260679.8095675,0.0,49631.0
1719260679.9690745,0.0,49631.0
1719260680.1506822,0.0,49631.0
1719260680.3311892,0.0,49631.0
1719260680.5012805,0.0,49631.0
1719260680.6738117,0.0,49631.0
1719260680.8940947,0.0,49631.0
1719260681.0813286,0.0,49631.0
1719260681.3194926,0.0,49631.0
1719260681.5192022,0.0,49631.0
1719260681.7148528,0.0,49631.0
1719260681.8962605,0.0,49631.0
1719260682.063509,0.0,49631.0
1719260682.2182477,0.0,49631.0
1719260682.3656132,0.0,49631.0
1719260682.5136642,0.0,49631.0
1719260682.6637156,0.0,49631.0
1719260682.8126752,73.0,49631.0
1719260682.9629786,100.0,49631.0
1719260683.1256378,90.0,49631.0
1719260683.2760391,100.0,49631.0
1719260683.4520874,100.0,49631.0
1719260683.6254148,100.0,49631.0
1719260683.8014956,100.0,49631.0
1719260683.975445,5.0,49631.0
1719260684.138702,0.0,49631.0
1719260684.3058777,0.0,49631.0
1719260684.458262,0.0,49631.0
1719260684.6487277,0.0,49631.0
1719260684.817408,0.0,49631.0
1719260684.968508,0.0,49631.0
1719260685.1463046,0.0,49631.0
1719260685.3149855,0.0,49631.0
1719260685.4887767,0.0,49631.0
1719260685.6591995,0.0,49631.0
1719260685.915458,0.0,49631.0
1719260686.1072912,0.0,49631.0
1719260686.3280036,0.0,49631.0
1719260686.5380669,0.0,49631.0
1719260686.7026982,0.0,49631.0
1719260686.88543,0.0,49631.0
1719260687.0614166,0.0,49631.0
1719260687.21838,0.0,49631.0
1719260687.4253786,0.0,49631.0
1719260687.573075,0.0,49631.0
1719260687.7205417,0.0,49631.0
1719260687.868866,85.0,49631.0
1719260688.016182,100.0,49631.0
1719260688.1691759,100.0,49631.0
1719260688.348246,100.0,49631.0
1719260688.5806205,100.0,49631.0
1719260688.7531393,84.0,49631.0
1719260688.925854,0.0,49631.0
1719260689.1040394,0.0,49631.0
1719260689.2565005,0.0,49631.0
1719260689.4281998,0.0,49631.0
1719260689.5925026,0.0,49631.0
1719260689.752243,0.0,49631.0
1719260689.9242342,0.0,49631.0
1719260690.1053965,0.0,49631.0
1719260690.2721317,0.0,49631.0
1719260690.425933,0.0,49631.0
1719260690.6351438,0.0,49631.0
1719260690.8398495,0.0,49631.0
1719260691.0673714,0.0,49631.0
1719260691.2586355,0.0,49631.0
1719260691.4636946,0.0,49631.0
1719260691.626948,0.0,49631.0
1719260691.792194,0.0,49631.0
1719260691.9698045,0.0,49631.0
1719260692.1259534,0.0,49631.0
1719260692.281161,0.0,49631.0
1719260692.4371967,0.0,49631.0
1719260692.5897563,0.0,49631.0
1719260692.7487323,63.0,49631.0
1719260692.9206045,99.0,49631.0
1719260693.0811086,99.0,49631.0
1719260693.2554946,100.0,49631.0
1719260693.4353495,100.0,49631.0
1719260693.5980978,100.0,49631.0
1719260693.7634394,4.0,49631.0
1719260693.9385624,0.0,49631.0
1719260694.1383038,0.0,49631.0
1719260694.296954,0.0,49631.0
1719260694.4705017,0.0,49631.0
1719260694.6355884,0.0,49631.0
1719260694.7973828,0.0,49631.0
1719260694.9786053,0.0,49631.0
1719260695.222741,0.0,49631.0
1719260695.4067154,0.0,49631.0
1719260695.636172,0.0,49631.0
1719260695.8289208,0.0,49631.0
1719260696.0001295,0.0,49631.0
1719260696.2256453,0.0,49631.0
1719260696.4053013,0.0,49631.0
1719260696.5758572,0.0,49631.0
1719260696.7326505,0.0,49631.0
1719260696.880831,0.0,49631.0
1719260697.0278728,0.0,49631.0
1719260697.1768177,26.0,49631.0
1719260697.3241775,26.0,49631.0
1719260697.4729142,100.0,49631.0
1719260697.6275268,100.0,49631.0
1719260697.7807329,99.0,49631.0
1719260697.9591248,100.0,49631.0
1719260698.118397,100.0,49631.0
1719260698.2795296,100.0,49631.0
1719260698.4602191,50.0,49631.0
1719260698.6494474,0.0,49631.0
1719260698.8149188,0.0,49631.0
1719260698.9843688,0.0,49631.0
1719260699.1425402,0.0,49631.0
1719260699.30026,0.0,49631.0
1719260699.4824526,0.0,49631.0
1719260699.6855922,0.0,49631.0
1719260699.8527277,0.0,49631.0
1719260700.0169842,0.0,49631.0
1719260700.2416773,0.0,49631.0
1719260700.4306245,0.0,49631.0
1719260700.673141,0.0,49631.0
1719260700.8903265,0.0,49631.0
1719260701.0545425,0.0,49631.0
1719260701.2783031,0.0,49631.0
1719260701.4480743,0.0,49631.0
1719260701.6009834,0.0,49631.0
1719260701.7489426,0.0,49631.0
1719260701.8959956,0.0,49631.0
1719260702.0446641,45.0,49631.0
1719260702.1933615,100.0,49631.0
1719260702.3571734,100.0,49631.0
1719260702.5075502,99.0,49631.0
1719260702.6772034,100.0,49631.0
1719260702.8462064,100.0,49631.0
1719260703.0358129,100.0,49631.0
1719260703.2178278,26.0,49631.0
1719260703.3960958,26.0,49631.0
1719260703.5661223,0.0,49631.0
1719260703.7353175,0.0,49631.0
1719260703.8900478,0.0,49631.0
1719260704.104235,0.0,49631.0
1719260704.268751,0.0,49631.0
1719260704.447361,0.0,49631.0
1719260704.626985,0.0,49631.0
1719260704.7898285,0.0,49631.0
1719260705.0108113,0.0,49631.0
1719260705.2397985,0.0,49631.0
1719260705.4778483,0.0,49631.0
1719260705.6980739,0.0,49631.0
1719260705.8738372,0.0,49631.0
1719260706.0484202,0.0,49631.0
1719260706.2234101,0.0,49631.0
1719260706.3886003,0.0,49631.0
1719260706.5363712,0.0,49631.0
1719260706.6835191,0.0,49631.0
1719260706.8373008,0.0,49631.0
1719260706.9899065,93.0,49631.0
1719260707.1395655,100.0,49631.0
1719260707.2957764,99.0,49631.0
1719260707.469391,99.0,49631.0
1719260707.6341937,100.0,49631.0
1719260707.8059604,79.0,49631.0
1719260707.976466,79.0,49631.0
1719260708.1830966,0.0,49631.0
1719260708.338575,0.0,49631.0
1719260708.5099144,0.0,49631.0
1719260708.6767385,0.0,49631.0
1719260708.8398526,0.0,49631.0
1719260709.019148,0.0,49631.0
1719260709.182802,0.0,49631.0
1719260709.3499107,0.0,49631.0
1719260709.5013676,0.0,49631.0
1719260709.7216532,0.0,49631.0
1719260709.918397,0.0,49631.0
1719260710.153724,0.0,49631.0
1719260710.3722467,0.0,49631.0
1719260710.5498781,0.0,49631.0
1719260710.7071562,0.0,49631.0
1719260710.8833961,0.0,49631.0
1719260711.0513594,0.0,49631.0
1719260711.2018533,0.0,49631.0
1719260711.3483071,0.0,49631.0
1719260711.4963984,0.0,49631.0
1719260711.6421514,9.0,49631.0
1719260711.7894633,100.0,49631.0
1719260711.9364853,99.0,49631.0
1719260712.0832064,100.0,49631.0
1719260712.249261,100.0,49631.0
1719260712.422547,100.0,49631.0
1719260712.5869942,100.0,49631.0
1719260712.7409787,64.0,49631.0
1719260712.93229,0.0,49631.0
1719260713.1037362,0.0,49631.0
1719260713.2586353,0.0,49631.0
1719260713.42676,0.0,49631.0
1719260713.584479,0.0,49631.0
1719260713.7534096,0.0,49631.0
1719260713.9415195,0.0,49631.0
1719260714.1064696,0.0,49631.0
1719260714.2860882,0.0,49631.0
1719260714.4392948,0.0,49631.0
1719260714.6758463,0.0,49631.0
1719260714.8674636,0.0,49631.0
1719260715.1089141,0.0,49631.0
1719260715.331849,0.0,49631.0
1719260715.5253716,0.0,49631.0
1719260715.6847165,0.0,49631.0
1719260715.850373,0.0,49631.0
1719260716.0182402,0.0,49631.0
1719260716.167076,0.0,49631.0
1719260716.3141458,0.0,49631.0
1719260716.4613621,0.0,49631.0
1719260716.6093752,35.0,49631.0
1719260716.7585967,35.0,49631.0
1719260716.9058397,99.0,49631.0
1719260717.0571241,100.0,49631.0
1719260717.2581768,100.0,49631.0
1719260717.4423509,100.0,49631.0
1719260717.6731396,100.0,49631.0
1719260717.857331,0.0,49631.0
1719260718.0400844,0.0,49631.0
1719260718.2027218,0.0,49631.0
1719260718.3888862,0.0,49631.0
1719260718.5578449,0.0,49631.0
1719260718.7443,0.0,49631.0
1719260718.9058952,0.0,49631.0
1719260719.077229,0.0,49631.0
1719260719.2374973,0.0,49631.0
1719260719.453969,0.0,49631.0
1719260719.6624146,0.0,49631.0
1719260719.8949964,0.0,49631.0
1719260720.0815074,0.0,49631.0
1719260720.2689857,0.0,49631.0
1719260720.4199913,0.0,49631.0
1719260720.6209092,0.0,49631.0
1719260720.7971835,0.0,49631.0
1719260720.9444695,0.0,49631.0
1719260721.0926569,0.0,49631.0
1719260721.2385721,0.0,49631.0
1719260721.3889415,37.0,49631.0
1719260721.5410082,100.0,49631.0
1719260721.7423615,100.0,49631.0
1719260721.8919604,99.0,49631.0
1719260722.1015654,100.0,49631.0
1719260722.2684777,100.0,49631.0
1719260722.470263,100.0,49631.0
1719260722.6374524,39.0,49631.0
1719260722.8149412,0.0,49631.0
1719260722.9643912,0.0,49631.0
1719260723.1253986,0.0,49631.0
1719260723.2799911,0.0,49631.0
1719260723.4432395,0.0,49631.0
1719260723.622722,0.0,49631.0
1719260723.7986794,0.0,49631.0
1719260724.0307798,0.0,49631.0
1719260724.2181985,0.0,49631.0
1719260724.4378178,0.0,49631.0
1719260724.6269882,0.0,49631.0
1719260724.8658886,0.0,49631.0
1719260725.1172342,0.0,49631.0
1719260725.269456,0.0,49631.0
1719260725.441582,0.0,49631.0
1719260725.6301842,0.0,49631.0
1719260725.775586,0.0,49631.0
1719260725.9252295,0.0,49631.0
1719260726.0711875,0.0,49631.0
1719260726.219071,63.0,49631.0
1719260726.3651526,100.0,49631.0
1719260726.5236306,99.0,49631.0
1719260726.6962907,100.0,49631.0
1719260726.8836303,100.0,49631.0
1719260727.0634098,100.0,49631.0
1719260727.2577405,100.0,49631.0
1719260727.4183786,4.0,49631.0
1719260727.6051004,0.0,49631.0
1719260727.775864,0.0,49631.0
1719260727.935564,0.0,49631.0
1719260728.1130025,0.0,49631.0
1719260728.2976108,0.0,49631.0
1719260728.485069,0.0,49631.0
1719260728.6516306,0.0,49631.0
1719260728.8017373,0.0,49631.0
1719260729.041698,0.0,49631.0
1719260729.2429245,0.0,49631.0
1719260729.477746,0.0,49631.0
1719260729.693013,0.0,49631.0
1719260729.8948123,0.0,49631.0
1719260730.049669,0.0,49631.0
1719260730.2166924,0.0,49631.0
1719260730.3817065,0.0,49631.0
1719260730.5509756,0.0,49631.0
1719260730.6975982,0.0,49631.0
1719260730.8444207,0.0,49631.0
1719260730.9899592,78.0,49631.0
1719260731.1385038,78.0,49631.0
1719260731.2869368,100.0,49631.0
1719260731.4435081,99.0,49631.0
1719260731.6114733,100.0,49631.0
1719260731.7785378,100.0,49631.0
1719260731.9440758,100.0,49631.0
1719260732.1120577,91.0,49631.0
1719260732.2757714,0.0,49631.0
1719260732.4289472,0.0,49631.0
1719260732.6056917,0.0,49631.0
1719260732.7520618,0.0,49631.0
1719260732.906181,0.0,49631.0
1719260733.0678592,0.0,49631.0
1719260733.2394505,0.0,49631.0
1719260733.4148896,0.0,49631.0
1719260733.5813775,0.0,49631.0
1719260733.7861748,0.0,49631.0
1719260733.9814095,0.0,49631.0
1719260734.1863124,0.0,49631.0
1719260734.3706934,0.0,49631.0
1719260734.5597997,0.0,49631.0
1719260734.7215388,0.0,49631.0
1719260734.8950646,0.0,49631.0
1719260735.1269429,0.0,49631.0
1719260735.2729304,0.0,49631.0
1719260735.4186835,0.0,49631.0
1719260735.565115,0.0,49631.0
1719260735.7120411,81.0,49631.0
1719260735.8568652,100.0,49631.0
1719260736.006716,99.0,49631.0
1719260736.1871665,100.0,49631.0
1719260736.356524,100.0,49631.0
1719260736.5372832,100.0,49631.0
1719260736.7056887,89.0,49631.0
1719260736.8794205,0.0,49631.0
1719260737.0293462,0.0,49631.0
1719260737.1929297,0.0,49631.0
1719260737.3429022,0.0,49631.0
1719260737.5074053,0.0,49631.0
1719260737.6699789,0.0,49631.0
1719260737.8401475,0.0,49631.0
1719260738.0203574,0.0,49631.0
1719260738.1736126,0.0,49631.0
1719260738.3554826,0.0,49631.0
1719260738.5771186,0.0,49631.0
1719260738.784627,0.0,49631.0
1719260738.9737659,0.0,49631.0
1719260739.1547742,0.0,49631.0
1719260739.3010454,0.0,49631.0
1719260739.4604125,0.0,49631.0
1719260739.6248605,0.0,49631.0
1719260739.7856243,0.0,49631.0
1719260739.9313352,0.0,49631.0
1719260740.0768516,0.0,49631.0
1719260740.2226193,0.0,49631.0
1719260740.3678277,23.0,49631.0
1719260740.514779,100.0,49631.0
1719260740.659974,100.0,49631.0
1719260740.806683,99.0,49631.0
1719260740.9900095,100.0,49631.0
1719260741.1749282,100.0,49631.0
1719260741.3434536,100.0,49631.0
1719260741.5218349,50.0,49631.0
1719260741.7166054,0.0,49631.0
1719260741.8866165,0.0,49631.0
1719260742.051187,0.0,49631.0
1719260742.207959,0.0,49631.0
1719260742.3776515,0.0,49631.0
1719260742.5267255,0.0,49631.0
1719260742.6985774,0.0,49631.0
1719260742.868086,0.0,49631.0
1719260743.031313,0.0,49631.0
1719260743.2692838,0.0,49631.0
1719260743.451516,0.0,49631.0
1719260743.6889884,0.0,49631.0
1719260743.9703946,0.0,49631.0
1719260744.1301951,0.0,49631.0
1719260744.3080642,0.0,49631.0
1719260744.477554,0.0,49631.0
1719260744.625637,0.0,49631.0
1719260744.7718542,0.0,49631.0
1719260744.9178867,0.0,49631.0
1719260745.111366,94.0,49631.0
1719260745.256819,94.0,49631.0
1719260745.4343214,100.0,49631.0
1719260745.6118605,100.0,49631.0
1719260745.7809865,100.0,49631.0
1719260745.9652517,100.0,49631.0
1719260746.137936,77.0,49631.0
1719260746.3433135,0.0,49631.0
1719260746.495382,0.0,49631.0
1719260746.6600084,0.0,49631.0
1719260746.8109977,0.0,49631.0
1719260746.9675639,0.0,49631.0
1719260747.1490011,0.0,49631.0
1719260747.398346,0.0,49631.0
1719260747.5600386,0.0,49631.0
1719260747.784621,0.0,49631.0
1719260748.0004425,0.0,49631.0
1719260748.1949122,0.0,49631.0
1719260748.3861694,0.0,49631.0
1719260748.600881,0.0,49631.0
1719260748.76416,0.0,49631.0
1719260748.93142,0.0,49631.0
1719260749.0957136,0.0,49631.0
1719260749.2476985,0.0,49631.0
1719260749.407831,0.0,49631.0
1719260749.5618804,0.0,49631.0
1719260749.7131763,0.0,49631.0
1719260749.8581858,86.0,49631.0
1719260750.0055182,100.0,49631.0
1719260750.166921,99.0,49631.0
1719260750.3481114,100.0,49631.0
1719260750.5169926,100.0,49631.0
1719260750.685139,84.0,49631.0
1719260750.8560452,84.0,49631.0
1719260751.064801,0.0,49631.0
1719260751.2313178,0.0,49631.0
1719260751.39327,0.0,49631.0
1719260751.5593843,0.0,49631.0
1719260751.7415545,0.0,49631.0
1719260751.9694695,0.0,49631.0
1719260752.133233,0.0,49631.0
1719260752.2904437,0.0,49631.0
1719260752.5044956,0.0,49631.0
1719260752.717115,0.0,49631.0
1719260752.9281754,0.0,49631.0
1719260753.1235974,0.0,49631.0
1719260753.3233435,0.0,49631.0
1719260753.479469,0.0,49631.0
1719260753.6616046,0.0,49631.0
1719260753.8195393,0.0,49631.0
1719260753.9667923,0.0,49631.0
1719260754.1130006,0.0,49631.0
1719260754.256887,0.0,49631.0
1719260754.4053535,69.0,49631.0
1719260754.553927,69.0,49631.0
1719260754.7050471,100.0,49631.0
1719260754.8877878,100.0,49631.0
1719260755.0810127,100.0,49631.0
1719260755.2303936,100.0,49631.0
1719260755.4069734,98.0,49631.0
1719260755.5849888,0.0,49631.0
1719260755.7664456,0.0,49631.0
1719260755.9262018,0.0,49631.0
1719260756.0875716,0.0,49631.0
1719260756.2435503,0.0,49631.0
1719260756.4043887,0.0,49631.0
1719260756.5902162,0.0,49631.0
1719260756.8088498,0.0,49631.0
1719260757.009161,0.0,49631.0
1719260757.24826,0.0,49631.0
1719260757.4327002,0.0,49631.0
1719260757.6609435,0.0,49631.0
1719260757.8648953,0.0,49631.0
1719260758.027629,0.0,49631.0
1719260758.195877,0.0,49631.0
1719260758.3579872,0.0,49631.0
1719260758.503014,0.0,49631.0
1719260758.64896,0.0,49631.0
1719260758.794898,0.0,49631.0
1719260758.9404037,83.0,49631.0
1719260759.088385,83.0,49631.0
1719260759.2346122,100.0,49631.0
1719260759.3842778,99.0,49631.0
1719260759.5539615,99.0,49631.0
1719260759.7205727,100.0,49631.0
1719260759.8792448,100.0,49631.0
1719260760.05374,87.0,49631.0
1719260760.231881,0.0,49631.0
1719260760.3827684,0.0,49631.0
1719260760.543516,0.0,49631.0
1719260760.6923819,0.0,49631.0
1719260760.8615599,0.0,49631.0
1719260761.0233727,0.0,49631.0
1719260761.2235768,0.0,49631.0
1719260761.3905144,0.0,49631.0
1719260761.5616727,0.0,49631.0
1719260761.7955256,0.0,49631.0
1719260761.9815013,0.0,49631.0
1719260762.1976078,0.0,49631.0
1719260762.4227242,0.0,49631.0
1719260762.6055331,0.0,49631.0
1719260762.770439,0.0,49631.0
1719260762.93777,0.0,49631.0
1719260763.0866246,0.0,49631.0
1719260763.2307405,0.0,49631.0
1719260763.3775742,0.0,49631.0
1719260763.5236514,3.0,49631.0
1719260763.6703439,100.0,49631.0
1719260763.8153563,100.0,49631.0
1719260763.9823263,100.0,49631.0
1719260764.1738105,99.0,49631.0
1719260764.337212,100.0,49631.0
1719260764.5071266,100.0,49631.0
1719260764.6934416,0.0,49631.0
1719260764.9133904,0.0,49631.0
1719260765.092148,0.0,49631.0
1719260765.2705946,0.0,49631.0
1719260765.4454515,0.0,49631.0
1719260765.6032474,0.0,49631.0
1719260765.7668912,0.0,49631.0
1719260765.9331284,0.0,49631.0
1719260766.0954273,0.0,49631.0
1719260766.2909384,0.0,49631.0
1719260766.5213876,0.0,49631.0
1719260766.7484353,0.0,49631.0
1719260766.9502783,0.0,49631.0
1719260767.1332726,0.0,49631.0
1719260767.2948165,0.0,49631.0
1719260767.5168645,0.0,49631.0
1719260767.682104,0.0,49631.0
1719260767.8266814,0.0,49631.0
1719260767.9729059,0.0,49631.0
1719260768.1177752,0.0,49631.0
1719260768.2609084,62.0,49631.0
1719260768.4067922,100.0,49631.0
1719260768.5567956,100.0,49631.0
1719260768.703548,98.0,49631.0
1719260768.8682761,100.0,49631.0
1719260769.0454423,100.0,49631.0
1719260769.2164018,100.0,49631.0
1719260769.3991313,100.0,49631.0
1719260769.582623,5.0,49631.0
1719260769.7337615,0.0,49631.0
1719260769.8955543,0.0,49631.0
1719260770.047741,0.0,49631.0
1719260770.2148783,0.0,49631.0
1719260770.3837333,0.0,49631.0
1719260770.5685823,0.0,49631.0
1719260770.8113172,0.0,49631.0
1719260771.0618606,0.0,49631.0
1719260771.2778866,0.0,49631.0
1719260771.4938922,0.0,49631.0
1719260771.6775632,0.0,49631.0
1719260771.8706384,0.0,49631.0
1719260772.0182114,0.0,49631.0
1719260772.2021232,0.0,49631.0
1719260772.362929,0.0,49631.0
1719260772.5313566,0.0,49631.0
1719260772.6763659,0.0,49631.0
1719260772.8223162,9.0,49631.0
1719260772.9684484,9.0,49631.0
1719260773.1159263,100.0,49631.0
1719260773.2603493,100.0,49631.0
1719260773.4102645,99.0,49631.0
1719260773.5823112,100.0,49631.0
1719260773.7660902,100.0,49631.0
1719260773.9334733,100.0,49631.0
1719260774.1151946,64.0,49631.0
1719260774.3053012,0.0,49631.0
1719260774.468846,0.0,49631.0
1719260774.638395,0.0,49631.0
1719260774.7912383,0.0,49631.0
1719260774.966155,0.0,49631.0
1719260775.1316676,0.0,49631.0
1719260775.3003254,0.0,49631.0
1719260775.4622366,0.0,49631.0
1719260775.6305223,0.0,49631.0
1719260775.8468258,0.0,49631.0
1719260776.037253,0.0,49631.0
1719260776.244884,0.0,49631.0
1719260776.433003,0.0,49631.0
1719260776.6227596,0.0,49631.0
1719260776.782168,0.0,49631.0
1719260776.9672146,0.0,49631.0
1719260777.1352775,0.0,49631.0
1719260777.2804534,0.0,49631.0
1719260777.430545,0.0,49631.0
1719260777.576039,0.0,49631.0
1719260777.7222223,53.0,49631.0
1719260777.8676589,53.0,49631.0
1719260778.0186908,100.0,49631.0
1719260778.1884675,99.0,49631.0
1719260778.3592315,100.0,49631.0
1719260778.530466,100.0,49631.0
1719260778.7020173,100.0,49631.0
1719260778.87647,12.0,49631.0
1719260779.0586498,0.0,49631.0
1719260779.2062302,0.0,49631.0
1719260779.36432,0.0,49631.0
1719260779.5148263,0.0,49631.0
1719260779.6760201,0.0,49631.0
1719260779.8611438,0.0,49631.0
1719260780.028828,0.0,49631.0
1719260780.1933818,0.0,49631.0
1719260780.3581045,0.0,49631.0
1719260780.5817256,0.0,49631.0
1719260780.7654848,0.0,49631.0
1719260780.9815528,0.0,49631.0
1719260781.1964417,0.0,49631.0
1719260781.3673544,0.0,49631.0
1719260781.5187838,0.0,49631.0
1719260781.6937246,0.0,49631.0
1719260781.8744888,0.0,49631.0
1719260782.02577,0.0,49631.0
1719260782.1703768,0.0,49631.0
1719260782.3155348,0.0,49631.0
1719260782.4605484,0.0,49631.0
1719260782.6066532,91.0,49631.0
1719260782.7527835,100.0,49631.0
1719260782.9131572,99.0,49631.0
1719260783.08364,100.0,49631.0
1719260783.2526,100.0,49631.0
1719260783.44118,80.0,49631.0
1719260783.6339374,80.0,49631.0
1719260783.8615265,0.0,49631.0
1719260784.029902,0.0,49631.0
1719260784.1823227,0.0,49631.0
1719260784.3474429,0.0,49631.0
1719260784.5171669,0.0,49631.0
1719260784.6902015,0.0,49631.0
1719260784.8556647,0.0,49631.0
1719260785.0121496,0.0,49631.0
1719260785.2292616,0.0,49631.0
1719260785.4659233,0.0,49631.0
1719260785.6849856,0.0,49631.0
1719260785.8842535,0.0,49631.0
1719260786.0854106,0.0,49631.0
1719260786.2389982,0.0,49631.0
1719260786.4035869,0.0,49631.0
1719260786.5821319,0.0,49631.0
1719260786.7274995,0.0,49631.0
1719260786.8734477,0.0,49631.0
1719260787.0181422,0.0,49631.0
1719260787.1623058,64.0,49631.0
1719260787.3105323,64.0,49631.0
1719260787.476205,100.0,49631.0
1719260787.6601963,100.0,49631.0
1719260787.840709,100.0,49631.0
1719260788.0024285,100.0,49631.0
1719260788.1770155,100.0,49631.0
1719260788.3523014,3.0,49631.0
1719260788.528518,3.0,49631.0
1719260788.6812382,0.0,49631.0
1719260788.852402,0.0,49631.0
1719260789.0112436,0.0,49631.0
1719260789.1606326,0.0,49631.0
1719260789.327457,0.0,49631.0
1719260789.495349,0.0,49631.0
1719260789.661042,0.0,49631.0
1719260789.8569853,0.0,49631.0
1719260790.081117,0.0,49631.0
1719260790.2676485,0.0,49631.0
1719260790.5017078,0.0,49631.0
1719260790.7166495,0.0,49631.0
1719260790.8975704,0.0,49631.0
1719260791.0600631,0.0,49631.0
1719260791.23037,0.0,49631.0
1719260791.3976464,0.0,49631.0
1719260791.5458834,0.0,49631.0
1719260791.6957135,0.0,49631.0
1719260791.8422852,1.0,49631.0
1719260791.987642,100.0,49631.0
1719260792.1334324,100.0,49631.0
1719260792.3486776,98.0,49631.0
1719260792.533033,100.0,49631.0
1719260792.7431514,100.0,49631.0
1719260792.9110951,72.0,49631.0
1719260793.0937643,72.0,49631.0
1719260793.2517889,0.0,49631.0
1719260793.437001,0.0,49631.0
1719260793.5892582,0.0,49631.0
1719260793.751707,0.0,49631.0
1719260793.9296627,0.0,49631.0
1719260794.083361,0.0,49631.0
1719260794.259795,0.0,49631.0
1719260794.4301798,0.0,49631.0
1719260794.666782,0.0,49631.0
1719260794.8857992,0.0,49631.0
1719260795.1066248,0.0,49631.0
1719260795.2893913,0.0,49631.0
1719260795.4825177,0.0,49631.0
1719260795.6322417,0.0,49631.0
1719260795.8076909,0.0,49631.0
1719260795.9768178,0.0,49631.0
1719260796.1404176,0.0,49631.0
1719260796.2853148,0.0,49631.0
1719260796.4322252,0.0,49631.0
1719260796.5781696,0.0,49631.0
1719260796.7278678,82.0,49631.0
1719260796.8772717,100.0,49631.0
1719260797.022474,99.0,49631.0
1719260797.209929,100.0,49631.0
1719260797.4042406,100.0,49631.0
1719260797.5794578,88.0,49631.0
1719260797.7537367,88.0,49631.0
1719260797.9503367,0.0,49631.0
1719260798.1029053,0.0,49631.0
1719260798.2838452,0.0,49631.0
1719260798.45317,0.0,49631.0
1719260798.6460748,0.0,49631.0
1719260798.8079643,0.0,49631.0
1719260798.9771063,0.0,49631.0
1719260799.1429806,0.0,49631.0
1719260799.3726232,0.0,49631.0
1719260799.5890467,0.0,49631.0
1719260799.7945664,0.0,49631.0
1719260799.987221,0.0,49631.0
1719260800.1778476,0.0,49631.0
1719260800.3227012,0.0,49631.0
1719260800.4897614,0.0,49631.0
1719260800.6692586,0.0,49631.0
1719260800.8169124,0.0,49631.0
1719260800.9636977,0.0,49631.0
1719260801.1105943,0.0,49631.0
1719260801.2555735,69.0,49631.0
1719260801.4014978,69.0,49631.0
1719260801.559832,100.0,49631.0
1719260801.7385635,100.0,49631.0
1719260801.9202044,100.0,49631.0
1719260802.0842009,100.0,49631.0
1719260802.258532,99.0,49631.0
1719260802.4392595,0.0,49631.0
1719260802.6055717,0.0,49631.0
1719260802.7859025,0.0,49631.0
1719260802.9375453,0.0,49631.0
1719260803.1048183,0.0,49631.0
1719260803.2544358,0.0,49631.0
1719260803.4371927,0.0,49631.0
1719260803.612246,0.0,49631.0
1719260803.7829835,0.0,49631.0
1719260803.983458,0.0,49631.0
1719260804.2182877,0.0,49631.0
1719260804.4421031,0.0,49631.0
1719260804.6094038,0.0,49631.0
1719260804.8380725,0.0,49631.0
1719260804.9883583,0.0,49631.0
1719260805.161889,0.0,49631.0
1719260805.3325832,0.0,49631.0
1719260805.4823346,0.0,49631.0
1719260805.6391518,0.0,49631.0
1719260805.7860296,0.0,49631.0
1719260805.9324431,0.0,49631.0
1719260806.0791378,99.0,49631.0
1719260806.2237027,99.0,49631.0
1719260806.3866112,100.0,49631.0
1719260806.5897574,100.0,49631.0
1719260806.7732522,100.0,49631.0
1719260806.9312832,100.0,49631.0
1719260807.0990093,76.0,49631.0
1719260807.300801,0.0,49631.0
1719260807.453124,0.0,49631.0
1719260807.622772,0.0,49631.0
1719260807.7803628,0.0,49631.0
1719260807.9381642,0.0,49631.0
1719260808.101638,0.0,49631.0
1719260808.2714608,0.0,49631.0
1719260808.445518,0.0,49631.0
1719260808.5970762,0.0,49631.0
1719260808.8006833,0.0,49631.0
1719260809.001157,0.0,49631.0
1719260809.193415,0.0,49631.0
1719260809.363537,0.0,49631.0
1719260809.5776064,0.0,49631.0
1719260809.7275376,0.0,49631.0
1719260809.9281452,0.0,49631.0
1719260810.0902996,0.0,49631.0
1719260810.2359593,0.0,49631.0
1719260810.381547,0.0,49631.0
1719260810.5260205,0.0,49631.0
1719260810.674455,89.0,49631.0
1719260810.823342,89.0,49631.0
1719260811.0123506,100.0,49631.0
1719260811.2196922,100.0,49631.0
1719260811.407907,100.0,49631.0
1719260811.584974,100.0,49631.0
1719260811.760862,82.0,49631.0
1719260811.9853103,0.0,49631.0
1719260812.141347,0.0,49631.0
1719260812.315509,0.0,49631.0
1719260812.476095,0.0,49631.0
1719260812.6340466,0.0,49631.0
1719260812.8107052,0.0,49631.0
1719260812.987712,0.0,49631.0
1719260813.1527293,0.0,49631.0
1719260813.3279722,0.0,49631.0
1719260813.547223,0.0,49631.0
1719260813.7261043,0.0,49631.0
1719260813.9463856,0.0,49631.0
1719260814.1376724,0.0,49631.0
1719260814.309047,0.0,49631.0
1719260814.4653513,0.0,49631.0
1719260814.6360698,0.0,49631.0
1719260814.799424,0.0,49631.0
1719260814.9494605,0.0,49631.0
1719260815.1002285,0.0,49631.0
1719260815.2472832,16.0,49631.0
1719260815.3938298,16.0,49631.0
1719260815.5440705,100.0,49631.0
1719260815.6901388,100.0,49631.0
1719260815.841777,99.0,49631.0
1719260816.0294657,100.0,49631.0
1719260816.2068212,100.0,49631.0
1719260816.3851352,100.0,49631.0
1719260816.591109,58.0,49631.0
1719260816.7671812,0.0,49631.0
1719260816.916672,0.0,49631.0
1719260817.0807035,0.0,49631.0
1719260817.2330527,0.0,49631.0
1719260817.4046216,0.0,49631.0
1719260817.5762737,0.0,49631.0
1719260817.8033774,0.0,49631.0
1719260818.0467038,0.0,49631.0
1719260818.2540624,0.0,49631.0
1719260818.4148953,0.0,49631.0
1719260818.617406,0.0,49631.0
1719260818.8334355,0.0,49631.0
1719260819.022781,0.0,49631.0
1719260819.1808658,0.0,49631.0
1719260819.3523312,0.0,49631.0
1719260819.523992,0.0,49631.0
1719260819.6698372,0.0,49631.0
1719260819.8182657,0.0,49631.0
1719260819.9687316,30.0,49631.0
1719260820.1139169,100.0,49631.0
1719260820.2598653,100.0,49631.0
1719260820.4074924,93.0,49631.0
1719260820.5787666,100.0,49631.0
1719260820.7440884,100.0,49631.0
1719260820.9021575,100.0,49631.0
1719260821.0761805,52.0,49631.0
1719260821.2579727,52.0,49631.0
1719260821.4164717,0.0,49631.0
1719260821.5979285,0.0,49631.0
1719260821.7531674,0.0,49631.0
1719260821.9139462,0.0,49631.0
1719260822.1073616,0.0,49631.0
1719260822.2944963,0.0,49631.0
1719260822.4604692,0.0,49631.0
1719260822.6236694,0.0,49631.0
1719260822.8503106,0.0,49631.0
1719260823.0293393,0.0,49631.0
1719260823.2465165,0.0,49631.0
1719260823.433212,0.0,49631.0
1719260823.6221411,0.0,49631.0
1719260823.7775278,0.0,49631.0
1719260823.946081,0.0,49631.0
1719260824.1214693,0.0,49631.0
1719260824.2674372,0.0,49631.0
1719260824.4124613,0.0,49631.0
1719260824.5579717,0.0,49631.0
1719260824.7045538,14.0,49631.0
1719260824.8514986,100.0,49631.0
1719260825.0000892,99.0,49631.0
1719260825.1463778,100.0,49631.0
1719260825.3129456,100.0,49631.0
1719260825.4902098,100.0,49631.0
1719260825.671787,100.0,49631.0
1719260825.8443446,61.0,49631.0
1719260826.0083807,0.0,49631.0
1719260826.1717837,0.0,49631.0
1719260826.3421798,0.0,49631.0
1719260826.5048754,0.0,49631.0
1719260826.6821563,0.0,49631.0
1719260826.8744447,0.0,49631.0
1719260827.0507967,0.0,49631.0
1719260827.2171738,0.0,49631.0
1719260827.3691463,0.0,49631.0
1719260827.5869453,0.0,49631.0
1719260827.802073,0.0,49631.0
1719260828.0361195,0.0,49631.0
1719260828.2521396,0.0,49631.0
1719260828.4090836,0.0,49631.0
1719260828.576651,0.0,49631.0
1719260828.761972,0.0,49631.0
1719260828.9211388,0.0,49631.0
1719260829.066499,0.0,49631.0
1719260829.2123823,0.0,49631.0
1719260829.3568985,34.0,49631.0
1719260829.5019338,34.0,49631.0
1719260829.6475208,100.0,49631.0
1719260829.7961419,99.0,49631.0
1719260829.9895434,100.0,49631.0
1719260830.1683853,100.0,49631.0
1719260830.3403516,100.0,49631.0
1719260830.54803,100.0,49631.0
1719260830.7525241,0.0,49631.0
1719260830.904887,0.0,49631.0
1719260831.0705404,0.0,49631.0
1719260831.2174659,0.0,49631.0
1719260831.3754652,0.0,49631.0
1719260831.5286481,0.0,49631.0
1719260831.6943977,0.0,49631.0
1719260831.9093504,0.0,49631.0
1719260832.11894,0.0,49631.0
1719260832.2775965,0.0,49631.0
1719260832.4838386,0.0,49631.0
1719260832.6885295,0.0,49631.0
1719260832.9330184,0.0,49631.0
1719260833.0864239,0.0,49631.0
1719260833.2633834,0.0,49631.0
1719260833.4589808,0.0,49631.0
1719260833.6043234,0.0,49631.0
1719260833.7541974,0.0,49631.0
1719260833.8995852,0.0,49631.0
1719260834.0469317,69.0,49631.0
1719260834.1921976,69.0,49631.0
1719260834.351518,100.0,49631.0
1719260834.5027452,99.0,49631.0
1719260834.6888924,100.0,49631.0
1719260834.8626702,100.0,49631.0
1719260835.044036,98.0,49631.0
1719260835.2300808,0.0,49631.0
1719260835.4153986,0.0,49631.0
1719260835.5876253,0.0,49631.0
1719260835.7513306,0.0,49631.0
1719260835.921224,0.0,49631.0
1719260836.101829,0.0,49631.0
1719260836.2754126,0.0,49631.0
1719260836.44815,0.0,49631.0
1719260836.598401,0.0,49631.0
1719260836.8364625,0.0,49631.0
1719260837.0312197,0.0,49631.0
1719260837.2220585,0.0,49631.0
1719260837.393465,0.0,49631.0
1719260837.608532,0.0,49631.0
1719260837.758957,0.0,49631.0
1719260837.9297512,0.0,49631.0
1719260838.100791,0.0,49631.0
1719260838.2548575,0.0,49631.0
1719260838.399839,0.0,49631.0
1719260838.5457716,0.0,49631.0
1719260838.6938732,33.0,49631.0
1719260838.841525,100.0,49631.0
1719260839.0182953,100.0,49631.0
1719260839.1884372,99.0,49631.0
1719260839.3958538,100.0,49631.0
1719260839.5770788,100.0,49631.0
1719260839.747258,100.0,49631.0
1719260839.9231095,42.0,49631.0
1719260840.08239,0.0,49631.0
1719260840.2599301,0.0,49631.0
1719260840.4125574,0.0,49631.0
1719260840.5724657,0.0,49631.0
1719260840.7535295,0.0,49631.0
1719260840.9276445,0.0,49631.0
1719260841.0983257,0.0,49631.0
1719260841.250549,0.0,49631.0
1719260841.4553337,0.0,49631.0
1719260841.6577072,0.0,49631.0
1719260841.890016,0.0,49631.0
1719260842.1055589,0.0,49631.0
1719260842.275226,0.0,49631.0
1719260842.4365454,0.0,49631.0
1719260842.6061592,0.0,49631.0
1719260842.7742016,0.0,49631.0
1719260842.919771,0.0,49631.0
1719260843.0658786,0.0,49631.0
1719260843.211815,0.0,49631.0
1719260843.3575554,39.0,49631.0
1719260843.5029333,100.0,49631.0
1719260843.6488032,100.0,49631.0
1719260843.8243864,99.0,49631.0
1719260843.9932652,100.0,49631.0
1719260844.1777277,100.0,49631.0
1719260844.3709903,100.0,49631.0
1719260844.5526404,37.0,49631.0
1719260844.7192152,0.0,49631.0
1719260844.893272,0.0,49631.0
1719260845.0426912,0.0,49631.0
1719260845.2136374,0.0,49631.0
1719260845.363218,0.0,49631.0
1719260845.535953,0.0,49631.0
1719260845.7229848,0.0,49631.0
1719260845.8933663,0.0,49631.0
1719260846.0723433,0.0,49631.0
1719260846.3072333,0.0,49631.0
1719260846.5371919,0.0,49631.0
1719260846.7135293,0.0,49631.0
1719260846.9249432,0.0,49631.0
1719260847.0802007,0.0,49631.0
1719260847.2563112,0.0,49631.0
1719260847.4267445,0.0,49631.0
1719260847.5809243,0.0,49631.0
1719260847.7335217,0.0,49631.0
1719260847.8833237,0.0,49631.0
1719260848.0349267,8.0,49631.0
1719260848.194551,100.0,49631.0
1719260848.3563461,100.0,49631.0
1719260848.5353787,99.0,49631.0
1719260848.6992867,99.0,49631.0
1719260848.8717213,100.0,49631.0
1719260849.0429327,65.0,49631.0
1719260849.2176847,0.0,49631.0
1719260849.4110312,0.0,49631.0
1719260849.574805,0.0,49631.0
1719260849.7383273,0.0,49631.0
1719260849.898132,0.0,49631.0
1719260850.058901,0.0,49631.0
1719260850.2389662,0.0,49631.0
1719260850.4091914,0.0,49631.0
1719260850.5601342,0.0,49631.0
1719260850.7814178,0.0,49631.0
1719260850.9820092,0.0,49631.0
1719260851.1875947,0.0,49631.0
1719260851.3471086,0.0,49631.0
1719260851.5774043,0.0,49631.0
1719260851.7499874,0.0,49631.0
1719260851.91779,0.0,49631.0
1719260852.0786319,0.0,49631.0
1719260852.2277503,0.0,49631.0
1719260852.3740652,0.0,49631.0
1719260852.5204923,0.0,49631.0
1719260852.6685448,77.0,49631.0
1719260852.8141525,77.0,49631.0
1719260852.9587548,100.0,49631.0
1719260853.1059961,99.0,49631.0
1719260853.2659574,100.0,49631.0
1719260853.4549868,100.0,49631.0
1719260853.6266506,100.0,49631.0
1719260853.803413,92.0,49631.0
1719260853.9709003,0.0,49631.0
1719260854.1579537,0.0,49631.0
1719260854.3174741,0.0,49631.0
1719260854.4772182,0.0,49631.0
1719260854.6251743,0.0,49631.0
1719260854.7885337,0.0,49631.0
1719260854.974047,0.0,49631.0
1719260855.1393425,0.0,49631.0
1719260855.3030288,0.0,49631.0
1719260855.4604957,0.0,49631.0
1719260855.664835,0.0,49631.0
1719260855.9147089,0.0,49631.0
1719260856.128522,0.0,49631.0
1719260856.321927,0.0,49631.0
1719260856.4860933,0.0,49631.0
1719260856.6416519,0.0,49631.0
1719260856.8274214,0.0,49631.0
1719260857.029579,0.0,49631.0
1719260857.1746626,0.0,49631.0
1719260857.323818,0.0,49631.0
1719260857.4864438,0.0,49631.0
1719260857.6328602,97.0,49631.0
1719260857.7776113,100.0,49631.0
1719260857.9311285,100.0,49631.0
1719260858.0980203,99.0,49631.0
1719260858.2875853,100.0,49631.0
1719260858.4543078,100.0,49631.0
1719260858.6221263,73.0,49631.0
1719260858.790442,0.0,49631.0
1719260858.9441333,0.0,49631.0
1719260859.1045375,0.0,49631.0
1719260859.260716,0.0,49631.0
1719260859.426207,0.0,49631.0
1719260859.5909698,0.0,49631.0
1719260859.7509143,0.0,49631.0
1719260859.9285667,0.0,49631.0
1719260860.0791972,0.0,49631.0
1719260860.3449063,0.0,49631.0
1719260860.534285,0.0,49631.0
1719260860.7389693,0.0,49631.0
1719260860.9204528,0.0,49631.0
1719260861.109216,0.0,49631.0
1719260861.2693222,0.0,49631.0
1719260861.4511387,0.0,49631.0
1719260861.6196318,0.0,49631.0
1719260861.764365,0.0,49631.0
1719260861.9102,0.0,49631.0
1719260862.0553277,0.0,49631.0
1719260862.2029026,64.0,49631.0
1719260862.3519764,64.0,49631.0
1719260862.564841,100.0,49631.0
1719260862.7552536,100.0,49631.0
1719260862.9419618,100.0,49631.0
1719260863.1288278,100.0,49631.0
1719260863.3052485,2.0,49631.0
1719260863.4982746,2.0,49631.0
1719260863.702573,0.0,49631.0
1719260863.8624222,0.0,49631.0
1719260864.0137656,0.0,49631.0
1719260864.1792717,0.0,49631.0
1719260864.3612287,0.0,49631.0
1719260864.5611029,0.0,49631.0
1719260864.7226229,0.0,49631.0
1719260864.882873,0.0,49631.0
1719260865.1246493,0.0,49631.0
1719260865.3189483,0.0,49631.0
1719260865.5326421,0.0,49631.0
1719260865.7493517,0.0,49631.0
1719260865.93655,0.0,49631.0
1719260866.1036675,0.0,49631.0
1719260866.2811294,0.0,49631.0
1719260866.4427073,0.0,49631.0
1719260866.5872295,0.0,49631.0
1719260866.732386,0.0,49631.0
1719260866.8783834,7.0,49631.0
1719260867.0250342,100.0,49631.0
1719260867.1682432,100.0,49631.0
1719260867.3176882,100.0,49631.0
1719260867.5011642,98.0,49631.0
1719260867.6835291,100.0,49631.0
1719260867.843143,100.0,49631.0
1719260868.0007875,67.0,49631.0
1719260868.1613135,0.0,49631.0
1719260868.329034,0.0,49631.0
1719260868.4940295,0.0,49631.0
1719260868.6476908,0.0,49631.0
1719260868.839257,0.0,49631.0
1719260868.990431,0.0,49631.0
1719260869.1580627,0.0,49631.0
1719260869.3338633,0.0,49631.0
1719260869.52137,0.0,49631.0
1719260869.6920729,0.0,49631.0
1719260869.859105,0.0,49631.0
1719260870.0247393,0.0,49631.0
1719260870.2710893,0.0,49631.0
1719260870.4638445,0.0,49631.0
1719260870.6825366,0.0,49631.0
1719260870.9149058,0.0,49631.0
1719260871.0774064,0.0,49631.0
1719260871.2328086,0.0,49631.0
1719260871.4063404,0.0,49631.0
1719260871.5802114,0.0,49631.0
1719260871.7282434,0.0,49631.0
1719260871.8828697,0.0,49631.0
1719260872.0291965,0.0,49631.0
1719260872.1795764,80.0,49631.0
1719260872.3270702,80.0,49631.0
1719260872.5398266,100.0,49631.0
1719260872.6918395,99.0,49631.0
1719260872.8658745,100.0,49631.0
1719260873.0326645,100.0,49631.0
1719260873.2049458,89.0,49631.0
1719260873.3870327,0.0,49631.0
1719260873.5721986,0.0,49631.0
1719260873.7358446,0.0,49631.0
1719260873.9116921,0.0,49631.0
1719260874.0675094,0.0,49631.0
1719260874.2394118,0.0,49631.0
1719260874.4045029,0.0,49631.0
1719260874.5686185,0.0,49631.0
1719260874.7308478,0.0,49631.0
1719260874.8807957,0.0,49631.0
1719260875.0918415,0.0,49631.0
1719260875.3117332,0.0,49631.0
1719260875.5099359,0.0,49631.0
1719260875.6766493,0.0,49631.0
1719260875.8988948,0.0,49631.0
1719260876.0627043,0.0,49631.0
1719260876.2445571,0.0,49631.0
1719260876.4187632,0.0,49631.0
1719260876.5666084,0.0,49631.0
1719260876.7152355,0.0,49631.0
1719260876.8606615,0.0,49631.0
1719260877.0354097,100.0,49631.0
1719260877.183108,100.0,49631.0
1719260877.3319628,100.0,49631.0
1719260877.525911,99.0,49631.0
1719260877.706837,100.0,49631.0
1719260877.8713932,100.0,49631.0
1719260878.0474079,70.0,49631.0
1719260878.2100852,70.0,49631.0
1719260878.4135664,0.0,49631.0
1719260878.5941226,0.0,49631.0
1719260878.7468574,0.0,49631.0
1719260878.906206,0.0,49631.0
1719260879.0815296,0.0,49631.0
1719260879.2676501,0.0,49631.0
1719260879.438509,0.0,49631.0
1719260879.5865405,0.0,49631.0
1719260879.7789977,0.0,49631.0
1719260880.0009615,0.0,49631.0
1719260880.2096996,0.0,49631.0
1719260880.4179077,0.0,49631.0
1719260880.6044784,0.0,49631.0
1719260880.772295,0.0,49631.0
1719260880.943852,0.0,49631.0
1719260881.1088326,0.0,49631.0
1719260881.2547102,0.0,49631.0
1719260881.400935,0.0,49631.0
1719260881.5446386,0.0,49631.0
1719260881.690902,71.0,49631.0
1719260881.8366282,71.0,49631.0
1719260882.0389278,100.0,49631.0
1719260882.2139359,100.0,49631.0
1719260882.3966136,100.0,49631.0
1719260882.5779243,100.0,49631.0
1719260882.7614043,97.0,49631.0
1719260882.9358284,0.0,49631.0
1719260883.123058,0.0,49631.0
1719260883.286397,0.0,49631.0
1719260883.4595487,0.0,49631.0
1719260883.627466,0.0,49631.0
1719260883.8176732,0.0,49631.0
1719260883.9778516,0.0,49631.0
1719260884.1537004,0.0,49631.0
1719260884.3105075,0.0,49631.0
1719260884.5270119,0.0,49631.0
1719260884.7543068,0.0,49631.0
1719260884.9415011,0.0,49631.0
1719260885.1088715,0.0,49631.0
1719260885.3373408,0.0,49631.0
1719260885.4890492,0.0,49631.0
1719260885.6819177,0.0,49631.0
1719260885.8532856,0.0,49631.0
1719260886.0022671,0.0,49631.0
1719260886.151944,0.0,49631.0
1719260886.2972188,41.0,49631.0
1719260886.4444568,41.0,49631.0
1719260886.5912807,100.0,49631.0
1719260886.744552,99.0,49631.0
1719260886.911055,100.0,49631.0
1719260887.0805776,100.0,49631.0
1719260887.247337,100.0,49631.0
1719260887.473171,33.0,49631.0
1719260887.6935205,0.0,49631.0
1719260887.8450181,0.0,49631.0
1719260888.010927,0.0,49631.0
1719260888.1652827,0.0,49631.0
1719260888.3227422,0.0,49631.0
1719260888.499402,0.0,49631.0
1719260888.660926,0.0,49631.0
1719260888.832714,0.0,49631.0
1719260888.9821982,0.0,49631.0
1719260889.1971152,0.0,49631.0
1719260889.4141624,0.0,49631.0
1719260889.622067,0.0,49631.0
1719260889.8021421,0.0,49631.0
1719260889.9947102,0.0,49631.0
1719260890.1427376,0.0,49631.0
1719260890.3074744,0.0,49631.0
1719260890.4699306,0.0,49631.0
1719260890.6264346,0.0,49631.0
1719260890.7730315,0.0,49631.0
1719260890.9202971,0.0,49631.0
1719260891.0668378,0.0,49631.0
1719260891.2132306,63.0,49631.0
1719260891.3598626,63.0,49631.0
1719260891.505826,100.0,49631.0
1719260891.676138,100.0,49631.0
1719260891.8435497,100.0,49631.0
1719260892.027263,100.0,49631.0
1719260892.2117097,100.0,49631.0
1719260892.361342,4.0,49631.0
1719260892.5493524,0.0,49631.0
1719260892.722341,0.0,49631.0
1719260892.8832605,0.0,49631.0
1719260893.0416172,0.0,49631.0
1719260893.1992567,0.0,49631.0
1719260893.3711379,0.0,49631.0
1719260893.611109,0.0,49631.0
1719260893.8289037,0.0,49631.0
1719260894.0464232,0.0,49631.0
1719260894.238263,0.0,49631.0
1719260894.3968883,0.0,49631.0
1719260894.6142993,0.0,49631.0
1719260894.7888165,0.0,49631.0
1719260894.9690127,0.0,49631.0
1719260895.139009,0.0,49631.0
1719260895.2867537,0.0,49631.0
1719260895.4351916,0.0,49631.0
1719260895.5803516,4.0,49631.0
1719260895.7266116,4.0,49631.0
1719260895.8738234,100.0,49631.0
1719260896.0177135,100.0,49631.0
1719260896.1711855,100.0,49631.0
1719260896.3548627,100.0,49631.0
1719260896.5230336,100.0,49631.0
1719260896.6830387,100.0,49631.0
1719260896.8677058,68.0,49631.0
1719260897.051472,0.0,49631.0
1719260897.2102668,0.0,49631.0
1719260897.3712597,0.0,49631.0
1719260897.533464,0.0,49631.0
1719260897.6811073,0.0,49631.0
1719260897.849392,0.0,49631.0
1719260898.0225742,0.0,49631.0
1719260898.1917067,0.0,49631.0
1719260898.3608575,0.0,49631.0
1719260898.5790427,0.0,49631.0
1719260898.735788,0.0,49631.0
1719260898.9781191,0.0,49631.0
1719260899.2082503,0.0,49631.0
1719260899.3880079,0.0,49631.0
1719260899.556077,0.0,49631.0
1719260899.7318492,0.0,49631.0
1719260899.891247,0.0,49631.0
1719260900.0354383,0.0,49631.0
1719260900.1839576,0.0,49631.0
1719260900.3296924,0.0,49631.0
1719260900.475862,63.0,49631.0
1719260900.623669,100.0,49631.0
1719260900.7689357,100.0,49631.0
1719260900.9641318,99.0,49631.0
1719260901.1337278,100.0,49631.0
1719260901.3021705,100.0,49631.0
1719260901.4768026,100.0,49631.0
1719260901.650236,4.0,49631.0
1719260901.8195643,0.0,49631.0
1719260901.9712036,0.0,49631.0
1719260902.1347532,0.0,49631.0
1719260902.2903488,0.0,49631.0
1719260902.4536407,0.0,49631.0
1719260902.6140227,0.0,49631.0
1719260902.7808805,0.0,49631.0
1719260902.9527543,0.0,49631.0
1719260903.1321294,0.0,49631.0
1719260903.3503516,0.0,49631.0
1719260903.6079638,0.0,49631.0
1719260903.8137112,0.0,49631.0
1719260904.001845,0.0,49631.0
1719260904.1978083,0.0,49631.0
1719260904.3427324,0.0,49631.0
1719260904.531123,0.0,49631.0
1719260904.7138565,0.0,49631.0
1719260904.86609,0.0,49631.0
1719260905.0106049,0.0,49631.0
1719260905.1558304,0.0,49631.0
1719260905.302918,24.0,49631.0
1719260905.4501455,100.0,49631.0
1719260905.5948644,99.0,49631.0
1719260905.7449083,99.0,49631.0
1719260905.9122708,100.0,49631.0
1719260906.0826812,100.0,49631.0
1719260906.252021,100.0,49631.0
1719260906.4317718,49.0,49631.0
1719260906.611957,49.0,49631.0
1719260906.7846813,0.0,49631.0
1719260906.9647546,0.0,49631.0
1719260907.1189888,0.0,49631.0
1719260907.285779,0.0,49631.0
1719260907.4455128,0.0,49631.0
1719260907.6035745,0.0,49631.0
1719260907.7697303,0.0,49631.0
1719260907.9335096,0.0,49631.0
1719260908.1109166,0.0,49631.0
1719260908.3583543,0.0,49631.0
1719260908.5748181,0.0,49631.0
1719260908.7810502,0.0,49631.0
1719260908.9864092,0.0,49631.0
1719260909.1555603,0.0,49631.0
1719260909.3387623,0.0,49631.0
1719260909.5219202,0.0,49631.0
1719260909.6671696,0.0,49631.0
1719260909.8109167,0.0,49631.0
1719260909.9571824,0.0,49631.0
1719260910.1033897,24.0,49631.0
1719260910.249692,24.0,49631.0
1719260910.3946898,100.0,49631.0
1719260910.5419858,98.0,49631.0
1719260910.721084,100.0,49631.0
1719260910.891853,100.0,49631.0
1719260911.0787983,100.0,49631.0
1719260911.2592833,51.0,49631.0
1719260911.4422498,0.0,49631.0
1719260911.6105697,0.0,49631.0
1719260911.7776988,0.0,49631.0
1719260911.9460664,0.0,49631.0
1719260912.1172373,0.0,49631.0
1719260912.3080282,0.0,49631.0
1719260912.473842,0.0,49631.0
1719260912.642379,0.0,49631.0
1719260912.7958465,0.0,49631.0
1719260913.0087428,0.0,49631.0
1719260913.2088754,0.0,49631.0
1719260913.4483788,0.0,49631.0
1719260913.6624944,0.0,49631.0
1719260913.81625,0.0,49631.0
1719260913.9726799,0.0,49631.0
1719260914.1345952,0.0,49631.0
1719260914.3103654,0.0,49631.0
1719260914.456872,0.0,49631.0
1719260914.6059306,0.0,49631.0
1719260914.7526412,0.0,49631.0
1719260914.8985054,92.0,49631.0
1719260915.0452595,92.0,49631.0
1719260915.2312038,99.0,49631.0
1719260915.4228556,99.0,49631.0
1719260915.6612496,100.0,49631.0
1719260915.850466,79.0,49631.0
1719260916.030968,0.0,49631.0
1719260916.2157815,0.0,49631.0
1719260916.4092224,0.0,49631.0
1719260916.5619988,0.0,49631.0
1719260916.792734,0.0,49631.0
1719260916.9645302,0.0,49631.0
1719260917.1380525,0.0,49631.0
1719260917.3064318,0.0,49631.0
1719260917.4654052,0.0,49631.0
1719260917.6833348,0.0,49631.0
1719260917.869962,0.0,49631.0
1719260918.0894291,0.0,49631.0
1719260918.30543,0.0,49631.0
1719260918.4937618,0.0,49631.0
1719260918.6539767,0.0,49631.0
1719260918.8267615,0.0,49631.0
1719260918.9806695,0.0,49631.0
1719260919.1263144,0.0,49631.0
1719260919.272293,0.0,49631.0
1719260919.4178407,0.0,49631.0
1719260919.5633118,85.0,49631.0
1719260919.710337,100.0,49631.0
1719260919.8578527,99.0,49631.0
1719260920.0343,99.0,49631.0
1719260920.2146049,100.0,49631.0
1719260920.3869467,100.0,49631.0
1719260920.5487409,86.0,49631.0
1719260920.7264051,0.0,49631.0
1719260920.908911,0.0,49631.0
1719260921.0677328,0.0,49631.0
1719260921.265771,0.0,49631.0
1719260921.4325867,0.0,49631.0
1719260921.6054504,0.0,49631.0
1719260921.7635293,0.0,49631.0
1719260921.9272754,0.0,49631.0
1719260922.0916362,0.0,49631.0
1719260922.3065376,0.0,49631.0
1719260922.5421615,0.0,49631.0
1719260922.7501283,0.0,49631.0
1719260922.9066768,0.0,49631.0
1719260923.1277983,0.0,49631.0
1719260923.2883606,0.0,49631.0
1719260923.4632573,0.0,49631.0
1719260923.6216154,0.0,49631.0
1719260923.775605,0.0,49631.0
1719260923.9225278,0.0,49631.0
1719260924.069017,0.0,49631.0
1719260924.2162187,23.0,49631.0
1719260924.3632188,100.0,49631.0
1719260924.5528157,99.0,49631.0
1719260924.7191465,100.0,49631.0
1719260924.8877869,100.0,49631.0
1719260925.0940044,100.0,49631.0
1719260925.2686393,50.0,49631.0
1719260925.4593625,50.0,49631.0
1719260925.6088786,0.0,49631.0
1719260925.784069,0.0,49631.0
1719260925.9571571,0.0,49631.0
1719260926.1153328,0.0,49631.0
1719260926.301126,0.0,49631.0
1719260926.4687552,0.0,49631.0
1719260926.6440396,0.0,49631.0
1719260926.84177,0.0,49631.0
1719260927.0618248,0.0,49631.0
1719260927.2636623,0.0,49631.0
1719260927.5126576,0.0,49631.0
1719260927.7294438,0.0,49631.0
1719260927.9148564,0.0,49631.0
1719260928.0771015,0.0,49631.0
1719260928.2515512,0.0,49631.0
1719260928.4151723,0.0,49631.0
1719260928.5596826,0.0,49631.0
1719260928.709926,0.0,49631.0
1719260928.8637776,0.0,49631.0
1719260929.0087621,76.0,49631.0
1719260929.1539905,100.0,49631.0
1719260929.3025975,100.0,49631.0
1719260929.4664497,99.0,49631.0
1719260929.63552,100.0,49631.0
1719260929.8021848,100.0,49631.0
1719260929.9939086,93.0,49631.0
1719260930.1593213,93.0,49631.0
1719260930.3303533,0.0,49631.0
1719260930.4947827,0.0,49631.0
1719260930.656714,0.0,49631.0
1719260930.8221998,0.0,49631.0
1719260930.9864073,0.0,49631.0
1719260931.149183,0.0,49631.0
1719260931.308623,0.0,49631.0
1719260931.4855921,0.0,49631.0
1719260931.6394992,0.0,49631.0
1719260931.8747823,0.0,49631.0
1719260932.0418856,0.0,49631.0
1719260932.264995,0.0,49631.0
1719260932.4900682,0.0,49631.0
1719260932.6739569,0.0,49631.0
1719260932.828217,0.0,49631.0
1719260932.9971442,0.0,49631.0
1719260933.1623487,0.0,49631.0
1719260933.3074067,0.0,49631.0
1719260933.455736,0.0,49631.0
1719260933.6092782,51.0,49631.0
1719260933.7580795,51.0,49631.0
1719260933.9471364,99.0,49631.0
1719260934.118004,99.0,49631.0
1719260934.297633,100.0,49631.0
1719260934.4823647,100.0,49631.0
1719260934.6528885,100.0,49631.0
1719260934.8508265,14.0,49631.0
1719260935.0130181,0.0,49631.0
1719260935.1842773,0.0,49631.0
1719260935.333149,0.0,49631.0
1719260935.4893732,0.0,49631.0
1719260935.668344,0.0,49631.0
1719260935.8384972,0.0,49631.0
1719260936.016108,0.0,49631.0
