timestamp,gpu_util,gpu_mem
1718729258.8859591,26.0,487.0
1718729259.0231287,25.0,487.0
1718729259.1696546,23.0,499.0
1718729259.3191178,32.0,922.0
1718729259.4811766,32.0,996.0
1718729259.631211,10.0,996.0
1718729259.7709177,2.0,996.0
1718729259.9132726,2.0,996.0
1718729260.0517135,2.0,996.0
1718729260.1908126,2.0,996.0
1718729260.3314235,2.0,996.0
1718729260.4607494,2.0,996.0
1718729260.5979095,2.0,996.0
1718729260.7341058,2.0,996.0
1718729260.876426,2.0,996.0
1718729261.0123,2.0,996.0
1718729261.1447542,2.0,996.0
1718729261.2776756,2.0,996.0
1718729261.411858,2.0,998.0
1718729261.5464144,2.0,998.0
1718729261.6792226,2.0,998.0
1718729261.810705,2.0,998.0
1718729261.9468794,2.0,998.0
1718729262.0796273,2.0,998.0
1718729262.2144,1.0,998.0
1718729262.3495586,2.0,998.0
1718729262.485398,2.0,998.0
1718729262.6238914,2.0,998.0
1718729262.7627695,2.0,998.0
1718729262.8950658,2.0,998.0
1718729263.0319757,2.0,998.0
1718729263.1633084,1.0,998.0
1718729263.2937336,1.0,998.0
1718729263.4316819,2.0,998.0
1718729263.5669506,2.0,998.0
1718729263.6996894,2.0,998.0
1718729263.8349166,2.0,998.0
1718729263.967558,2.0,998.0
1718729264.1031063,2.0,998.0
1718729264.2390764,1.0,998.0
1718729264.374426,2.0,998.0
1718729264.5062044,2.0,998.0
1718729264.6427927,2.0,998.0
1718729264.774681,2.0,998.0
1718729264.9086072,2.0,998.0
1718729265.0405667,2.0,998.0
1718729265.1760576,1.0,998.0
1718729265.307482,1.0,998.0
1718729265.4460766,2.0,998.0
1718729265.5824459,2.0,998.0
1718729265.7119915,2.0,998.0
1718729265.844335,2.0,998.0
1718729265.9806526,2.0,998.0
1718729266.1136382,2.0,998.0
1718729266.2486758,1.0,998.0
1718729266.3770669,2.0,998.0
1718729266.5089076,2.0,998.0
1718729266.6445208,2.0,998.0
1718729266.7808459,2.0,998.0
1718729266.9169562,2.0,998.0
1718729267.0491204,2.0,998.0
1718729267.182509,1.0,998.0
1718729267.3181105,1.0,998.0
1718729267.4507184,2.0,998.0
1718729267.5792494,2.0,998.0
1718729267.7098174,2.0,998.0
1718729267.8421583,2.0,998.0
1718729267.9748945,1.0,998.0
1718729268.1102095,1.0,998.0
1718729268.2451408,2.0,998.0
1718729268.3828557,2.0,998.0
1718729268.51409,2.0,998.0
1718729268.6487272,2.0,998.0
1718729268.7834592,2.0,998.0
1718729268.9170394,2.0,998.0
1718729269.049854,1.0,998.0
1718729269.185277,2.0,998.0
1718729269.3199718,2.0,998.0
1718729269.4490683,2.0,998.0
1718729269.5770304,2.0,998.0
1718729269.7063842,2.0,998.0
1718729269.837337,2.0,998.0
1718729269.968993,1.0,998.0
1718729270.1054704,1.0,998.0
1718729270.2367418,2.0,998.0
1718729270.3728778,2.0,998.0
1718729270.5079393,2.0,998.0
1718729270.6459522,2.0,998.0
1718729270.7819538,2.0,998.0
1718729270.9118044,2.0,998.0
1718729271.045092,1.0,998.0
1718729271.1789942,2.0,998.0
1718729271.3157148,2.0,998.0
1718729271.4498243,2.0,998.0
1718729271.585854,2.0,998.0
1718729271.7185,2.0,998.0
1718729271.8544958,2.0,998.0
1718729271.986566,1.0,998.0
1718729272.1205351,1.0,998.0
1718729272.2562878,2.0,998.0
1718729272.3913035,2.0,998.0
1718729272.5250316,2.0,998.0
1718729272.658754,2.0,998.0
1718729272.7877817,2.0,998.0
1718729272.9183626,2.0,998.0
1718729273.0539546,1.0,998.0
1718729273.187605,2.0,998.0
1718729273.3220527,2.0,998.0
1718729273.4583645,2.0,998.0
1718729273.5911746,2.0,998.0
1718729273.725086,2.0,998.0
1718729273.8590794,2.0,998.0
1718729273.9967113,1.0,998.0
1718729274.1295838,2.0,998.0
1718729274.2655945,2.0,998.0
1718729274.398119,2.0,998.0
1718729274.531735,2.0,998.0
1718729274.6656785,2.0,998.0
1718729274.7935784,1.0,998.0
1718729274.9252663,1.0,998.0
1718729275.061156,2.0,998.0
1718729275.194245,2.0,998.0
1718729275.369188,2.0,998.0
1718729275.5809572,2.0,998.0
1718729275.8154323,1.0,998.0
1718729276.0441508,4.0,998.0
1718729276.2866924,4.0,998.0
1718729276.463948,6.0,998.0
1718729276.6771615,9.0,998.0
1718729276.999056,10.0,998.0
1718729277.2078533,12.0,998.0
1718729277.3550408,37.0,998.0
1718729277.5051913,33.0,998.0
1718729277.6944594,33.0,998.0
1718729277.8552284,37.0,998.0
1718729278.017163,38.0,998.0
1718729278.1759467,38.0,998.0
1718729278.3397675,37.0,998.0
1718729278.5280802,35.0,998.0
1718729278.7118063,34.0,998.0
1718729278.927792,37.0,998.0
1718729279.2037833,39.0,998.0
1718729279.4292076,37.0,998.0
1718729279.5999649,36.0,998.0
1718729279.7886574,38.0,998.0
1718729279.979372,35.0,998.0
1718729280.1394622,34.0,998.0
1718729280.314322,25.0,998.0
1718729280.4789894,26.0,998.0
1718729280.6997948,30.0,998.0
1718729281.0037723,25.0,998.0
1718729281.1919372,28.0,998.0
1718729281.3391204,26.0,998.0
1718729281.4784253,26.0,998.0
1718729281.6152194,25.0,998.0
1718729281.749451,25.0,998.0
1718729281.8809066,25.0,998.0
1718729282.016355,25.0,998.0
1718729282.1517894,27.0,998.0
1718729282.3638096,26.0,998.0
1718729282.6346703,29.0,998.0
1718729282.8587933,31.0,998.0
1718729283.1510782,29.0,998.0
1718729283.355462,26.0,998.0
1718729283.5634835,27.0,998.0
1718729283.8354142,32.0,998.0
1718729284.04496,29.0,998.0
1718729284.2478924,28.0,998.0
1718729284.4105277,24.0,998.0
1718729284.5858731,26.0,998.0
1718729284.770518,27.0,998.0
1718729284.928004,27.0,998.0
1718729285.1075282,27.0,998.0
1718729285.27557,27.0,998.0
1718729285.4523845,24.0,998.0
1718729285.6349585,22.0,998.0
1718729285.8427064,29.0,998.0
1718729286.2077153,27.0,998.0
1718729286.3741689,23.0,998.0
1718729286.5275462,22.0,998.0
1718729286.7197058,24.0,998.0
1718729286.899048,24.0,998.0
1718729287.0831575,25.0,998.0
1718729287.2890625,24.0,998.0
1718729287.4752324,26.0,998.0
1718729287.7117991,28.0,998.0
1718729287.9957688,28.0,998.0
1718729288.188254,26.0,998.0
1718729288.32611,21.0,998.0
1718729288.464279,21.0,998.0
1718729288.6019127,23.0,998.0
1718729288.736318,24.0,998.0
1718729288.880609,24.0,998.0
1718729289.0157022,24.0,998.0
1718729289.1491125,23.0,998.0
1718729289.283706,23.0,998.0
1718729289.41691,21.0,998.0
1718729289.5526564,26.0,998.0
1718729289.6880965,26.0,998.0
1718729289.8231666,25.0,998.0
1718729289.9625883,26.0,998.0
1718729290.095301,26.0,998.0
1718729290.231708,22.0,998.0
1718729290.363704,20.0,998.0
1718729290.498858,20.0,998.0
1718729290.631716,21.0,998.0
1718729290.7677522,21.0,998.0
1718729290.903307,21.0,998.0
1718729291.0366247,21.0,998.0
1718729291.1700025,20.0,998.0
1718729291.3037636,20.0,998.0
1718729291.4369626,19.0,998.0
1718729291.5701838,21.0,998.0
1718729291.7120225,21.0,998.0
1718729291.8454425,21.0,998.0
1718729291.9782019,21.0,998.0
1718729292.1184595,21.0,998.0
1718729292.252189,18.0,998.0
1718729292.3842027,20.0,998.0
1718729292.5193822,20.0,998.0
1718729292.655327,21.0,998.0
1718729292.790161,21.0,998.0
1718729292.9245932,21.0,998.0
1718729293.061425,21.0,998.0
1718729293.1959057,17.0,998.0
1718729293.329288,21.0,998.0
1718729293.4641552,21.0,998.0
1718729293.5998504,21.0,998.0
1718729293.7388947,21.0,998.0
1718729293.8751717,21.0,998.0
1718729294.009394,20.0,998.0
1718729294.142545,17.0,998.0
1718729294.2821639,17.0,998.0
1718729294.4169831,22.0,998.0
1718729294.551185,22.0,998.0
1718729294.6864128,22.0,998.0
1718729294.8225977,22.0,998.0
1718729294.957376,21.0,998.0
1718729295.090336,21.0,998.0
1718729295.223526,18.0,998.0
1718729295.3558097,22.0,998.0
1718729295.4891632,22.0,998.0
1718729295.6221962,22.0,998.0
1718729295.754616,21.0,998.0
1718729295.8877077,21.0,998.0
1718729296.0250897,19.0,998.0
1718729296.1609209,18.0,998.0
1718729296.2928107,18.0,998.0
1718729296.4262445,22.0,998.0
1718729296.5605595,21.0,998.0
1718729296.6982129,21.0,998.0
1718729296.8338006,20.0,998.0
1718729296.9667373,22.0,998.0
1718729297.1019986,22.0,998.0
1718729297.234985,19.0,998.0
1718729297.3680272,21.0,998.0
1718729297.499716,21.0,998.0
1718729297.63237,21.0,998.0
1718729297.7643564,21.0,998.0
1718729297.8981595,21.0,998.0
1718729298.032805,18.0,998.0
1718729298.1669855,20.0,998.0
1718729298.2997236,20.0,998.0
1718729298.4332592,21.0,998.0
1718729298.568006,21.0,998.0
1718729298.703171,21.0,998.0
1718729298.835692,21.0,998.0
1718729298.9685674,17.0,998.0
1718729299.099769,17.0,998.0
1718729299.2334077,20.0,998.0
1718729299.3694537,21.0,998.0
1718729299.504793,21.0,998.0
1718729299.6398501,21.0,998.0
1718729299.7751424,20.0,998.0
1718729299.9101696,20.0,998.0
1718729300.043828,17.0,998.0
1718729300.1762874,21.0,998.0
1718729300.3096402,21.0,998.0
1718729300.4443362,21.0,998.0
1718729300.5804317,21.0,998.0
1718729300.7153895,21.0,998.0
1718729300.8496516,20.0,998.0
1718729300.9842448,18.0,998.0
1718729301.1168916,18.0,998.0
1718729301.2487922,22.0,998.0
1718729301.382619,22.0,998.0
1718729301.5162528,22.0,998.0
1718729301.649701,22.0,998.0
1718729301.78408,21.0,998.0
1718729301.9184976,21.0,998.0
1718729302.0522687,20.0,998.0
1718729302.1861033,22.0,998.0
1718729302.3225603,22.0,998.0
1718729302.4574316,22.0,998.0
1718729302.591123,21.0,998.0
1718729302.7278233,20.0,998.0
1718729302.8628907,20.0,998.0
1718729302.9964805,20.0,998.0
1718729303.1314175,23.0,998.0
1718729303.2664208,23.0,998.0
1718729303.4016623,23.0,998.0
1718729303.53807,23.0,998.0
1718729303.6736746,23.0,998.0
1718729303.8082447,21.0,998.0
1718729303.9443398,21.0,998.0
1718729304.079429,21.0,998.0
1718729304.2145786,23.0,998.0
1718729304.3505557,23.0,998.0
1718729304.4872804,23.0,998.0
1718729304.6212933,23.0,998.0
1718729304.7556446,20.0,998.0
1718729304.8905184,20.0,998.0
1718729305.0260365,22.0,998.0
1718729305.1595747,23.0,998.0
1718729305.2927284,23.0,998.0
1718729305.4262033,23.0,998.0
1718729305.559969,23.0,998.0
1718729305.6949868,23.0,998.0
1718729305.8310866,19.0,998.0
1718729305.9670398,24.0,998.0
1718729306.1015737,24.0,998.0
1718729306.2368686,23.0,998.0
1718729306.372089,24.0,998.0
1718729306.5077045,24.0,998.0
1718729306.642407,23.0,998.0
1718729306.7771027,19.0,998.0
1718729306.9138322,19.0,998.0
1718729307.0499873,24.0,998.0
1718729307.1835384,23.0,998.0
1718729307.3187783,23.0,998.0
1718729307.457045,23.0,998.0
1718729307.5915895,23.0,998.0
1718729307.7253726,22.0,998.0
1718729307.860032,22.0,998.0
1718729307.9968436,25.0,998.0
1718729308.1328266,25.0,998.0
1718729308.2675571,25.0,998.0
1718729308.401757,24.0,998.0
1718729308.5388808,22.0,998.0
1718729308.6742897,22.0,998.0
1718729308.8088295,22.0,998.0
1718729308.945624,24.0,998.0
1718729309.0800235,24.0,998.0
1718729309.2125287,26.0,998.0
1718729309.3473535,23.0,998.0
1718729309.4821088,23.0,998.0
1718729309.6192513,22.0,998.0
1718729309.752596,23.0,998.0
1718729309.8877268,23.0,998.0
1718729310.020589,25.0,998.0
1718729310.1516306,25.0,998.0
1718729310.284287,25.0,998.0
1718729310.4197109,23.0,998.0
1718729310.5585666,21.0,998.0
1718729310.698128,21.0,998.0
1718729310.8321047,22.0,998.0
1718729310.9726334,23.0,998.0
1718729311.107596,23.0,998.0
1718729311.2460065,23.0,998.0
1718729311.3797097,22.0,998.0
1718729311.5156605,22.0,998.0
1718729311.6479664,19.0,998.0
1718729311.7824492,23.0,998.0
1718729311.9172268,65.0,1002.0
1718729312.0615916,65.0,1002.0
1718729312.196336,97.0,998.0
1718729312.3289845,14.0,998.0
1718729312.4663503,14.0,998.0
1718729312.5965414,7.0,998.0
1718729312.7294147,2.0,998.0
1718729312.8620667,2.0,998.0
1718729312.994103,2.0,998.0
1718729313.1306489,2.0,998.0
1718729313.2620032,2.0,998.0
1718729313.3941922,2.0,998.0
1718729313.5273132,1.0,998.0
1718729313.6598423,1.0,998.0
1718729313.7944999,2.0,998.0
1718729313.9265034,2.0,998.0
1718729314.0592396,2.0,998.0
1718729314.1932635,7.0,998.0
1718729314.3304036,7.0,998.0
1718729314.463707,7.0,998.0
1718729314.5982623,6.0,998.0
1718729314.7263358,7.0,998.0
1718729314.859669,7.0,998.0
1718729314.9928563,7.0,998.0
1718729315.129285,9.0,998.0
1718729315.260832,9.0,998.0
1718729315.3948774,8.0,998.0
1718729315.5322733,7.0,998.0
1718729315.6674583,7.0,998.0
1718729315.8034565,21.0,998.0
1718729315.9373484,24.0,998.0
1718729316.0724351,24.0,998.0
1718729316.2076333,22.0,998.0
1718729316.3406432,21.0,998.0
1718729316.4766526,21.0,998.0
1718729316.6108997,22.0,998.0
1718729316.7474015,23.0,998.0
1718729316.8826597,23.0,998.0
1718729317.016562,24.0,998.0
1718729317.1511514,24.0,998.0
1718729317.2882872,24.0,998.0
1718729317.4306934,19.0,1000.0
1718729317.5664258,27.0,1000.0
1718729317.6996374,27.0,1000.0
1718729317.8337538,24.0,1000.0
1718729317.970413,24.0,1000.0
1718729318.1057208,24.0,1000.0
1718729318.241611,23.0,1000.0
1718729318.3767056,20.0,1000.0
1718729318.516932,23.0,1000.0
1718729318.651704,23.0,1000.0
1718729318.7856748,23.0,1000.0
1718729318.9241004,23.0,1000.0
1718729319.059418,23.0,1000.0
1718729319.1954646,22.0,1000.0
1718729319.3332603,19.0,1000.0
1718729319.4683802,19.0,1000.0
1718729319.6055923,23.0,1000.0
1718729319.740499,23.0,1000.0
1718729319.8757079,23.0,1000.0
1718729320.013642,22.0,1000.0
1718729320.1487865,21.0,1000.0
1718729320.283395,21.0,1000.0
1718729320.4195147,20.0,1000.0
1718729320.5557828,23.0,1000.0
1718729320.6922374,23.0,1000.0
1718729320.8277159,26.0,1000.0
1718729320.9652963,24.0,1000.0
1718729321.0965505,24.0,1000.0
1718729321.2331781,21.0,1000.0
1718729321.3679934,21.0,1000.0
1718729321.504298,21.0,1000.0
1718729321.6423755,24.0,1000.0
1718729321.775658,25.0,1000.0
1718729321.9103112,25.0,1000.0
1718729322.0450268,23.0,1000.0
1718729322.1826136,23.0,998.0
1718729322.3140795,23.0,998.0
1718729322.450418,23.0,998.0
1718729322.5858204,24.0,998.0
1718729322.7263434,24.0,998.0
1718729322.860294,24.0,998.0
1718729322.992908,23.0,998.0
1718729323.129435,20.0,998.0
1718729323.2648103,20.0,998.0
1718729323.3996563,23.0,998.0
1718729323.536374,24.0,998.0
1718729323.6711013,24.0,998.0
1718729323.8097885,23.0,998.0
1718729323.9470131,24.0,998.0
1718729324.0811908,24.0,998.0
1718729324.2195094,20.0,998.0
1718729324.3536568,24.0,998.0
1718729324.4884772,24.0,998.0
1718729324.623089,24.0,998.0
1718729324.7610245,24.0,998.0
1718729324.8928366,24.0,998.0
1718729325.0267785,23.0,998.0
1718729325.1600735,20.0,998.0
1718729325.2917094,20.0,998.0
1718729325.4332147,23.0,998.0
1718729325.5739555,23.0,998.0
1718729325.706864,23.0,998.0
1718729325.840665,23.0,998.0
1718729325.9753978,22.0,998.0
1718729326.1089919,22.0,998.0
1718729326.243366,20.0,998.0
1718729326.375372,23.0,998.0
1718729326.5151231,23.0,998.0
1718729326.6490054,23.0,998.0
1718729326.7827964,23.0,998.0
1718729326.9157057,21.0,998.0
1718729327.047722,21.0,998.0
1718729327.1854975,20.0,998.0
1718729327.321291,23.0,998.0
1718729327.45571,23.0,998.0
1718729327.5873911,23.0,998.0
1718729327.7210348,22.0,998.0
1718729327.861542,22.0,998.0
1718729327.9954143,21.0,998.0
1718729328.1273878,21.0,998.0
1718729328.2648199,21.0,998.0
1718729328.3993673,24.0,998.0
1718729328.5316887,24.0,998.0
1718729328.6644843,24.0,998.0
1718729328.8001328,23.0,998.0
1718729328.936244,20.0,998.0
1718729329.0710056,20.0,998.0
1718729329.2044864,25.0,998.0
1718729329.3384616,26.0,998.0
1718729329.474192,26.0,998.0
1718729329.6087399,25.0,998.0
1718729329.7434945,24.0,998.0
1718729329.8783917,24.0,998.0
1718729330.0139322,21.0,998.0
1718729330.1504138,24.0,998.0
1718729330.285274,24.0,998.0
1718729330.4186184,24.0,998.0
1718729330.5535374,23.0,998.0
1718729330.6908488,23.0,998.0
1718729330.8257918,23.0,998.0
1718729330.9600527,20.0,998.0
1718729331.093317,20.0,998.0
1718729331.2275252,23.0,998.0
1718729331.3632078,23.0,998.0
1718729331.499205,23.0,998.0
1718729331.634503,23.0,998.0
1718729331.7706568,23.0,998.0
1718729331.9077034,23.0,998.0
1718729332.0408354,20.0,998.0
1718729332.180053,23.0,998.0
1718729332.3151002,23.0,998.0
1718729332.4527125,23.0,998.0
1718729332.5867436,23.0,998.0
1718729332.7218091,21.0,998.0
1718729332.8590877,21.0,998.0
1718729332.9931788,21.0,998.0
1718729333.1290758,24.0,998.0
1718729333.265245,24.0,998.0
1718729333.4008186,23.0,998.0
1718729333.5361564,24.0,998.0
1718729333.6711576,24.0,998.0
1718729333.8078005,20.0,998.0
1718729333.9440079,22.0,998.0
1718729334.0775476,22.0,998.0
1718729334.2132435,23.0,998.0
1718729334.3492925,23.0,998.0
1718729334.4838955,23.0,998.0
1718729334.6192229,23.0,998.0
1718729334.753691,21.0,998.0
1718729334.8892198,21.0,998.0
1718729335.026355,22.0,998.0
1718729335.1613147,27.0,998.0
1718729335.2966013,27.0,998.0
1718729335.4321218,25.0,998.0
1718729335.5691423,26.0,998.0
1718729335.7051866,26.0,998.0
1718729335.8397386,23.0,998.0
1718729335.9759555,24.0,998.0
1718729336.111979,27.0,998.0
1718729336.2469544,27.0,998.0
1718729336.3826332,26.0,998.0
1718729336.516905,25.0,998.0
1718729336.656751,25.0,998.0
1718729336.7902315,21.0,998.0
1718729336.9233313,24.0,998.0
1718729337.0597167,24.0,998.0
1718729337.1956882,24.0,998.0
1718729337.3281252,25.0,998.0
1718729337.4633868,25.0,998.0
1718729337.5993505,23.0,998.0
1718729337.7332659,21.0,998.0
1718729337.8685615,21.0,998.0
1718729337.9991949,25.0,998.0
1718729338.129808,25.0,998.0
1718729338.258767,25.0,998.0
1718729338.3865073,24.0,998.0
1718729338.5142043,23.0,998.0
1718729338.6494713,23.0,998.0
1718729338.778329,20.0,998.0
1718729338.9108043,20.0,998.0
1718729339.0410733,24.0,998.0
1718729339.1705203,25.0,998.0
1718729339.299835,25.0,998.0
1718729339.4293885,24.0,998.0
1718729339.557773,22.0,998.0
1718729339.6866066,22.0,998.0
1718729339.8163555,21.0,998.0
1718729339.9460423,24.0,998.0
1718729340.074975,24.0,998.0
1718729340.2083998,25.0,998.0
1718729340.3437018,24.0,998.0
1718729340.474304,24.0,998.0
1718729340.6057763,22.0,994.0
1718729340.738112,23.0,994.0
1718729340.8689902,23.0,994.0
1718729341.0031283,24.0,994.0
1718729341.139719,24.0,994.0
1718729341.2714727,24.0,994.0
1718729341.403074,24.0,994.0
1718729341.534006,22.0,994.0
1718729341.666083,22.0,994.0
1718729341.7967584,25.0,994.0
1718729341.93281,26.0,994.0
1718729342.066946,26.0,994.0
1718729342.1983733,25.0,994.0
1718729342.3311524,23.0,994.0
1718729342.4625533,23.0,994.0
1718729342.593267,21.0,994.0
1718729342.7270224,24.0,994.0
1718729342.861421,24.0,994.0
1718729342.9935086,24.0,994.0
1718729343.1259444,26.0,994.0
1718729343.2626603,26.0,994.0
1718729343.3991766,24.0,994.0
1718729343.5313792,21.0,994.0
1718729343.6632984,21.0,994.0
1718729343.7955067,24.0,994.0
1718729343.9268298,24.0,994.0
1718729344.0582128,24.0,994.0
1718729344.1910949,24.0,994.0
1718729344.3237133,24.0,994.0
1718729344.4572906,24.0,994.0
1718729344.5924928,21.0,994.0
1718729344.72316,24.0,994.0
1718729344.8532913,24.0,994.0
1718729344.9858882,25.0,994.0
1718729345.122998,25.0,994.0
1718729345.2551248,25.0,994.0
1718729345.3865514,23.0,994.0
1718729345.5198448,22.0,994.0
1718729345.651652,22.0,994.0
1718729345.7844236,24.0,994.0
1718729345.9193873,25.0,994.0
1718729346.054115,25.0,994.0
1718729346.188204,24.0,994.0
1718729346.3240676,21.0,994.0
1718729346.4590428,21.0,994.0
1718729346.5910585,21.0,994.0
1718729346.7266374,24.0,994.0
1718729346.8623178,24.0,994.0
1718729346.9958065,24.0,994.0
1718729347.1318178,23.0,994.0
1718729347.2633023,23.0,994.0
1718729347.395056,20.0,994.0
1718729347.5250728,23.0,994.0
1718729347.6569798,23.0,994.0
1718729347.788265,24.0,994.0
1718729347.9192512,23.0,994.0
1718729348.052911,23.0,994.0
1718729348.187305,23.0,994.0
1718729348.3193157,19.0,994.0
1718729348.4522996,19.0,994.0
1718729348.5836682,22.0,994.0
1718729348.7150602,23.0,994.0
1718729348.8462722,23.0,994.0
1718729348.9820395,24.0,994.0
1718729349.116838,24.0,994.0
1718729349.252246,24.0,994.0
1718729349.3856885,20.0,994.0
1718729349.5239043,24.0,994.0
1718729349.6594348,24.0,994.0
1718729349.7950945,25.0,994.0
1718729349.9294696,25.0,994.0
1718729350.0615,25.0,994.0
1718729350.1966093,23.0,994.0
1718729350.340226,21.0,994.0
1718729350.4728942,21.0,994.0
1718729350.6152208,24.0,994.0
1718729350.7542417,24.0,994.0
1718729350.8883936,24.0,994.0
1718729351.021066,24.0,994.0
1718729351.156303,22.0,994.0
1718729351.2911916,22.0,994.0
1718729351.4274874,21.0,994.0
1718729351.561155,25.0,994.0
1718729351.6963525,25.0,994.0
1718729351.8310912,24.0,994.0
1718729351.9727561,25.0,994.0
1718729352.1078646,22.0,994.0
1718729352.242141,22.0,994.0
1718729352.379699,21.0,994.0
1718729352.5151143,24.0,994.0
1718729352.6495242,24.0,994.0
1718729352.790431,24.0,994.0
1718729352.9250443,24.0,994.0
1718729353.0599833,24.0,994.0
1718729353.1933942,21.0,994.0
1718729353.3350525,21.0,994.0
1718729353.4691286,21.0,994.0
1718729353.6036327,23.0,994.0
1718729353.738466,25.0,994.0
1718729353.880976,25.0,994.0
1718729354.0156546,24.0,994.0
1718729354.161145,20.0,994.0
1718729354.2989237,20.0,994.0
1718729354.4330752,23.0,994.0
1718729354.5674264,23.0,994.0
1718729354.7031417,24.0,994.0
1718729354.8378172,24.0,994.0
1718729354.9791884,24.0,994.0
1718729355.1141338,20.0,994.0
1718729355.2494998,20.0,994.0
1718729355.382589,22.0,994.0
1718729355.5141737,24.0,994.0
1718729355.6467211,24.0,994.0
1718729355.780642,24.0,994.0
1718729355.921578,24.0,994.0
1718729356.0553207,24.0,994.0
1718729356.1901639,20.0,994.0
1718729356.3245053,24.0,994.0
1718729356.4576576,24.0,994.0
1718729356.593886,26.0,994.0
1718729356.7281003,25.0,994.0
1718729356.8633585,25.0,994.0
1718729357.0018456,24.0,994.0
1718729357.1351728,21.0,994.0
1718729357.2727008,21.0,994.0
1718729357.4063518,25.0,994.0
1718729357.5477123,25.0,994.0
1718729357.6820147,25.0,994.0
1718729357.8178468,25.0,994.0
1718729357.9567196,23.0,994.0
1718729358.0928702,23.0,994.0
1718729358.2317147,21.0,994.0
1718729358.3651364,25.0,994.0
1718729358.5040727,25.0,994.0
1718729358.6364286,25.0,994.0
1718729358.7673323,25.0,994.0
1718729358.9021018,25.0,994.0
1718729359.0315464,23.0,994.0
1718729359.1652923,22.0,994.0
1718729359.299322,22.0,994.0
1718729359.4354172,24.0,994.0
1718729359.5706549,25.0,994.0
1718729359.7051811,22.0,994.0
1718729359.8406494,22.0,994.0
1718729359.9818668,22.0,994.0
1718729360.1164706,21.0,994.0
1718729360.252167,21.0,994.0
1718729360.3902893,23.0,994.0
1718729360.5254838,23.0,994.0
1718729360.6594584,23.0,994.0
1718729360.797692,23.0,994.0
1718729360.9325922,20.0,994.0
1718729361.06742,20.0,994.0
1718729361.2025328,21.0,994.0
1718729361.3405936,23.0,994.0
1718729361.4734883,23.0,994.0
1718729361.6090798,23.0,994.0
1718729361.7435863,22.0,994.0
1718729361.8798265,22.0,994.0
1718729362.0133095,19.0,994.0
1718729362.1501462,22.0,994.0
1718729362.2852511,22.0,994.0
1718729362.4217572,23.0,994.0
1718729362.555309,25.0,994.0
1718729362.6896112,25.0,994.0
1718729362.8254516,22.0,994.0
1718729362.9679713,19.0,994.0
1718729363.105679,23.0,994.0
1718729363.238547,23.0,994.0
1718729363.3721313,23.0,994.0
1718729363.5106194,23.0,994.0
1718729363.6455424,23.0,994.0
1718729363.7786064,23.0,994.0
1718729363.9144063,20.0,994.0
1718729364.0501652,20.0,994.0
1718729364.1838233,24.0,994.0
1718729364.3179219,25.0,994.0
1718729364.4525495,25.0,994.0
1718729364.5876696,25.0,994.0
1718729364.7292717,22.0,994.0
1718729364.8621092,22.0,994.0
1718729364.99725,21.0,994.0
1718729365.1414897,24.0,994.0
1718729365.2750037,24.0,994.0
1718729365.4094582,23.0,994.0
1718729365.5442696,22.0,994.0
1718729365.6803164,22.0,994.0
1718729365.8153322,21.0,994.0
1718729365.9507422,21.0,994.0
1718729366.0870762,21.0,994.0
1718729366.2233262,22.0,994.0
1718729366.3576605,22.0,994.0
1718729366.4934072,22.0,994.0
1718729366.6283557,22.0,994.0
1718729366.7665927,20.0,994.0
1718729366.8999934,20.0,994.0
1718729367.0323079,22.0,994.0
1718729367.166827,23.0,994.0
1718729367.3006284,22.0,994.0
1718729367.4446006,22.0,994.0
1718729367.5791526,22.0,994.0
1718729367.713925,19.0,994.0
1718729367.850088,19.0,994.0
1718729367.9843583,22.0,994.0
1718729368.118585,24.0,994.0
1718729368.2530224,24.0,994.0
1718729368.3913553,24.0,994.0
1718729368.5234642,22.0,994.0
1718729368.6577978,22.0,994.0
1718729368.7920673,18.0,994.0
1718729368.933818,22.0,994.0
1718729369.0712333,22.0,994.0
1718729369.2043934,23.0,994.0
1718729369.3422806,22.0,994.0
1718729369.4782054,22.0,994.0
1718729369.6117356,23.0,994.0
1718729369.7490144,19.0,994.0
1718729369.884838,19.0,994.0
1718729370.0210402,23.0,994.0
1718729370.154641,23.0,994.0
1718729370.2889724,23.0,994.0
1718729370.4239464,22.0,994.0
1718729370.5594723,23.0,994.0
1718729370.6955028,23.0,994.0
1718729370.8307235,21.0,994.0
1718729370.967326,25.0,994.0
1718729371.1014934,24.0,994.0
1718729371.2365727,24.0,994.0
1718729371.3725665,24.0,994.0
1718729371.5058389,23.0,994.0
1718729371.6382644,23.0,994.0
1718729371.774891,21.0,994.0
1718729371.9078438,24.0,994.0
1718729372.0405571,24.0,994.0
1718729372.175983,24.0,994.0
1718729372.3100536,22.0,994.0
1718729372.4430282,22.0,994.0
1718729372.577291,20.0,994.0
1718729372.71119,20.0,994.0
1718729372.8448129,20.0,994.0
1718729372.9788237,21.0,994.0
1718729373.1154923,21.0,994.0
1718729373.2494528,21.0,994.0
1718729373.381225,20.0,994.0
1718729373.5178847,19.0,994.0
1718729373.6505518,19.0,994.0
1718729373.783644,20.0,994.0
1718729373.9192731,21.0,994.0
1718729374.0565736,21.0,994.0
1718729374.1904147,21.0,994.0
1718729374.323548,21.0,994.0
1718729374.4585693,21.0,994.0
1718729374.5909595,19.0,994.0
1718729374.7282252,20.0,994.0
1718729374.8622763,20.0,994.0
1718729374.9953027,22.0,994.0
1718729375.1285517,21.0,994.0
1718729375.264616,21.0,994.0
1718729375.3991153,21.0,994.0
1718729375.5317206,18.0,994.0
1718729375.6644092,18.0,994.0
1718729375.7998784,21.0,994.0
1718729375.9328277,22.0,994.0
1718729376.068235,22.0,994.0
1718729376.2030218,23.0,994.0
1718729376.3372355,22.0,994.0
1718729376.4723623,22.0,994.0
1718729376.6087768,20.0,994.0
1718729376.7443142,24.0,994.0
1718729376.876364,24.0,994.0
1718729377.0108116,23.0,994.0
1718729377.1478858,22.0,994.0
1718729377.2842278,22.0,994.0
1718729377.418912,23.0,994.0
1718729377.553452,22.0,994.0
1718729377.6982088,24.0,994.0
1718729377.8328605,24.0,994.0
1718729377.9673164,24.0,994.0
1718729378.1061761,24.0,994.0
1718729378.2446613,24.0,994.0
1718729378.37879,23.0,994.0
1718729378.5152137,22.0,994.0
1718729378.651399,22.0,994.0
1718729378.785056,24.0,994.0
1718729378.9194894,25.0,994.0
1718729379.0591094,25.0,994.0
1718729379.195591,24.0,994.0
1718729379.3290915,22.0,994.0
1718729379.4623587,22.0,994.0
1718729379.5957162,22.0,994.0
1718729379.7284672,24.0,994.0
1718729379.8647213,24.0,994.0
1718729379.9985585,24.0,994.0
1718729380.1316583,23.0,994.0
1718729380.2661736,23.0,994.0
1718729380.4029155,21.0,994.0
1718729380.5368884,23.0,994.0
1718729380.6716366,23.0,994.0
1718729380.8061116,24.0,994.0
1718729380.9420972,26.0,994.0
1718729381.0759015,26.0,994.0
1718729381.2104938,24.0,994.0
1718729381.346444,21.0,994.0
1718729381.4834425,21.0,994.0
1718729381.618596,24.0,994.0
1718729381.7532027,24.0,994.0
1718729381.8872602,24.0,994.0
1718729382.0230687,24.0,994.0
1718729382.1575472,23.0,994.0
1718729382.2926145,23.0,994.0
1718729382.4270368,20.0,994.0
1718729382.5627577,23.0,994.0
1718729382.6999454,25.0,994.0
1718729382.8337028,25.0,994.0
1718729382.9709158,24.0,994.0
1718729383.1089969,23.0,994.0
1718729383.2441335,23.0,994.0
1718729383.3793032,21.0,994.0
1718729383.5123794,25.0,994.0
1718729383.64836,25.0,994.0
1718729383.7906864,23.0,994.0
1718729383.9251413,22.0,994.0
1718729384.0592668,22.0,994.0
1718729384.191712,21.0,994.0
1718729384.3242528,20.0,994.0
1718729384.4605796,20.0,994.0
1718729384.5949016,24.0,994.0
1718729384.7265196,23.0,994.0
1718729384.8606906,23.0,994.0
1718729384.9956949,26.0,994.0
1718729385.130702,24.0,994.0
1718729385.2631326,24.0,994.0
1718729385.4008558,25.0,994.0
1718729385.5361009,26.0,994.0
1718729385.6728702,26.0,994.0
1718729385.8086004,26.0,994.0
1718729385.9424736,25.0,994.0
1718729386.079621,25.0,994.0
1718729386.212254,22.0,994.0
1718729386.3463607,24.0,994.0
1718729386.4782848,24.0,994.0
1718729386.6157246,24.0,994.0
1718729386.7493725,24.0,994.0
1718729386.8813584,24.0,994.0
1718729387.0152228,24.0,994.0
1718729387.1502051,20.0,994.0
1718729387.2857046,20.0,994.0
1718729387.4183652,23.0,994.0
1718729387.5515733,24.0,994.0
1718729387.6855593,24.0,994.0
1718729387.8190734,23.0,994.0
1718729387.9548564,22.0,995.0
1718729388.0876575,22.0,995.0
1718729388.2202945,23.0,995.0
1718729388.3543985,25.0,995.0
1718729388.4877696,25.0,995.0
1718729388.6246145,24.0,995.0
1718729388.7577307,25.0,995.0
1718729388.8910735,25.0,995.0
1718729389.0263572,23.0,995.0
1718729389.161775,21.0,995.0
1718729389.2970455,25.0,995.0
1718729389.4320607,25.0,995.0
1718729389.5653572,25.0,995.0
1718729389.703013,26.0,995.0
1718729389.839019,26.0,995.0
1718729389.9735498,23.0,995.0
1718729390.1074939,23.0,995.0
1718729390.2437508,23.0,995.0
1718729390.3767943,24.0,995.0
1718729390.5123074,26.0,995.0
1718729390.6467946,26.0,995.0
1718729390.7869775,24.0,995.0
1718729390.920759,23.0,995.0
1718729391.0558538,23.0,995.0
1718729391.190309,24.0,995.0
1718729391.328554,26.0,995.0
1718729391.4655173,26.0,995.0
1718729391.598413,26.0,995.0
1718729391.7323167,24.0,995.0
1718729391.865529,24.0,995.0
1718729392.0011287,22.0,995.0
1718729392.1342797,24.0,995.0
1718729392.2676346,24.0,995.0
1718729392.4007776,26.0,995.0
1718729392.5369945,24.0,995.0
1718729392.6673033,24.0,995.0
1718729392.8047023,24.0,995.0
1718729392.9369705,20.0,995.0
1718729393.070803,20.0,995.0
1718729393.2034826,24.0,995.0
1718729393.3368583,24.0,995.0
1718729393.4705796,24.0,995.0
1718729393.6036227,23.0,995.0
1718729393.7450676,23.0,995.0
1718729393.8789594,23.0,995.0
1718729394.0132296,21.0,995.0
1718729394.1462424,23.0,995.0
1718729394.2810645,23.0,995.0
1718729394.418121,23.0,995.0
1718729394.551007,24.0,995.0
1718729394.6864986,24.0,995.0
1718729394.8205752,22.0,995.0
1718729394.9582078,19.0,995.0
1718729395.0911262,23.0,995.0
1718729395.2255766,23.0,995.0
1718729395.3600242,22.0,995.0
1718729395.4981997,23.0,995.0
1718729395.6314075,23.0,995.0
1718729395.7675748,22.0,995.0
1718729395.90237,20.0,995.0
1718729396.0375009,20.0,995.0
1718729396.1772575,24.0,995.0
1718729396.3111467,23.0,995.0
1718729396.4456189,23.0,995.0
1718729396.5828395,23.0,995.0
1718729396.7132564,21.0,995.0
1718729396.8484967,21.0,995.0
1718729396.983659,21.0,995.0
1718729397.1196299,23.0,995.0
1718729397.2564929,23.0,995.0
1718729397.3946753,23.0,995.0
1718729397.5313668,22.0,995.0
1718729397.6671553,22.0,995.0
1718729397.8022175,20.0,995.0
1718729397.9365582,21.0,995.0
1718729398.070287,21.0,995.0
1718729398.2050226,23.0,995.0
1718729398.3402338,21.0,995.0
1718729398.4753735,21.0,995.0
1718729398.609274,21.0,995.0
1718729398.7451928,23.0,995.0
1718729398.8816411,23.0,995.0
1718729399.0171328,26.0,995.0
1718729399.1521842,27.0,995.0
1718729399.2873378,27.0,995.0
1718729399.4210162,27.0,995.0
1718729399.5652285,27.0,995.0
1718729399.698781,24.0,995.0
1718729399.833687,24.0,995.0
1718729399.9694982,27.0,995.0
1718729400.1046689,27.0,995.0
1718729400.2389672,27.0,995.0
1718729400.3740373,27.0,995.0
1718729400.5126789,25.0,995.0
1718729400.648107,25.0,995.0
1718729400.783043,21.0,995.0
1718729400.924531,23.0,995.0
1718729401.0591857,23.0,995.0
1718729401.1945457,23.0,995.0
1718729401.3297312,22.0,995.0
1718729401.4651399,22.0,995.0
1718729401.6032944,22.0,995.0
1718729401.7388709,19.0,995.0
1718729401.8757088,19.0,995.0
1718729402.0114663,24.0,995.0
1718729402.1470037,23.0,995.0
1718729402.280786,23.0,995.0
1718729402.4169943,23.0,995.0
1718729402.5522401,21.0,995.0
1718729402.6874032,21.0,995.0
1718729402.8209717,20.0,995.0
1718729402.9551477,23.0,995.0
1718729403.0901995,23.0,995.0
1718729403.2246978,23.0,995.0
1718729403.359843,21.0,995.0
1718729403.4940658,19.0,995.0
1718729403.6319938,19.0,995.0
1718729403.761655,18.0,995.0
1718729403.8968387,21.0,995.0
1718729404.0291448,21.0,995.0
1718729404.1635013,20.0,995.0
1718729404.2981842,21.0,995.0
1718729404.4320977,21.0,995.0
1718729404.5666397,18.0,995.0
1718729404.7010427,19.0,995.0
1718729404.836009,19.0,995.0
1718729404.9708989,20.0,995.0
1718729405.1072981,20.0,995.0
1718729405.2393966,20.0,995.0
1718729405.3752863,20.0,995.0
1718729405.5091033,17.0,995.0
1718729405.6449103,17.0,995.0
1718729405.7778134,20.0,995.0
1718729405.909031,21.0,995.0
1718729406.041898,21.0,995.0
1718729406.1743486,21.0,995.0
1718729406.3072686,25.0,964.0
1718729406.4425495,25.0,984.0
1718729406.5768776,67.0,995.0
1718729406.7102385,65.0,964.0
1718729406.8443856,65.0,964.0
1718729406.9768147,23.0,977.0
1718729407.110987,23.0,977.0
1718729407.2429383,23.0,977.0
1718729407.3749304,21.0,977.0
1718729407.5089831,2.0,977.0
1718729407.638892,2.0,977.0
1718729407.768724,0.0,977.0
1718729407.9016175,1.0,977.0
1718729408.0342674,1.0,977.0
1718729408.1626742,0.0,977.0
1718729408.2946298,0.0,977.0
1718729408.4263868,0.0,977.0
1718729408.5610924,0.0,977.0
1718729408.6953425,0.0,977.0
1718729408.8262923,0.0,977.0
1718729408.9621098,0.0,967.0
1718729409.0986757,1.0,967.0
1718729409.2296097,1.0,967.0
1718729409.359839,0.0,967.0
1718729409.4991047,0.0,967.0
1718729409.632677,0.0,967.0
1718729409.7637637,0.0,967.0
1718729409.9019558,0.0,967.0
1718729410.0344517,0.0,967.0
1718729410.1668744,0.0,967.0
1718729410.2978525,0.0,967.0
1718729410.4293175,0.0,967.0
1718729410.5634496,0.0,967.0
1718729410.6957436,0.0,967.0
1718729410.827365,0.0,967.0
1718729410.9589016,0.0,967.0
1718729411.0903294,0.0,967.0
1718729411.2217028,0.0,967.0
1718729411.3556101,0.0,967.0
1718729411.4923465,0.0,967.0
1718729411.6234546,0.0,967.0
1718729411.754002,0.0,967.0
1718729411.8859417,0.0,967.0
1718729412.0191522,0.0,967.0
1718729412.1516984,1.0,967.0
1718729412.2862663,0.0,967.0
1718729412.4200556,0.0,967.0
1718729412.5544434,0.0,967.0
1718729412.687719,0.0,967.0
1718729412.8185627,0.0,967.0
1718729412.952159,0.0,967.0
1718729413.083776,0.0,967.0
1718729413.2191043,0.0,967.0
1718729413.3521423,0.0,967.0
1718729413.4834368,0.0,967.0
1718729413.6149735,0.0,967.0
1718729413.7462482,0.0,967.0
1718729413.8797054,0.0,967.0
1718729414.0151536,0.0,967.0
1718729414.1468043,0.0,967.0
1718729414.282461,0.0,967.0
1718729414.4134386,0.0,967.0
1718729414.546114,0.0,967.0
1718729414.6788163,0.0,967.0
1718729414.8106034,0.0,967.0
1718729414.9429393,0.0,967.0
1718729415.0770004,0.0,967.0
1718729415.2100418,0.0,967.0
1718729415.3409665,0.0,967.0
1718729415.4750102,0.0,967.0
1718729415.6076908,0.0,967.0
1718729415.7394052,0.0,967.0
1718729415.87524,0.0,967.0
1718729416.0061145,0.0,967.0
1718729416.1401064,0.0,967.0
1718729416.2747674,0.0,967.0
1718729416.4101849,0.0,967.0
1718729416.5414128,0.0,967.0
1718729416.6754613,0.0,967.0
1718729416.806978,0.0,967.0
1718729416.9422464,0.0,967.0
1718729417.0749478,0.0,967.0
1718729417.2101374,0.0,967.0
1718729417.3395658,0.0,967.0
1718729417.4746578,0.0,967.0
1718729417.6085312,0.0,967.0
1718729417.742519,0.0,967.0
1718729417.875182,0.0,967.0
1718729418.0116034,0.0,967.0
1718729418.14724,0.0,967.0
1718729418.279524,0.0,967.0
1718729418.4118133,0.0,967.0
1718729418.5470061,0.0,967.0
1718729418.6784022,0.0,967.0
1718729418.811227,0.0,967.0
1718729418.9454265,0.0,967.0
1718729419.0824783,0.0,967.0
1718729419.2150679,0.0,967.0
1718729419.3482006,1.0,967.0
1718729419.4791918,1.0,967.0
1718729419.6142943,0.0,967.0
1718729419.7472405,0.0,967.0
1718729419.8778105,0.0,967.0
1718729420.0086017,0.0,967.0
1718729420.1432712,0.0,967.0
1718729420.2753203,0.0,967.0
1718729420.4111094,0.0,967.0
1718729420.5447307,0.0,967.0
1718729420.6782157,0.0,967.0
1718729420.809241,0.0,967.0
1718729420.9438958,0.0,967.0
1718729421.0788505,0.0,967.0
1718729421.2141821,0.0,967.0
1718729421.346535,0.0,967.0
1718729421.4824157,0.0,967.0
1718729421.617886,0.0,967.0
1718729421.7490773,0.0,967.0
1718729421.8800666,0.0,967.0
1718729422.0145903,0.0,967.0
1718729422.1471226,0.0,967.0
1718729422.278579,0.0,967.0
1718729422.410045,0.0,967.0
1718729422.541824,0.0,967.0
1718729422.6758444,0.0,967.0
1718729422.8069978,0.0,967.0
1718729422.9396594,0.0,967.0
1718729423.074625,0.0,967.0
1718729423.2065554,0.0,967.0
1718729423.340201,0.0,967.0
1718729423.471368,0.0,967.0
1718729423.6032424,0.0,967.0
1718729423.734394,0.0,967.0
1718729423.8648896,0.0,967.0
1718729423.9993832,0.0,967.0
1718729424.131188,0.0,967.0
1718729424.266406,0.0,967.0
1718729424.398734,0.0,967.0
1718729424.5303674,0.0,967.0
1718729424.664813,0.0,967.0
1718729424.799558,0.0,967.0
1718729424.9341166,0.0,967.0
1718729425.0698192,0.0,967.0
1718729425.2030349,0.0,967.0
1718729425.3343172,0.0,967.0
1718729425.4723203,0.0,967.0
1718729425.6078196,0.0,967.0
1718729425.7393954,0.0,967.0
1718729425.8714247,0.0,967.0
1718729426.0063157,0.0,967.0
1718729426.1402903,0.0,967.0
1718729426.2745082,0.0,967.0
1718729426.408076,0.0,967.0
1718729426.5401392,1.0,967.0
1718729426.672022,1.0,967.0
1718729426.8034074,0.0,967.0
1718729426.9344554,0.0,967.0
1718729427.068649,0.0,967.0
1718729427.2030625,0.0,967.0
1718729427.3339953,0.0,967.0
1718729427.4648364,0.0,967.0
1718729427.5954714,0.0,967.0
1718729427.7264345,0.0,967.0
1718729427.857611,0.0,967.0
1718729427.992785,0.0,967.0
1718729428.1271179,0.0,967.0
1718729428.2736557,0.0,967.0
1718729428.4061158,0.0,967.0
1718729428.538235,0.0,967.0
1718729428.6764684,0.0,967.0
1718729428.8092785,0.0,967.0
1718729428.943604,0.0,967.0
1718729429.079416,0.0,967.0
1718729429.2145467,0.0,967.0
1718729429.3460023,0.0,967.0
1718729429.4768562,0.0,967.0
1718729429.607142,0.0,967.0
1718729429.7391675,0.0,967.0
1718729429.879794,0.0,967.0
1718729430.010148,0.0,967.0
1718729430.142539,0.0,967.0
1718729430.2744918,0.0,967.0
1718729430.4042182,0.0,967.0
1718729430.535868,0.0,967.0
1718729430.6715167,0.0,967.0
1718729430.803427,0.0,967.0
1718729430.9381888,0.0,967.0
1718729431.0697868,0.0,967.0
1718729431.2007198,0.0,967.0
1718729431.3341167,0.0,967.0
1718729431.4651217,0.0,967.0
1718729431.5990534,0.0,967.0
1718729431.7320306,0.0,967.0
1718729431.8632848,0.0,967.0
1718729431.9941125,0.0,967.0
1718729432.1246219,0.0,967.0
1718729432.25871,0.0,967.0
1718729432.397347,0.0,967.0
1718729432.5310695,0.0,967.0
1718729432.6637297,0.0,967.0
1718729432.8007605,0.0,967.0
1718729432.9348218,0.0,967.0
1718729433.0669568,0.0,967.0
1718729433.2079704,0.0,963.0
1718729433.3403509,2.0,963.0
1718729433.47168,2.0,963.0
1718729433.6014693,0.0,963.0
1718729433.7344718,24.0,963.0
1718729433.8675017,24.0,967.0
1718729434.003342,88.0,967.0
1718729434.1392272,10.0,967.0
1718729434.2712781,10.0,967.0
1718729434.4021535,4.0,967.0
1718729434.5327256,0.0,967.0
1718729434.6619546,0.0,967.0
1718729434.792451,0.0,967.0
1718729434.9221523,0.0,967.0
1718729435.0514126,0.0,967.0
1718729435.1806724,0.0,967.0
1718729435.3121092,0.0,967.0
1718729435.44219,0.0,967.0
1718729435.5722501,0.0,967.0
1718729435.7080824,0.0,967.0
1718729435.837409,0.0,967.0
1718729435.9680774,2.0,967.0
1718729436.1020887,0.0,967.0
1718729436.2341166,0.0,967.0
1718729436.365009,0.0,967.0
1718729436.496798,1.0,967.0
1718729436.6326346,1.0,967.0
1718729436.7622042,0.0,967.0
1718729436.8925483,2.0,967.0
1718729437.0221598,2.0,967.0
1718729437.1520548,0.0,967.0
1718729437.281645,0.0,967.0
1718729437.420158,0.0,967.0
1718729437.5521178,1.0,967.0
1718729437.6843712,0.0,967.0
1718729437.8202248,0.0,967.0
1718729437.9519596,4.0,967.0
1718729438.0821688,0.0,967.0
1718729438.2138352,0.0,967.0
1718729438.3461366,1.0,967.0
1718729438.4763536,1.0,967.0
1718729438.6101308,7.0,967.0
1718729438.7477927,0.0,967.0
1718729438.8790178,4.0,967.0
1718729439.0147388,4.0,967.0
1718729439.1493585,0.0,967.0
1718729439.282343,1.0,967.0
1718729439.4146507,1.0,967.0
1718729439.5456617,3.0,967.0
1718729439.6772227,3.0,967.0
1718729439.8088243,0.0,967.0
1718729439.9409828,4.0,967.0
1718729440.073251,4.0,967.0
1718729440.2071083,0.0,967.0
1718729440.3384016,0.0,967.0
1718729440.4693055,0.0,967.0
1718729440.601897,4.0,967.0
1718729440.7358274,4.0,967.0
1718729440.872509,4.0,967.0
1718729441.004039,0.0,967.0
