timestamp,gpu_util,gpu_mem
1719241993.017344,0.0,4.0
1719241993.1595807,0.0,4.0
1719241993.319856,0.0,4.0
1719241993.4542556,0.0,4.0
1719241993.594596,0.0,21.0
1719241993.7417083,4.0,633.0
1719241993.8774295,4.0,633.0
1719241994.0227334,3.0,633.0
1719241994.1571012,3.0,633.0
1719241994.2885525,0.0,633.0
1719241994.4192643,0.0,633.0
1719241994.5506408,0.0,633.0
1719241994.6804614,0.0,633.0
1719241994.810691,0.0,633.0
1719241994.9411583,0.0,633.0
1719241995.069738,0.0,633.0
1719241995.198342,0.0,633.0
1719241995.327891,0.0,633.0
1719241995.460533,0.0,633.0
1719241995.5959356,0.0,633.0
1719241995.727915,0.0,633.0
1719241995.8590724,0.0,633.0
1719241995.9885545,0.0,633.0
1719241996.1171439,0.0,633.0
1719241996.2465503,0.0,633.0
1719241996.3757749,0.0,633.0
1719241996.5047097,0.0,633.0
1719241996.6343005,0.0,633.0
1719241996.7653909,0.0,633.0
1719241996.89349,0.0,633.0
1719241997.024172,0.0,633.0
1719241997.1534154,0.0,633.0
1719241997.2821603,0.0,633.0
1719241997.4113376,0.0,633.0
1719241997.5402687,0.0,633.0
1719241997.6700468,0.0,633.0
1719241997.802536,0.0,633.0
1719241997.931545,0.0,633.0
1719241998.0602608,0.0,633.0
1719241998.1908038,0.0,633.0
1719241998.321197,0.0,633.0
1719241998.4523048,0.0,633.0
1719241998.5822277,0.0,633.0
1719241998.710045,0.0,633.0
1719241998.8379564,0.0,633.0
1719241998.9660895,0.0,633.0
1719241999.0950708,0.0,633.0
1719241999.2233546,0.0,633.0
1719241999.3521078,0.0,633.0
1719241999.481371,0.0,633.0
1719241999.6121666,0.0,633.0
1719241999.783974,0.0,633.0
1719241999.918749,0.0,633.0
1719242000.0560784,0.0,633.0
1719242000.1928003,0.0,633.0
1719242000.3286214,0.0,633.0
1719242000.4647865,0.0,633.0
1719242000.5966587,0.0,633.0
1719242000.727919,0.0,633.0
1719242000.8645337,0.0,633.0
1719242000.9993258,0.0,633.0
1719242001.1369333,0.0,633.0
1719242001.2738874,0.0,633.0
1719242001.4076602,0.0,633.0
1719242001.5401995,0.0,633.0
1719242001.6694036,0.0,633.0
1719242001.8014293,0.0,633.0
1719242001.9387975,0.0,633.0
1719242002.074724,0.0,633.0
1719242002.209777,0.0,633.0
1719242002.3439436,0.0,633.0
1719242002.4801445,0.0,633.0
1719242002.6180696,0.0,633.0
1719242002.75453,0.0,633.0
1719242002.8875234,0.0,633.0
1719242003.0183077,0.0,633.0
1719242003.149793,0.0,633.0
1719242003.280546,0.0,633.0
1719242003.4147186,0.0,633.0
1719242003.552878,0.0,633.0
1719242003.687281,0.0,633.0
1719242003.8238912,0.0,633.0
1719242003.958871,0.0,633.0
1719242004.0956562,0.0,633.0
1719242004.2304637,0.0,633.0
1719242004.363417,0.0,633.0
1719242004.5007837,0.0,633.0
1719242004.6348276,0.0,633.0
1719242004.772545,0.0,633.0
1719242004.909351,0.0,633.0
1719242005.0447907,0.0,633.0
1719242005.1810777,0.0,633.0
1719242005.3154168,0.0,633.0
1719242005.451093,0.0,633.0
1719242005.5847824,0.0,633.0
1719242005.7202659,0.0,633.0
1719242005.8525176,0.0,633.0
1719242005.987947,0.0,633.0
1719242006.1229184,0.0,633.0
1719242006.259622,0.0,633.0
1719242006.3938522,0.0,633.0
1719242006.5287971,0.0,633.0
1719242006.6648955,0.0,633.0
1719242006.7984788,0.0,633.0
1719242006.9330955,0.0,633.0
1719242007.0673175,0.0,633.0
1719242007.2028832,0.0,633.0
1719242007.3362405,0.0,633.0
1719242007.4703887,0.0,633.0
1719242007.6039026,0.0,633.0
1719242007.7360852,0.0,633.0
1719242007.8653677,0.0,633.0
1719242008.002639,0.0,633.0
1719242008.1379035,0.0,633.0
1719242008.2750695,0.0,633.0
1719242008.4123535,0.0,633.0
1719242008.5465267,0.0,633.0
1719242008.6802082,0.0,633.0
1719242008.8672898,0.0,633.0
1719242009.0010178,0.0,633.0
1719242009.1349292,0.0,633.0
1719242009.2699425,0.0,633.0
1719242009.4039924,0.0,633.0
1719242009.5412426,0.0,633.0
1719242009.6777093,0.0,633.0
1719242009.8158553,0.0,633.0
1719242009.9519947,0.0,633.0
1719242010.088983,0.0,633.0
1719242010.225018,0.0,633.0
1719242010.361207,0.0,633.0
1719242010.4971611,0.0,633.0
1719242010.6307054,0.0,633.0
1719242010.7641203,0.0,633.0
1719242010.8987622,0.0,633.0
1719242011.0344436,0.0,633.0
1719242011.169678,0.0,633.0
1719242011.3025305,0.0,633.0
1719242011.4338546,0.0,633.0
1719242011.5661588,0.0,633.0
1719242011.6970587,0.0,633.0
1719242011.8299615,0.0,633.0
1719242011.9613516,0.0,633.0
1719242012.0978742,0.0,633.0
1719242012.2322714,0.0,633.0
1719242012.3685188,0.0,633.0
1719242012.5046713,0.0,633.0
1719242012.63985,0.0,633.0
1719242012.7744431,0.0,633.0
1719242012.9107516,0.0,633.0
1719242013.0445032,0.0,633.0
1719242013.1801424,0.0,633.0
1719242013.312875,0.0,633.0
1719242013.4452946,0.0,633.0
1719242013.608436,0.0,633.0
1719242013.7380972,0.0,633.0
1719242013.867508,0.0,633.0
1719242013.997976,0.0,633.0
1719242014.127129,0.0,633.0
1719242014.2559402,0.0,633.0
1719242014.386295,0.0,633.0
1719242014.5156283,0.0,633.0
1719242014.6442263,0.0,633.0
1719242014.7753541,0.0,633.0
1719242014.9040844,0.0,633.0
1719242015.0325809,0.0,633.0
1719242015.1623628,0.0,633.0
1719242015.292073,0.0,633.0
1719242015.4222558,0.0,633.0
1719242015.5591826,0.0,633.0
1719242015.6945672,0.0,633.0
1719242015.8288932,0.0,633.0
1719242015.964383,0.0,633.0
1719242016.0982535,0.0,633.0
1719242016.237408,0.0,633.0
1719242016.3786962,0.0,633.0
1719242016.5149558,0.0,633.0
1719242016.6506422,0.0,633.0
1719242016.7848735,0.0,633.0
1719242016.9171035,0.0,633.0
1719242017.0550663,0.0,633.0
1719242017.187795,0.0,633.0
1719242017.3215683,0.0,633.0
1719242017.4569945,0.0,633.0
1719242017.59209,0.0,633.0
1719242017.7312684,0.0,633.0
1719242017.868166,0.0,633.0
1719242018.0022318,0.0,633.0
1719242018.1366646,0.0,633.0
1719242018.2687826,0.0,633.0
1719242018.4057226,0.0,633.0
1719242018.5450323,0.0,633.0
1719242018.6811185,0.0,633.0
1719242018.8169878,0.0,633.0
1719242018.9500706,0.0,633.0
1719242019.0815487,0.0,633.0
1719242019.216162,0.0,633.0
1719242019.3475492,0.0,633.0
1719242019.4807177,0.0,633.0
1719242019.6131697,0.0,633.0
1719242019.7446034,0.0,633.0
1719242019.8765347,0.0,633.0
1719242020.0110364,0.0,633.0
1719242020.1468854,0.0,633.0
1719242020.2835314,0.0,633.0
1719242020.418689,0.0,633.0
1719242020.552974,0.0,633.0
1719242020.6871707,0.0,633.0
1719242020.8200173,0.0,633.0
1719242020.9567444,0.0,633.0
1719242021.0915012,0.0,633.0
1719242021.227081,0.0,633.0
1719242021.3588812,0.0,633.0
1719242021.4937348,0.0,633.0
1719242021.6244326,0.0,633.0
1719242021.757941,0.0,633.0
1719242021.8872702,0.0,633.0
1719242022.0187366,0.0,633.0
1719242022.1475832,0.0,633.0
1719242022.2794943,0.0,633.0
1719242022.410659,0.0,633.0
1719242022.542426,0.0,633.0
1719242022.6792784,0.0,633.0
1719242022.811963,0.0,633.0
1719242022.944884,0.0,633.0
1719242023.075103,0.0,633.0
1719242023.2044508,0.0,633.0
1719242023.3377347,0.0,633.0
1719242023.4724534,0.0,633.0
1719242023.6054115,0.0,633.0
1719242023.7601223,0.0,633.0
1719242023.9181895,0.0,633.0
1719242024.0693843,0.0,633.0
1719242024.2181654,0.0,633.0
1719242024.3823605,0.0,633.0
1719242024.546247,0.0,633.0
1719242024.6899812,0.0,633.0
1719242024.8445644,0.0,633.0
1719242024.9911237,0.0,633.0
1719242025.1359186,0.0,633.0
1719242025.2776954,0.0,633.0
1719242025.4250293,0.0,633.0
1719242025.602378,0.0,633.0
1719242025.7599995,0.0,633.0
1719242025.9155238,0.0,633.0
1719242026.1031418,0.0,633.0
1719242026.2783647,0.0,633.0
1719242026.474472,0.0,633.0
1719242026.638745,0.0,633.0
1719242026.8217194,0.0,633.0
1719242026.9821453,0.0,633.0
1719242027.1449926,0.0,633.0
1719242027.298865,0.0,633.0
1719242027.441448,0.0,633.0
1719242027.5763927,0.0,633.0
1719242027.7136366,0.0,633.0
1719242027.8488777,0.0,633.0
1719242027.9802287,0.0,633.0
1719242028.115351,0.0,633.0
1719242028.2521744,0.0,633.0
1719242028.3897045,0.0,633.0
1719242028.556635,0.0,633.0
1719242028.7226665,0.0,633.0
1719242028.8700652,0.0,633.0
1719242029.0281024,0.0,633.0
1719242029.211453,0.0,633.0
1719242029.3684278,0.0,633.0
1719242029.5222957,0.0,633.0
1719242029.669998,0.0,633.0
1719242029.8343143,0.0,633.0
1719242030.0043514,0.0,633.0
1719242030.1784396,0.0,633.0
1719242030.3298032,0.0,633.0
1719242030.4753065,0.0,633.0
1719242030.6835327,0.0,633.0
1719242030.8715866,0.0,633.0
1719242031.0626273,0.0,633.0
1719242031.2418125,0.0,633.0
1719242031.4410887,0.0,633.0
1719242031.6088278,0.0,633.0
1719242031.7692928,0.0,633.0
1719242031.9259975,0.0,633.0
1719242032.0671608,0.0,633.0
1719242032.2042046,0.0,633.0
1719242032.3411727,0.0,633.0
1719242032.477539,0.0,633.0
1719242032.611022,0.0,633.0
1719242032.7483473,0.0,633.0
1719242032.8836012,0.0,633.0
1719242033.0328124,0.0,633.0
1719242033.184199,0.0,633.0
1719242033.3510125,0.0,633.0
1719242033.5097873,0.0,633.0
1719242033.6662564,0.0,633.0
1719242033.839566,0.0,633.0
1719242033.984163,0.0,633.0
1719242034.1490238,0.0,633.0
1719242034.2854571,0.0,633.0
1719242034.4344609,0.0,633.0
1719242034.5916157,0.0,633.0
1719242034.7574413,0.0,633.0
1719242034.9175348,0.0,633.0
1719242035.0756996,0.0,633.0
1719242035.2800863,0.0,633.0
1719242035.4674847,0.0,633.0
1719242035.654179,0.0,633.0
1719242035.8023164,0.0,633.0
1719242035.9829237,0.0,633.0
1719242036.15665,0.0,633.0
1719242036.330018,0.0,633.0
1719242036.4825292,0.0,633.0
1719242036.623292,0.0,633.0
1719242036.761091,0.0,633.0
1719242036.9017558,0.0,633.0
1719242037.0392337,0.0,633.0
1719242037.1715384,0.0,633.0
1719242037.3055472,0.0,633.0
1719242037.4416513,0.0,633.0
1719242037.5775177,0.0,633.0
1719242037.7333658,0.0,633.0
1719242037.8992834,0.0,633.0
1719242038.0567305,0.0,633.0
1719242038.2542949,0.0,633.0
1719242038.4209497,0.0,633.0
1719242038.5781744,0.0,633.0
1719242038.7301402,0.0,633.0
1719242038.8773625,0.0,633.0
1719242039.0300665,0.0,633.0
1719242039.1872904,0.0,633.0
1719242039.3351543,0.0,633.0
1719242039.4961207,0.0,633.0
1719242039.643606,0.0,633.0
1719242039.8483381,0.0,633.0
1719242040.0544384,0.0,633.0
1719242040.2436967,0.0,633.0
1719242040.4112957,0.0,633.0
1719242040.598699,0.0,633.0
1719242040.7684395,0.0,633.0
1719242040.9125273,0.0,633.0
1719242041.060222,0.0,633.0
1719242041.2190387,0.0,633.0
1719242041.3582385,0.0,633.0
1719242041.4976542,0.0,633.0
1719242041.634601,0.0,633.0
1719242041.7667437,0.0,633.0
1719242041.897226,0.0,633.0
1719242042.042587,0.0,633.0
1719242042.1794052,0.0,633.0
1719242042.3171904,0.0,633.0
1719242042.4776406,0.0,633.0
1719242042.6567872,0.0,633.0
1719242042.8112993,0.0,633.0
1719242042.9605176,0.0,633.0
1719242043.1260862,0.0,633.0
1719242043.2761128,0.0,633.0
1719242043.4579313,0.0,633.0
1719242043.5941498,0.0,633.0
1719242043.7495234,0.0,633.0
1719242043.8987372,0.0,633.0
1719242044.0539775,0.0,633.0
1719242044.203463,0.0,633.0
1719242044.346442,0.0,633.0
1719242044.5421565,0.0,633.0
1719242044.7588952,0.0,633.0
1719242044.9601831,0.0,633.0
1719242045.1098785,0.0,633.0
1719242045.2946332,0.0,633.0
1719242045.456736,0.0,633.0
1719242045.6146698,0.0,633.0
1719242045.7772229,0.0,633.0
1719242045.918426,0.0,633.0
1719242046.0552,0.0,633.0
1719242046.191783,0.0,633.0
1719242046.3283143,0.0,633.0
1719242046.4584036,0.0,633.0
1719242046.5914474,0.0,633.0
1719242046.7285976,0.0,633.0
1719242046.8626268,0.0,633.0
1719242047.0246897,0.0,633.0
1719242047.1927242,0.0,633.0
1719242047.3590834,0.0,633.0
1719242047.5243766,0.0,633.0
1719242047.6728694,0.0,633.0
1719242047.846117,0.0,633.0
1719242047.9877498,0.0,633.0
1719242048.1607196,0.0,633.0
1719242048.3219292,0.0,633.0
1719242048.48593,0.0,633.0
1719242048.646044,0.0,633.0
1719242048.8018064,0.0,633.0
1719242048.9480767,0.0,633.0
1719242049.1507277,0.0,633.0
1719242049.3468735,0.0,633.0
1719242049.5417247,0.0,633.0
1719242049.7266011,0.0,633.0
1719242049.914212,0.0,633.0
1719242050.114499,0.0,633.0
1719242050.2892663,0.0,633.0
1719242050.4461794,0.0,633.0
1719242050.583158,0.0,633.0
1719242050.7212307,0.0,633.0
1719242050.8590355,0.0,633.0
1719242050.9939654,0.0,633.0
1719242051.1255867,0.0,633.0
1719242051.2630553,0.0,633.0
1719242051.400758,0.0,633.0
1719242051.5389686,0.0,633.0
1719242051.7003484,0.0,633.0
1719242051.8730507,0.0,633.0
1719242052.0263855,0.0,633.0
1719242052.2281926,0.0,633.0
1719242052.385223,0.0,633.0
1719242052.553127,0.0,633.0
1719242052.6996043,0.0,633.0
1719242052.8473597,0.0,633.0
1719242053.0239859,0.0,633.0
1719242053.1897242,0.0,633.0
1719242053.36556,0.0,633.0
1719242053.5300868,0.0,633.0
1719242053.6768684,0.0,633.0
1719242053.8781464,0.0,633.0
1719242054.0811198,0.0,633.0
1719242054.2670891,0.0,633.0
1719242054.4573696,0.0,633.0
1719242054.6398563,0.0,633.0
1719242054.8353012,0.0,633.0
1719242055.0066288,0.0,633.0
1719242055.161304,0.0,633.0
1719242055.2972603,0.0,633.0
1719242055.4353123,0.0,633.0
1719242055.5730293,0.0,633.0
1719242055.7066805,0.0,633.0
1719242055.8405707,0.0,633.0
1719242055.9783328,0.0,633.0
1719242056.113699,0.0,633.0
1719242056.2653391,0.0,633.0
1719242056.4509811,0.0,633.0
1719242056.6160405,0.0,633.0
1719242056.7714303,0.0,633.0
1719242056.9238045,0.0,633.0
1719242057.104953,0.0,633.0
1719242057.255859,0.0,633.0
1719242057.4160144,0.0,633.0
1719242057.5674834,0.0,633.0
1719242057.7326255,0.0,633.0
1719242057.895881,0.0,633.0
1719242058.0606542,0.0,633.0
1719242058.2049267,0.0,633.0
1719242058.4096594,0.0,633.0
1719242058.6035037,0.0,633.0
1719242058.791766,0.0,633.0
1719242058.9866097,0.0,633.0
1719242059.1751194,0.0,633.0
1719242059.3213093,0.0,633.0
1719242059.4761286,0.0,633.0
1719242059.6266394,0.0,633.0
1719242059.7891462,0.0,633.0
1719242059.9270494,0.0,633.0
1719242060.0651453,0.0,633.0
1719242060.2019491,0.0,633.0
1719242060.3341525,0.0,633.0
1719242060.472279,0.0,633.0
1719242060.608561,0.0,633.0
1719242060.7452223,0.0,633.0
1719242060.9095695,0.0,633.0
1719242061.057105,0.0,633.0
1719242061.207566,0.0,633.0
1719242061.3545415,0.0,633.0
1719242061.5092947,0.0,633.0
1719242061.6683216,0.0,633.0
1719242061.812141,0.0,633.0
1719242061.963229,0.0,633.0
1719242062.122702,0.0,633.0
1719242062.2964792,0.0,633.0
1719242062.4540594,0.0,633.0
1719242062.604631,0.0,633.0
1719242062.7496574,0.0,633.0
1719242062.8913014,0.0,633.0
1719242063.082989,0.0,633.0
1719242063.291302,0.0,633.0
1719242063.478821,0.0,633.0
1719242063.6604536,0.0,633.0
1719242063.805887,0.0,633.0
1719242063.9735565,0.0,633.0
1719242064.1373832,0.0,633.0
1719242064.2958314,0.0,633.0
1719242064.4517112,0.0,633.0
1719242064.5894465,0.0,633.0
1719242064.726174,0.0,633.0
1719242064.8620317,0.0,633.0
1719242064.992365,0.0,633.0
1719242065.129925,0.0,633.0
1719242065.2670755,0.0,633.0
1719242065.4044785,0.0,633.0
1719242065.5587049,0.0,633.0
1719242065.7207932,0.0,633.0
1719242065.8911588,0.0,633.0
1719242066.0653884,0.0,633.0
1719242066.2134502,0.0,633.0
1719242066.358617,0.0,633.0
1719242066.519307,0.0,633.0
1719242066.6614764,0.0,633.0
1719242066.8102136,0.0,633.0
1719242066.9665952,0.0,633.0
1719242067.131636,0.0,633.0
1719242067.2799027,0.0,633.0
1719242067.435446,0.0,633.0
1719242067.6350093,0.0,633.0
1719242067.8352914,0.0,633.0
1719242068.0265832,0.0,633.0
1719242068.2146752,0.0,633.0
1719242068.4117546,0.0,633.0
1719242068.5904472,0.0,633.0
1719242068.7350163,0.0,633.0
1719242068.8851912,0.0,633.0
1719242069.0319104,0.0,633.0
1719242069.1667721,0.0,633.0
1719242069.303655,0.0,633.0
1719242069.439155,0.0,633.0
1719242069.570855,0.0,633.0
1719242069.706924,0.0,633.0
1719242069.8430457,0.0,633.0
1719242069.9799442,0.0,633.0
1719242070.1462266,0.0,633.0
1719242070.2934847,0.0,633.0
1719242070.4494064,0.0,633.0
1719242070.6012306,0.0,633.0
1719242070.7664127,0.0,633.0
1719242070.9316115,0.0,633.0
1719242071.1069317,0.0,633.0
1719242071.2543883,0.0,633.0
1719242071.4072063,0.0,633.0
1719242071.5759249,0.0,633.0
1719242071.745266,0.0,633.0
1719242071.9030874,0.0,633.0
1719242072.05272,0.0,633.0
1719242072.26293,0.0,633.0
1719242072.4479556,0.0,633.0
1719242072.6358654,0.0,633.0
1719242072.7919402,0.0,633.0
1719242072.9913006,0.0,633.0
1719242073.165063,0.0,633.0
1719242073.3346703,0.0,633.0
1719242073.4864297,0.0,633.0
1719242073.6257172,0.0,633.0
1719242073.7619112,0.0,633.0
1719242073.8986044,0.0,633.0
1719242074.0350862,0.0,633.0
1719242074.1690505,0.0,633.0
1719242074.305384,0.0,633.0
1719242074.4437969,0.0,633.0
1719242074.5802534,0.0,633.0
1719242074.7295346,0.0,633.0
1719242074.9059303,0.0,633.0
1719242075.0559561,0.0,633.0
1719242075.2182255,0.0,633.0
1719242075.3719816,0.0,633.0
1719242075.5706277,0.0,633.0
1719242075.728556,0.0,633.0
1719242075.8781416,0.0,633.0
1719242076.0295794,0.0,633.0
1719242076.1884646,0.0,633.0
1719242076.3816934,0.0,633.0
1719242076.5594804,0.0,633.0
1719242076.7074363,0.0,633.0
1719242076.8978932,0.0,633.0
1719242077.0929887,0.0,633.0
1719242077.2791464,0.0,633.0
1719242077.477225,0.0,633.0
1719242077.6656313,0.0,633.0
1719242077.8523865,0.0,633.0
1719242078.016716,0.0,633.0
1719242078.1793182,0.0,633.0
1719242078.3189762,0.0,633.0
1719242078.458235,0.0,633.0
1719242078.5958803,0.0,633.0
1719242078.730595,0.0,633.0
1719242078.8610592,0.0,633.0
1719242079.0018854,0.0,633.0
1719242079.138728,0.0,633.0
1719242079.2748923,0.0,633.0
1719242079.4403307,0.0,633.0
1719242079.618374,0.0,633.0
1719242079.7803533,0.0,633.0
1719242079.9329422,0.0,633.0
1719242080.1071742,0.0,633.0
1719242080.2555375,0.0,633.0
1719242080.4248543,0.0,633.0
1719242080.5612442,0.0,633.0
1719242080.7152953,0.0,633.0
1719242080.8764818,0.0,633.0
1719242081.0442977,0.0,633.0
1719242081.2105541,0.0,633.0
1719242081.3650956,0.0,633.0
1719242081.570521,0.0,633.0
1719242081.730914,0.0,633.0
1719242081.9186387,0.0,633.0
1719242082.0738754,0.0,633.0
1719242082.2583923,0.0,633.0
1719242082.4227943,0.0,633.0
1719242082.6069179,0.0,633.0
1719242082.7749598,0.0,633.0
1719242082.9133885,0.0,633.0
1719242083.0487523,0.0,633.0
1719242083.1852515,0.0,633.0
1719242083.3206973,0.0,633.0
1719242083.4543593,0.0,633.0
1719242083.592093,0.0,633.0
1719242083.727882,0.0,633.0
1719242083.867304,0.0,633.0
1719242084.012366,0.0,633.0
1719242084.1873133,0.0,633.0
1719242084.3444116,0.0,633.0
1719242084.5056703,0.0,633.0
1719242084.6736102,0.0,633.0
1719242084.8106694,0.0,633.0
1719242084.973024,0.0,633.0
1719242085.124798,0.0,633.0
1719242085.284091,0.0,633.0
1719242085.42673,0.0,633.0
1719242085.6005635,0.0,633.0
1719242085.7551355,0.0,633.0
1719242085.8951156,0.0,633.0
1719242086.1031916,0.0,633.0
1719242086.3026667,0.0,633.0
1719242086.4856737,0.0,633.0
1719242086.6545045,0.0,633.0
1719242086.843845,0.0,633.0
1719242087.021859,0.0,633.0
1719242087.194318,0.0,633.0
1719242087.3481407,0.0,633.0
1719242087.4864614,0.0,633.0
1719242087.6231873,0.0,633.0
1719242087.759527,0.0,633.0
1719242087.8937478,0.0,633.0
1719242088.0228665,0.0,633.0
1719242088.1870804,0.0,633.0
1719242088.3232393,0.0,633.0
1719242088.4615667,0.0,633.0
1719242088.6145692,0.0,633.0
1719242088.7760515,0.0,633.0
1719242088.9361799,0.0,633.0
1719242089.087314,0.0,633.0
1719242089.238976,0.0,633.0
1719242089.4059794,0.0,633.0
1719242089.5777438,0.0,633.0
1719242089.7306352,0.0,633.0
1719242089.891607,0.0,633.0
1719242090.042079,0.0,633.0
1719242090.1932344,0.0,633.0
1719242090.3451977,0.0,633.0
1719242090.4906318,0.0,633.0
1719242090.6982918,0.0,633.0
1719242090.895636,0.0,633.0
1719242091.103295,0.0,633.0
1719242091.264606,0.0,633.0
1719242091.4290528,0.0,633.0
1719242091.60146,0.0,633.0
1719242091.7451663,0.0,633.0
1719242091.8999817,0.0,633.0
1719242092.0547636,0.0,633.0
1719242092.192119,0.0,633.0
1719242092.3296926,0.0,633.0
1719242092.4649904,0.0,633.0
1719242092.5969064,0.0,633.0
1719242092.7274454,0.0,633.0
1719242092.871659,0.0,633.0
1719242093.0071363,0.0,633.0
1719242093.1438582,0.0,633.0
1719242093.2929325,0.0,633.0
1719242093.4493513,0.0,633.0
1719242093.5958943,0.0,633.0
1719242093.7381232,0.0,633.0
1719242093.890546,0.0,633.0
1719242094.0447464,0.0,633.0
1719242094.1884084,0.0,633.0
1719242094.3440654,0.0,633.0
1719242094.4860997,0.0,633.0
1719242094.6325893,0.0,633.0
1719242094.8028543,0.0,633.0
1719242094.966311,0.0,633.0
1719242095.1303422,0.0,633.0
1719242095.2827394,0.0,633.0
1719242095.470961,0.0,633.0
1719242095.673819,0.0,633.0
1719242095.8676572,0.0,633.0
1719242096.038224,0.0,633.0
1719242096.2390583,0.0,633.0
1719242096.380584,0.0,633.0
1719242096.5508056,0.0,633.0
1719242096.7003286,0.0,633.0
1719242096.8409963,0.0,633.0
1719242096.9772434,0.0,633.0
1719242097.114711,0.0,633.0
1719242097.249123,0.0,633.0
1719242097.3817582,0.0,633.0
1719242097.5177696,0.0,633.0
1719242097.6544259,0.0,633.0
1719242097.7914407,0.0,633.0
1719242097.9475942,0.0,633.0
1719242098.1253715,0.0,633.0
1719242098.2799628,0.0,633.0
1719242098.4345593,0.0,633.0
1719242098.625044,0.0,633.0
1719242098.7710247,0.0,633.0
1719242098.9283252,0.0,633.0
1719242099.0712016,0.0,633.0
1719242099.2271347,0.0,633.0
1719242099.3733828,0.0,633.0
1719242099.5322275,0.0,633.0
1719242099.6859477,0.0,633.0
1719242099.834416,0.0,633.0
1719242100.0446746,0.0,633.0
1719242100.252913,0.0,633.0
1719242100.439882,0.0,633.0
1719242100.6018336,0.0,633.0
1719242100.798461,0.0,633.0
1719242100.9584897,0.0,633.0
1719242101.1482036,0.0,633.0
1719242101.301882,0.0,633.0
1719242101.4390843,0.0,633.0
1719242101.5810654,0.0,633.0
1719242101.7187717,0.0,633.0
1719242101.8560696,0.0,633.0
1719242101.9889665,0.0,633.0
1719242102.1304436,0.0,633.0
1719242102.2700207,0.0,633.0
1719242102.4070902,0.0,633.0
1719242102.5598311,0.0,633.0
1719242102.7175205,0.0,633.0
1719242102.8679438,0.0,633.0
1719242103.0234828,0.0,633.0
1719242103.1926324,0.0,633.0
1719242103.3375318,0.0,633.0
1719242103.5028098,0.0,633.0
1719242103.644209,0.0,633.0
1719242103.803093,0.0,633.0
1719242103.9615202,0.0,633.0
1719242104.1162076,0.0,633.0
1719242104.2763968,0.0,633.0
1719242104.4177458,0.0,633.0
1719242104.626453,0.0,633.0
1719242104.8281329,0.0,633.0
1719242105.015401,0.0,633.0
1719242105.1748326,0.0,633.0
1719242105.3617454,0.0,633.0
1719242105.531958,0.0,633.0
1719242105.6960106,0.0,633.0
1719242105.8519008,0.0,633.0
1719242105.9941928,0.0,633.0
1719242106.1304398,0.0,633.0
1719242106.2676466,0.0,633.0
1719242106.4043071,0.0,633.0
1719242106.5363898,0.0,633.0
1719242106.6709018,0.0,633.0
1719242106.8084688,0.0,633.0
1719242106.9447372,0.0,633.0
1719242107.1177993,0.0,633.0
1719242107.268113,0.0,633.0
1719242107.4374723,0.0,633.0
1719242107.6025512,0.0,633.0
1719242107.7572622,0.0,633.0
1719242107.913796,0.0,633.0
1719242108.0873125,0.0,633.0
1719242108.2393048,0.0,633.0
1719242108.3844209,0.0,633.0
1719242108.546212,0.0,633.0
1719242108.7203705,0.0,633.0
1719242108.8919013,0.0,633.0
1719242109.033053,0.0,633.0
1719242109.245482,0.0,633.0
1719242109.4488735,0.0,633.0
1719242109.632988,0.0,633.0
1719242109.7954564,0.0,633.0
1719242109.9883904,0.0,633.0
1719242110.1581483,0.0,633.0
1719242110.3324666,0.0,633.0
1719242110.490667,0.0,633.0
1719242110.6402466,0.0,633.0
1719242110.7775447,0.0,633.0
1719242110.9165633,0.0,633.0
1719242111.0521855,0.0,633.0
1719242111.185696,0.0,633.0
1719242111.3141577,0.0,633.0
1719242111.4489892,0.0,633.0
1719242111.5867426,0.0,633.0
1719242111.723058,0.0,633.0
1719242111.8885903,0.0,633.0
1719242112.0436454,0.0,633.0
1719242112.1924992,0.0,633.0
1719242112.357724,0.0,633.0
1719242112.5072453,0.0,633.0
1719242112.68614,0.0,633.0
1719242112.8448057,0.0,633.0
1719242112.9983392,0.0,633.0
1719242113.1542065,0.0,633.0
1719242113.3183842,0.0,633.0
1719242113.47634,0.0,633.0
1719242113.6281848,0.0,633.0
1719242113.7846286,0.0,633.0
1719242113.9847832,0.0,633.0
1719242114.1849535,0.0,633.0
1719242114.370622,0.0,633.0
1719242114.5598953,0.0,633.0
1719242114.7484236,0.0,633.0
1719242114.935394,0.0,633.0
1719242115.084951,0.0,633.0
1719242115.2559664,0.0,633.0
1719242115.399287,0.0,633.0
1719242115.5345507,0.0,633.0
1719242115.6733224,0.0,633.0
1719242115.808986,0.0,633.0
1719242115.938979,0.0,633.0
1719242116.072487,0.0,633.0
1719242116.208522,0.0,633.0
1719242116.3447921,0.0,633.0
1719242116.5016806,0.0,633.0
1719242116.657157,0.0,633.0
1719242116.8266544,0.0,633.0
1719242117.0061293,0.0,633.0
1719242117.16215,0.0,633.0
1719242117.340711,0.0,633.0
1719242117.5127144,0.0,633.0
1719242117.656016,0.0,633.0
1719242117.8090117,0.0,633.0
1719242117.9663222,0.0,633.0
1719242118.1356666,0.0,633.0
1719242118.2911932,0.0,633.0
1719242118.4329476,0.0,633.0
1719242118.6140661,0.0,633.0
1719242118.7998562,0.0,633.0
1719242118.9866574,0.0,633.0
1719242119.177692,0.0,633.0
1719242119.3816683,0.0,633.0
1719242119.5647664,0.0,633.0
1719242119.7163503,0.0,633.0
1719242119.8765101,0.0,633.0
1719242120.0204966,0.0,633.0
1719242120.1578205,0.0,633.0
1719242120.2965183,0.0,633.0
1719242120.4326482,0.0,633.0
1719242120.562522,0.0,633.0
1719242120.6988466,0.0,633.0
1719242120.8345659,0.0,633.0
1719242120.9713032,0.0,633.0
1719242121.1207175,0.0,633.0
1719242121.2726681,0.0,633.0
1719242121.4272277,0.0,633.0
1719242121.5965629,0.0,633.0
1719242121.7681954,0.0,633.0
1719242121.921952,0.0,633.0
1719242122.076298,0.0,633.0
1719242122.2242367,0.0,633.0
1719242122.387823,0.0,633.0
1719242122.5348005,0.0,633.0
1719242122.6987622,0.0,633.0
1719242122.8582764,0.0,633.0
1719242123.0166576,0.0,633.0
1719242123.2300398,0.0,633.0
1719242123.4341094,0.0,633.0
1719242123.627427,0.0,633.0
1719242123.8015609,0.0,633.0
1719242123.9895651,0.0,633.0
1719242124.1754887,0.0,633.0
1719242124.3380582,0.0,633.0
1719242124.4982057,0.0,633.0
1719242124.6373193,0.0,633.0
1719242124.7757466,0.0,633.0
1719242124.911823,0.0,633.0
1719242125.0470939,0.0,633.0
1719242125.1773894,0.0,633.0
1719242125.3091097,0.0,633.0
1719242125.446705,0.0,633.0
1719242125.5819051,0.0,633.0
1719242125.7235138,0.0,633.0
1719242125.8864229,0.0,633.0
1719242126.0494754,0.0,633.0
1719242126.204396,0.0,633.0
1719242126.3569446,0.0,633.0
1719242126.5192194,0.0,633.0
1719242126.6686418,0.0,633.0
1719242126.8240194,0.0,633.0
1719242126.9664652,0.0,633.0
1719242127.1215787,0.0,633.0
1719242127.2777524,0.0,633.0
1719242127.435632,0.0,633.0
1719242127.5916743,0.0,633.0
1719242127.7413707,0.0,633.0
1719242127.9389284,0.0,633.0
1719242128.1384268,0.0,633.0
1719242128.3082726,0.0,633.0
1719242128.4787982,0.0,633.0
1719242128.6673105,0.0,633.0
1719242128.8440537,0.0,633.0
1719242129.0219538,0.0,633.0
1719242129.1783204,0.0,633.0
1719242129.317136,0.0,633.0
1719242129.452834,0.0,633.0
1719242129.5906408,0.0,633.0
1719242129.725925,0.0,633.0
1719242129.8594906,0.0,633.0
1719242129.9980392,0.0,633.0
1719242130.1348984,0.0,633.0
1719242130.2710187,0.0,633.0
1719242130.4347112,0.0,633.0
1719242130.6001494,0.0,633.0
1719242130.746611,0.0,633.0
1719242130.9228172,0.0,633.0
1719242131.0919154,0.0,633.0
1719242131.231122,0.0,633.0
1719242131.3951378,0.0,633.0
1719242131.5449681,0.0,633.0
1719242131.6895537,0.0,633.0
1719242131.8436587,0.0,633.0
1719242132.0173368,0.0,633.0
1719242132.172897,0.0,633.0
1719242132.3299994,0.0,633.0
1719242132.5395703,0.0,633.0
1719242132.7084022,0.0,633.0
1719242132.894343,0.0,633.0
1719242133.0494783,0.0,633.0
1719242133.2422516,0.0,633.0
1719242133.3999991,0.0,633.0
1719242133.561366,0.0,633.0
1719242133.7153256,0.0,633.0
1719242133.8559237,0.0,633.0
1719242133.9933257,0.0,633.0
1719242134.1303134,0.0,633.0
1719242134.2659764,0.0,633.0
1719242134.4000852,0.0,633.0
1719242134.5381086,0.0,633.0
1719242134.6724777,0.0,633.0
1719242134.8162136,0.0,633.0
1719242134.9759014,0.0,633.0
1719242135.1281798,0.0,633.0
1719242135.2843916,0.0,633.0
1719242135.440852,0.0,633.0
1719242135.6298819,0.0,633.0
1719242135.7732806,0.0,633.0
1719242135.942617,0.0,633.0
1719242136.1176288,0.0,633.0
1719242136.2780282,0.0,633.0
1719242136.450113,0.0,633.0
1719242136.6295297,0.0,633.0
1719242136.7795296,0.0,633.0
1719242136.9784348,0.0,633.0
1719242137.1846192,0.0,633.0
1719242137.3888996,0.0,633.0
1719242137.5424044,0.0,633.0
1719242137.7242215,0.0,633.0
1719242137.9002368,0.0,633.0
1719242138.0742564,0.0,633.0
1719242138.2243028,0.0,633.0
1719242138.362402,0.0,633.0
1719242138.5001457,0.0,633.0
1719242138.6373487,0.0,633.0
1719242138.7739108,0.0,633.0
1719242138.906566,0.0,633.0
1719242139.0438669,0.0,633.0
1719242139.1783605,0.0,633.0
1719242139.315442,0.0,633.0
1719242139.49611,0.0,633.0
1719242139.6498399,0.0,633.0
1719242139.804427,0.0,633.0
1719242139.9555073,0.0,633.0
1719242140.1442485,0.0,633.0
1719242140.2880573,0.0,633.0
1719242140.4530735,0.0,633.0
1719242140.6053636,0.0,633.0
1719242140.7470427,0.0,633.0
1719242140.9089684,0.0,633.0
1719242141.0585423,0.0,633.0
1719242141.203707,0.0,633.0
1719242141.3562818,0.0,633.0
1719242141.5675483,0.0,633.0
1719242141.745782,0.0,633.0
1719242141.9348454,0.0,633.0
1719242142.0862157,0.0,633.0
1719242142.2700272,0.0,633.0
1719242142.4399989,0.0,633.0
1719242142.5987663,0.0,633.0
1719242142.751682,0.0,633.0
1719242142.905962,0.0,633.0
1719242143.0446122,0.0,633.0
1719242143.1840954,0.0,633.0
1719242143.3205843,0.0,633.0
1719242143.4550104,0.0,633.0
1719242143.5890505,0.0,633.0
1719242143.7278187,0.0,633.0
1719242143.8652864,0.0,633.0
1719242144.0207245,0.0,633.0
1719242144.1724818,0.0,633.0
1719242144.3323164,0.0,633.0
1719242144.482471,0.0,633.0
1719242144.650204,0.0,633.0
1719242144.8345208,0.0,633.0
1719242144.9934154,0.0,633.0
1719242145.1514115,0.0,633.0
1719242145.323742,0.0,633.0
1719242145.4850616,0.0,633.0
1719242145.646609,0.0,633.0
1719242145.804647,0.0,633.0
1719242145.9486473,0.0,633.0
1719242146.125104,0.0,633.0
1719242146.3349426,0.0,633.0
1719242146.538396,0.0,633.0
1719242146.7223654,0.0,633.0
1719242146.9214494,0.0,633.0
1719242147.0831473,0.0,633.0
1719242147.2586982,0.0,633.0
1719242147.4120984,0.0,633.0
1719242147.550748,0.0,633.0
1719242147.6869583,0.0,633.0
1719242147.8230388,0.0,633.0
1719242147.9680903,0.0,633.0
1719242148.1003673,0.0,633.0
1719242148.2312653,0.0,633.0
1719242148.368578,0.0,633.0
1719242148.5044122,0.0,633.0
1719242148.641204,0.0,633.0
1719242148.8011477,0.0,633.0
1719242148.9620578,0.0,633.0
1719242149.1049535,0.0,633.0
1719242149.2754455,0.0,633.0
1719242149.4750857,0.0,633.0
1719242149.6282077,0.0,633.0
1719242149.7854729,0.0,633.0
1719242149.936414,0.0,633.0
1719242150.0783427,0.0,633.0
1719242150.2424502,0.0,633.0
1719242150.4092941,0.0,633.0
1719242150.5718422,0.0,633.0
1719242150.7668402,0.0,633.0
1719242150.9501934,0.0,633.0
1719242151.13775,0.0,633.0
1719242151.3220706,0.0,633.0
1719242151.5132017,0.0,633.0
1719242151.6714952,0.0,633.0
1719242151.8296556,0.0,633.0
1719242151.9936416,0.0,633.0
1719242152.1467779,0.0,633.0
1719242152.2818756,0.0,633.0
1719242152.4185305,0.0,633.0
1719242152.5537357,0.0,633.0
1719242152.6831405,0.0,633.0
1719242152.8116484,0.0,633.0
1719242152.9495237,0.0,633.0
1719242153.0854728,0.0,633.0
1719242153.2203748,0.0,633.0
1719242153.3829799,0.0,633.0
1719242153.541609,0.0,633.0
1719242153.6948864,0.0,633.0
1719242153.8520036,0.0,633.0
1719242154.0175056,0.0,633.0
1719242154.171419,0.0,633.0
1719242154.317996,0.0,633.0
1719242154.48177,0.0,633.0
1719242154.6286952,0.0,633.0
1719242154.8018503,0.0,633.0
1719242154.961527,0.0,633.0
1719242155.1231947,0.0,633.0
1719242155.2664611,0.0,633.0
1719242155.4743629,0.0,633.0
1719242155.6628556,0.0,633.0
1719242155.8502986,0.0,633.0
1719242156.0272994,0.0,633.0
1719242156.2139761,0.0,633.0
1719242156.3885183,0.0,633.0
1719242156.5431168,0.0,633.0
1719242156.6908731,0.0,633.0
1719242156.837786,0.0,633.0
1719242156.9738421,0.0,633.0
1719242157.1104023,0.0,633.0
1719242157.2462592,0.0,633.0
1719242157.3779995,0.0,633.0
1719242157.5155077,0.0,633.0
1719242157.6521313,0.0,633.0
1719242157.7882113,0.0,633.0
1719242157.9410324,0.0,633.0
1719242158.0928354,0.0,633.0
1719242158.2473133,0.0,633.0
1719242158.412802,0.0,633.0
1719242158.5705085,0.0,633.0
1719242158.7174067,0.0,633.0
1719242158.8775234,0.0,633.0
1719242159.0188963,0.0,633.0
1719242159.1716237,0.0,633.0
1719242159.3217316,0.0,633.0
1719242159.4832332,0.0,633.0
1719242159.6415682,0.0,633.0
1719242159.7834587,0.0,633.0
1719242159.984356,0.0,633.0
1719242160.194366,0.0,633.0
1719242160.4019177,0.0,633.0
1719242160.5577743,0.0,633.0
1719242160.7413647,0.0,633.0
1719242160.9174047,0.0,633.0
1719242161.0701647,0.0,633.0
1719242161.2285602,0.0,633.0
1719242161.376002,0.0,633.0
1719242161.5147638,0.0,633.0
1719242161.6512833,0.0,633.0
1719242161.7863584,0.0,633.0
1719242161.916113,0.0,633.0
1719242162.0539727,0.0,633.0
1719242162.192684,0.0,633.0
1719242162.326998,0.0,633.0
1719242162.4836657,0.0,633.0
1719242162.6550994,0.0,633.0
1719242162.8219852,0.0,633.0
1719242162.9712772,0.0,633.0
1719242163.156913,0.0,633.0
1719242163.3036335,0.0,633.0
1719242163.4795778,0.0,633.0
1719242163.6490574,0.0,633.0
1719242163.8220944,0.0,633.0
1719242163.9770901,0.0,633.0
1719242164.1305876,0.0,633.0
1719242164.277111,0.0,633.0
1719242164.4675856,0.0,633.0
1719242164.665458,0.0,633.0
1719242164.8551795,0.0,633.0
1719242165.0578904,0.0,633.0
1719242165.26322,0.0,633.0
1719242165.4513826,0.0,633.0
1719242165.6166341,0.0,633.0
1719242165.7700787,0.0,633.0
1719242165.9131298,0.0,633.0
1719242166.0481694,0.0,633.0
1719242166.185201,0.0,633.0
1719242166.3215978,0.0,633.0
1719242166.4539998,0.0,633.0
1719242166.5924525,0.0,633.0
1719242166.735288,0.0,633.0
1719242166.8738027,0.0,633.0
1719242167.0531611,0.0,633.0
1719242167.208659,0.0,633.0
1719242167.366326,0.0,633.0
1719242167.530987,0.0,633.0
1719242167.6933005,0.0,633.0
1719242167.842587,0.0,633.0
1719242168.0089417,0.0,633.0
1719242168.1586473,0.0,633.0
1719242168.3116472,0.0,633.0
1719242168.4750683,0.0,633.0
1719242168.6523125,0.0,633.0
1719242168.8070405,0.0,633.0
1719242168.9642158,0.0,633.0
1719242169.1695516,0.0,633.0
1719242169.3585093,0.0,633.0
1719242169.5420709,0.0,633.0
1719242169.6946268,0.0,633.0
1719242169.8786166,0.0,633.0
1719242170.0237348,0.0,633.0
1719242170.178575,0.0,633.0
1719242170.3286903,0.0,633.0
1719242170.4775972,0.0,633.0
1719242170.615267,0.0,633.0
1719242170.7538562,0.0,633.0
1719242170.8879495,0.0,633.0
1719242171.0185723,0.0,633.0
1719242171.1470187,0.0,633.0
1719242171.284446,0.0,633.0
1719242171.4195938,0.0,633.0
1719242171.5548515,0.0,633.0
1719242171.7005317,0.0,633.0
1719242171.8544636,0.0,633.0
1719242172.0208962,0.0,633.0
1719242172.1944551,0.0,633.0
1719242172.3651388,0.0,633.0
1719242172.557452,0.0,633.0
1719242172.7206044,0.0,633.0
1719242172.89814,0.0,633.0
1719242173.0336676,0.0,633.0
1719242173.1916907,0.0,633.0
1719242173.3286383,0.0,633.0
1719242173.4889324,0.0,633.0
1719242173.6466777,0.0,633.0
1719242173.8099203,0.0,633.0
1719242174.00003,0.0,633.0
1719242174.187296,0.0,633.0
1719242174.3635895,0.0,633.0
1719242174.5637662,0.0,633.0
1719242174.7502317,0.0,633.0
1719242174.908694,0.0,633.0
1719242175.0579357,0.0,633.0
1719242175.2264667,0.0,633.0
1719242175.3753042,0.0,633.0
1719242175.5133066,0.0,633.0
1719242175.6515312,0.0,633.0
1719242175.787537,0.0,633.0
1719242175.9173615,0.0,633.0
1719242176.0461154,0.0,633.0
1719242176.183402,0.0,633.0
1719242176.319987,0.0,633.0
1719242176.4688933,0.0,633.0
1719242176.6090658,0.0,633.0
1719242176.7749383,0.0,633.0
1719242176.9356985,0.0,633.0
1719242177.1028693,0.0,633.0
1719242177.2587984,0.0,633.0
1719242177.419928,0.0,633.0
1719242177.560613,0.0,633.0
1719242177.7099366,0.0,633.0
1719242177.8549113,0.0,633.0
1719242177.9958732,0.0,633.0
1719242178.1653552,0.0,633.0
1719242178.3187501,0.0,633.0
1719242178.4749446,0.0,633.0
1719242178.6212015,0.0,633.0
1719242178.8149767,0.0,633.0
1719242179.001984,0.0,633.0
1719242179.1482935,0.0,633.0
1719242179.3341312,0.0,633.0
1719242179.5269282,0.0,633.0
1719242179.68262,0.0,633.0
1719242179.8402054,0.0,633.0
1719242179.9970145,0.0,633.0
1719242180.1439242,0.0,633.0
1719242180.2813973,0.0,633.0
1719242180.4191692,0.0,633.0
1719242180.5554397,0.0,633.0
1719242180.6891484,0.0,633.0
1719242180.8269594,0.0,633.0
1719242180.9627497,0.0,633.0
1719242181.1314526,0.0,633.0
1719242181.2976997,0.0,633.0
1719242181.4597964,0.0,633.0
1719242181.620858,0.0,633.0
1719242181.7804077,0.0,633.0
1719242181.9681065,0.0,633.0
1719242182.1233199,0.0,633.0
1719242182.2709103,0.0,633.0
1719242182.4245944,0.0,633.0
1719242182.5945196,0.0,633.0
1719242182.790893,0.0,633.0
1719242182.9439127,0.0,633.0
1719242183.094225,0.0,633.0
1719242183.2969995,0.0,633.0
1719242183.4943995,0.0,633.0
1719242183.689874,0.0,633.0
1719242183.8426158,0.0,633.0
1719242184.03113,0.0,633.0
1719242184.200118,0.0,633.0
1719242184.3775682,0.0,633.0
1719242184.5427892,0.0,633.0
1719242184.6794198,0.0,633.0
1719242184.817929,0.0,633.0
1719242184.9538224,0.0,633.0
1719242185.0856452,0.0,633.0
1719242185.2351215,0.0,633.0
1719242185.371782,0.0,633.0
1719242185.507437,0.0,633.0
1719242185.6578786,0.0,633.0
1719242185.8140023,0.0,633.0
1719242185.979171,0.0,633.0
1719242186.1604552,0.0,633.0
1719242186.3535626,0.0,633.0
1719242186.5057008,0.0,633.0
1719242186.6524305,0.0,633.0
1719242186.7903693,0.0,633.0
1719242186.942463,0.0,633.0
1719242187.1092699,0.0,633.0
1719242187.2859867,0.0,633.0
1719242187.4397728,0.0,633.0
1719242187.5839477,0.0,633.0
1719242187.7728038,0.0,633.0
1719242187.9708703,0.0,633.0
1719242188.1619225,0.0,633.0
1719242188.3129597,0.0,633.0
1719242188.4979937,0.0,633.0
1719242188.665877,0.0,633.0
1719242188.8422437,0.0,633.0
1719242188.993115,0.0,633.0
1719242189.1314511,0.0,633.0
1719242189.2691824,0.0,633.0
1719242189.406848,0.0,633.0
1719242189.54129,0.0,633.0
1719242189.67094,0.0,633.0
1719242189.8070252,0.0,633.0
1719242189.9440787,0.0,633.0
1719242190.0799363,0.0,633.0
1719242190.2381136,0.0,633.0
1719242190.4051583,0.0,633.0
1719242190.5649579,0.0,633.0
1719242190.7319643,0.0,633.0
1719242190.8905988,0.0,633.0
1719242191.053177,0.0,633.0
1719242191.1984382,0.0,633.0
1719242191.342902,0.0,633.0
1719242191.4965324,0.0,633.0
1719242191.669274,0.0,633.0
1719242191.807038,0.0,633.0
1719242191.979626,0.0,633.0
1719242192.145937,0.0,633.0
1719242192.2988503,0.0,633.0
1719242192.5017388,0.0,633.0
1719242192.6940753,0.0,633.0
1719242192.8886497,0.0,633.0
1719242193.044888,0.0,633.0
1719242193.2405317,0.0,633.0
1719242193.4237256,0.0,633.0
1719242193.5964394,0.0,633.0
1719242193.7347116,0.0,633.0
1719242193.9094303,0.0,633.0
1719242194.0508401,0.0,633.0
1719242194.187594,0.0,633.0
1719242194.3263266,0.0,633.0
1719242194.462375,0.0,633.0
1719242194.6004605,0.0,633.0
1719242194.7376673,0.0,633.0
1719242194.886711,0.0,633.0
1719242195.0395794,0.0,633.0
1719242195.207643,0.0,633.0
1719242195.370954,0.0,633.0
1719242195.5287375,0.0,633.0
1719242195.7073925,0.0,633.0
1719242195.8550353,0.0,633.0
1719242196.0080307,0.0,633.0
1719242196.1531146,0.0,633.0
1719242196.301146,0.0,633.0
1719242196.454102,0.0,633.0
1719242196.6152596,0.0,633.0
1719242196.7782795,0.0,633.0
1719242196.9322,0.0,633.0
1719242197.1466665,0.0,633.0
1719242197.35804,0.0,633.0
1719242197.5466413,0.0,633.0
1719242197.72485,0.0,633.0
1719242197.9107335,0.0,633.0
1719242198.0725284,0.0,633.0
1719242198.2188766,0.0,633.0
1719242198.37362,0.0,633.0
1719242198.5306618,0.0,633.0
1719242198.6780012,0.0,633.0
1719242198.8191893,0.0,633.0
1719242198.9536374,0.0,633.0
1719242199.089445,0.0,633.0
1719242199.2331643,0.0,633.0
1719242199.3692575,0.0,633.0
1719242199.5329459,0.0,633.0
1719242199.712964,0.0,633.0
1719242199.8694792,0.0,633.0
1719242200.022539,0.0,633.0
1719242200.1786191,0.0,633.0
1719242200.362261,0.0,633.0
1719242200.5118833,0.0,633.0
1719242200.6699066,0.0,633.0
1719242200.8379,0.0,633.0
1719242200.9982743,0.0,633.0
1719242201.156118,0.0,633.0
1719242201.3050194,0.0,633.0
1719242201.4520214,0.0,633.0
1719242201.6353903,0.0,633.0
1719242201.8344512,0.0,633.0
1719242202.024855,0.0,633.0
1719242202.219529,0.0,633.0
1719242202.4073105,0.0,633.0
1719242202.5723734,0.0,633.0
1719242202.745384,0.0,633.0
1719242202.9038918,0.0,633.0
1719242203.0490255,0.0,633.0
1719242203.1879122,0.0,633.0
1719242203.3260827,0.0,633.0
1719242203.4626243,0.0,633.0
1719242203.5962472,0.0,633.0
1719242203.7345269,0.0,633.0
1719242203.8694215,0.0,633.0
1719242204.0306442,0.0,633.0
1719242204.1990976,0.0,633.0
1719242204.3628492,0.0,633.0
1719242204.526244,0.0,633.0
1719242204.7099636,0.0,633.0
1719242204.866234,0.0,633.0
1719242205.0144014,0.0,633.0
1719242205.1693556,0.0,633.0
1719242205.3191452,0.0,633.0
1719242205.4765139,0.0,633.0
1719242205.6414661,0.0,633.0
1719242205.8065557,0.0,633.0
1719242205.9561255,0.0,633.0
1719242206.1479027,0.0,633.0
1719242206.334317,0.0,633.0
1719242206.5504885,0.0,633.0
1719242206.7592947,0.0,633.0
1719242206.9589942,0.0,633.0
1719242207.120731,0.0,633.0
1719242207.2922826,0.0,633.0
1719242207.4547133,0.0,633.0
1719242207.6061625,0.0,633.0
1719242207.7440073,0.0,633.0
1719242207.8791263,0.0,633.0
1719242208.00965,0.0,633.0
1719242208.1467783,0.0,633.0
1719242208.282765,0.0,633.0
1719242208.4185195,0.0,633.0
1719242208.5698838,0.0,633.0
1719242208.7409647,0.0,633.0
1719242208.915787,0.0,633.0
1719242209.0706537,0.0,633.0
1719242209.2286527,0.0,633.0
1719242209.3737147,0.0,633.0
1719242209.52441,0.0,633.0
1719242209.6667755,0.0,633.0
1719242209.825073,0.0,633.0
1719242209.9833052,0.0,633.0
1719242210.1469898,0.0,633.0
1719242210.318889,0.0,633.0
1719242210.4825253,0.0,633.0
1719242210.6536353,0.0,633.0
1719242210.8486295,0.0,633.0
1719242211.0019014,0.0,633.0
1719242211.1947463,0.0,633.0
1719242211.3705533,0.0,633.0
1719242211.5561955,0.0,633.0
1719242211.696153,0.0,633.0
1719242211.8457303,0.0,633.0
1719242212.0059063,0.0,633.0
1719242212.1432233,0.0,633.0
1719242212.283007,0.0,633.0
1719242212.4208674,0.0,633.0
1719242212.5553622,0.0,633.0
1719242212.6844757,0.0,633.0
1719242212.8226128,0.0,633.0
1719242212.958372,0.0,633.0
1719242213.0957932,0.0,633.0
1719242213.304412,0.0,633.0
1719242213.462325,0.0,633.0
1719242213.6399539,0.0,633.0
1719242213.803538,0.0,633.0
1719242214.007293,0.0,633.0
1719242214.1652677,0.0,633.0
1719242214.3269246,0.0,633.0
1719242214.491166,0.0,633.0
1719242214.674342,0.0,633.0
1719242214.8233178,0.0,633.0
1719242214.9741461,0.0,633.0
1719242215.1357615,0.0,633.0
1719242215.2920237,0.0,633.0
1719242215.4987442,0.0,633.0
1719242215.654415,0.0,633.0
1719242215.8433,0.0,633.0
1719242216.0002637,0.0,633.0
1719242216.1861234,0.0,633.0
1719242216.3541808,0.0,633.0
1719242216.5223773,0.0,633.0
1719242216.6852083,0.0,633.0
1719242216.827474,0.0,633.0
1719242216.964871,0.0,633.0
1719242217.1021316,0.0,633.0
1719242217.2381024,0.0,633.0
1719242217.375286,0.0,633.0
1719242217.512524,0.0,633.0
1719242217.6502748,0.0,633.0
1719242217.8278556,0.0,633.0
1719242217.9824898,0.0,633.0
1719242218.1347232,0.0,633.0
1719242218.2982929,0.0,633.0
1719242218.4558628,0.0,633.0
1719242218.633554,0.0,633.0
1719242218.7863028,0.0,633.0
1719242218.9454281,0.0,633.0
1719242219.1110432,0.0,633.0
1719242219.2802858,0.0,633.0
1719242219.4431157,0.0,633.0
1719242219.600091,0.0,633.0
1719242219.7419055,0.0,633.0
1719242219.9251487,0.0,633.0
1719242220.1328094,0.0,633.0
1719242220.31909,0.0,633.0
1719242220.5148222,0.0,633.0
1719242220.699186,0.0,633.0
1719242220.8711858,0.0,633.0
1719242221.029023,0.0,633.0
1719242221.1847813,0.0,633.0
1719242221.3314748,0.0,633.0
1719242221.4682484,0.0,633.0
1719242221.6053286,0.0,633.0
1719242221.7413547,0.0,633.0
1719242221.8716068,0.0,633.0
1719242222.003155,0.0,633.0
1719242222.1393316,0.0,633.0
1719242222.2762196,0.0,633.0
1719242222.4313128,0.0,633.0
1719242222.6016037,0.0,633.0
1719242222.7643638,0.0,633.0
1719242222.9466548,0.0,633.0
1719242223.0980816,0.0,633.0
1719242223.3044426,0.0,633.0
1719242223.4609053,0.0,633.0
1719242223.614627,0.0,633.0
1719242223.83067,0.0,633.0
1719242223.980412,0.0,633.0
1719242224.1478832,0.0,633.0
1719242224.2980514,0.0,633.0
1719242224.4435186,0.0,633.0
1719242224.6400638,0.0,633.0
1719242224.843069,0.0,633.0
1719242225.0310144,0.0,633.0
1719242225.190544,0.0,633.0
1719242225.3894608,0.0,633.0
1719242225.5692444,0.0,633.0
1719242225.7346585,0.0,633.0
1719242225.8916655,0.0,633.0
1719242226.0296118,0.0,633.0
1719242226.1670392,0.0,633.0
1719242226.3051584,0.0,633.0
1719242226.4407232,0.0,633.0
1719242226.5738618,0.0,633.0
1719242226.7109165,0.0,633.0
1719242226.850472,0.0,633.0
1719242226.9880266,0.0,633.0
1719242227.1415823,0.0,633.0
1719242227.2876348,0.0,633.0
1719242227.4368918,0.0,633.0
1719242227.6049705,0.0,633.0
1719242227.76179,0.0,633.0
1719242227.9352958,0.0,633.0
1719242228.084839,0.0,633.0
1719242228.241588,0.0,633.0
1719242228.3962462,0.0,633.0
1719242228.5514672,0.0,633.0
1719242228.7295427,0.0,633.0
1719242228.88973,0.0,633.0
1719242229.039312,0.0,633.0
1719242229.2440274,0.0,633.0
1719242229.435291,0.0,633.0
1719242229.6232224,0.0,633.0
1719242229.8185506,0.0,633.0
1719242230.02827,0.0,633.0
1719242230.2094126,0.0,633.0
1719242230.372855,0.0,633.0
1719242230.5359685,0.0,633.0
1719242230.6805434,0.0,633.0
1719242230.8182867,0.0,633.0
1719242230.9540918,0.0,633.0
1719242231.0905783,0.0,633.0
1719242231.2250535,0.0,633.0
1719242231.365266,0.0,633.0
1719242231.502809,0.0,633.0
1719242231.6724153,0.0,633.0
1719242231.8292549,0.0,633.0
1719242231.997578,0.0,633.0
1719242232.162045,0.0,633.0
1719242232.333438,0.0,633.0
1719242232.4922154,0.0,633.0
1719242232.6416264,0.0,633.0
1719242232.790074,0.0,633.0
1719242232.9535031,0.0,633.0
1719242233.1361885,0.0,633.0
1719242233.339827,0.0,633.0
1719242233.5349364,0.0,633.0
1719242233.6956632,0.0,633.0
1719242233.8622837,0.0,633.0
1719242234.0276916,0.0,633.0
1719242234.2320423,0.0,633.0
1719242234.4205205,0.0,633.0
1719242234.6133497,0.0,633.0
1719242234.7787454,0.0,633.0
1719242234.9422545,0.0,633.0
1719242235.0816941,0.0,633.0
1719242235.221505,0.0,633.0
1719242235.3583758,0.0,633.0
1719242235.4912982,0.0,633.0
1719242235.6271656,0.0,633.0
1719242235.764316,0.0,633.0
1719242235.9360788,0.0,633.0
1719242236.1048386,0.0,633.0
1719242236.2608802,0.0,633.0
1719242236.4334931,0.0,633.0
1719242236.594965,0.0,633.0
1719242236.7610018,0.0,633.0
1719242236.9100962,0.0,633.0
1719242237.0588644,0.0,633.0
1719242237.2257483,0.0,633.0
1719242237.3920367,0.0,633.0
1719242237.5477574,0.0,633.0
1719242237.7195585,0.0,633.0
1719242237.8765848,0.0,633.0
1719242238.0161288,0.0,633.0
1719242238.211649,0.0,633.0
1719242238.4177828,0.0,633.0
1719242238.6140692,0.0,633.0
1719242238.7796953,0.0,633.0
1719242238.9691854,0.0,633.0
1719242239.1371384,0.0,633.0
1719242239.3119423,0.0,633.0
1719242239.4721038,0.0,633.0
1719242239.6129436,0.0,633.0
1719242239.7502074,0.0,633.0
1719242239.8864217,0.0,633.0
1719242240.0233057,0.0,633.0
1719242240.15337,0.0,633.0
1719242240.2906458,0.0,633.0
1719242240.4281974,0.0,633.0
1719242240.566712,0.0,633.0
1719242240.7161443,0.0,633.0
1719242240.8767126,0.0,633.0
1719242241.0280333,0.0,633.0
1719242241.1982248,0.0,633.0
1719242241.3704188,0.0,633.0
1719242241.5338397,0.0,633.0
1719242241.6969798,0.0,633.0
1719242241.8393111,0.0,633.0
1719242241.997295,0.0,633.0
1719242242.1877847,0.0,633.0
1719242242.344574,0.0,633.0
1719242242.4934013,0.0,633.0
1719242242.6494658,0.0,633.0
1719242242.8551526,0.0,633.0
1719242243.04232,0.0,633.0
1719242243.244632,0.0,633.0
1719242243.3935025,0.0,633.0
1719242243.5800333,0.0,633.0
1719242243.7383108,0.0,633.0
1719242243.9057155,0.0,633.0
1719242244.0630808,0.0,633.0
1719242244.2005217,0.0,633.0
1719242244.3394263,0.0,633.0
1719242244.4782748,0.0,633.0
1719242244.613934,0.0,633.0
1719242244.745351,0.0,633.0
1719242244.8845892,0.0,633.0
1719242245.0206094,0.0,633.0
1719242245.1588128,0.0,633.0
1719242245.32644,0.0,633.0
1719242245.4810224,0.0,633.0
1719242245.6284752,0.0,633.0
1719242245.7846901,0.0,633.0
1719242245.9693835,0.0,633.0
1719242246.1135364,0.0,633.0
1719242246.272715,0.0,633.0
1719242246.4134579,0.0,633.0
1719242246.5678878,0.0,633.0
1719242246.716542,0.0,633.0
1719242246.872568,0.0,633.0
1719242247.025646,0.0,633.0
1719242247.1670992,0.0,633.0
1719242247.3709257,0.0,633.0
1719242247.572241,0.0,633.0
1719242247.7457075,0.0,633.0
1719242247.9291878,0.0,633.0
1719242248.127763,0.0,633.0
1719242248.3040695,0.0,633.0
1719242248.4782512,0.0,633.0
1719242248.6321182,0.0,633.0
1719242248.7870321,0.0,633.0
1719242248.9253697,0.0,633.0
1719242249.0626326,0.0,633.0
1719242249.2077463,0.0,633.0
1719242249.339784,0.0,633.0
1719242249.477537,0.0,633.0
1719242249.6144347,0.0,633.0
1719242249.764823,0.0,633.0
1719242249.9273562,0.0,633.0
1719242250.0785766,0.0,633.0
1719242250.2322335,0.0,633.0
1719242250.3815038,0.0,633.0
1719242250.5481353,0.0,633.0
1719242250.68774,0.0,633.0
1719242250.8499622,0.0,633.0
1719242250.9964724,0.0,633.0
1719242251.1518693,0.0,633.0
1719242251.3133001,0.0,633.0
1719242251.4862363,0.0,633.0
1719242251.6412604,0.0,633.0
1719242251.7823753,0.0,633.0
1719242251.9879959,0.0,633.0
1719242252.1933317,0.0,633.0
1719242252.3838995,0.0,633.0
1719242252.5506344,0.0,633.0
1719242252.7375665,0.0,633.0
1719242252.9099405,0.0,633.0
1719242253.069203,0.0,633.0
1719242253.2235322,0.0,633.0
1719242253.3616,0.0,633.0
1719242253.4996467,0.0,633.0
1719242253.6390767,0.0,633.0
1719242253.783925,0.0,633.0
1719242253.923039,0.0,633.0
1719242254.0607314,0.0,633.0
1719242254.2309413,0.0,633.0
1719242254.4007514,0.0,633.0
1719242254.5744524,0.0,633.0
1719242254.729966,0.0,633.0
1719242254.8903017,0.0,633.0
1719242255.0611308,0.0,633.0
1719242255.2037597,0.0,633.0
1719242255.3614595,0.0,633.0
1719242255.5200272,0.0,633.0
1719242255.6649194,0.0,633.0
1719242255.816006,0.0,633.0
1719242255.977356,0.0,633.0
1719242256.1384742,0.0,633.0
1719242256.2899573,0.0,633.0
1719242256.4781837,0.0,633.0
1719242256.6700702,0.0,633.0
1719242256.8582673,0.0,633.0
1719242257.0187056,0.0,633.0
1719242257.2149186,0.0,633.0
1719242257.5934734,0.0,633.0
1719242257.7439158,0.0,633.0
1719242257.8819904,0.0,633.0
1719242258.0208912,0.0,633.0
1719242258.1574273,0.0,633.0
1719242258.2879872,0.0,633.0
1719242258.4286788,0.0,633.0
1719242258.5665188,0.0,633.0
1719242258.7041712,0.0,633.0
1719242258.86063,0.0,633.0
1719242259.0750058,0.0,633.0
1719242259.2332563,0.0,633.0
1719242259.404621,0.0,633.0
1719242259.5561883,0.0,633.0
1719242259.7197437,0.0,633.0
1719242259.8689864,0.0,633.0
1719242260.026099,0.0,633.0
1719242260.1929877,0.0,633.0
1719242260.3640137,0.0,633.0
1719242260.5430427,0.0,633.0
1719242260.6997488,0.0,633.0
1719242260.844161,0.0,633.0
1719242261.0314765,0.0,633.0
1719242261.2479835,0.0,633.0
1719242261.4351776,0.0,633.0
1719242261.604644,0.0,633.0
1719242261.797276,0.0,633.0
1719242261.966734,0.0,633.0
1719242262.1300728,0.0,633.0
1719242262.2889204,0.0,633.0
1719242262.430179,0.0,633.0
1719242262.5676043,0.0,633.0
1719242262.7040045,0.0,633.0
1719242262.839922,0.0,633.0
1719242262.9698064,0.0,633.0
1719242263.1102738,0.0,633.0
1719242263.2474701,0.0,633.0
1719242263.384921,0.0,633.0
1719242263.560464,0.0,633.0
1719242263.7198195,0.0,633.0
1719242263.886794,0.0,633.0
1719242264.0426154,0.0,633.0
1719242264.1926796,0.0,633.0
1719242264.3519096,0.0,633.0
1719242264.502098,0.0,633.0
1719242264.660011,0.0,633.0
1719242264.8236651,0.0,633.0
1719242264.990902,0.0,633.0
1719242265.1646752,0.0,633.0
1719242265.3159513,0.0,633.0
1719242265.4588697,0.0,633.0
1719242265.6166947,0.0,633.0
1719242265.815952,0.0,633.0
1719242265.9767585,0.0,633.0
1719242266.1746368,0.0,633.0
1719242266.3599694,0.0,633.0
1719242266.554725,0.0,633.0
1719242266.7088637,0.0,633.0
1719242266.8751197,0.0,633.0
1719242267.0382116,0.0,633.0
1719242267.1787534,0.0,633.0
1719242267.3185637,0.0,633.0
1719242267.455105,0.0,633.0
1719242267.5896604,0.0,633.0
1719242267.72909,0.0,633.0
1719242267.8743646,0.0,633.0
1719242268.0482621,0.0,633.0
1719242268.2029219,0.0,633.0
1719242268.3648763,0.0,633.0
1719242268.52261,0.0,633.0
1719242268.678716,0.0,633.0
1719242268.8343198,0.0,633.0
1719242268.9791815,0.0,633.0
1719242269.1423967,0.0,633.0
1719242269.2887204,0.0,633.0
1719242269.4350572,0.0,633.0
1719242269.5893078,0.0,633.0
1719242269.7585173,0.0,633.0
1719242269.9188774,0.0,633.0
1719242270.0744305,0.0,633.0
1719242270.2642562,0.0,633.0
1719242270.4634829,0.0,633.0
1719242270.655098,0.0,633.0
1719242270.8134189,0.0,633.0
1719242270.9997675,0.0,633.0
1719242271.170693,0.0,633.0
1719242271.325213,0.0,633.0
1719242271.4752405,0.0,633.0
1719242271.6215284,0.0,633.0
1719242271.758209,0.0,633.0
1719242271.8970544,0.0,633.0
1719242272.030851,0.0,633.0
1719242272.1623747,0.0,633.0
1719242272.2996726,0.0,633.0
1719242272.4372342,0.0,633.0
1719242272.572904,0.0,633.0
1719242272.7371223,0.0,633.0
1719242272.898402,0.0,633.0
1719242273.0712953,0.0,633.0
1719242273.227312,0.0,633.0
1719242273.3823886,0.0,633.0
1719242273.5541334,0.0,633.0
1719242273.7164352,0.0,633.0
1719242273.8648808,0.0,633.0
1719242274.0090792,0.0,633.0
1719242274.1755617,0.0,633.0
1719242274.358546,0.0,633.0
1719242274.517884,0.0,633.0
1719242274.6876826,0.0,633.0
1719242274.8917854,0.0,633.0
1719242275.050466,0.0,633.0
1719242275.2377405,0.0,633.0
1719242275.388888,0.0,633.0
1719242275.5742393,0.0,633.0
1719242275.7215564,0.0,633.0
1719242275.866293,0.0,633.0
1719242276.0350153,0.0,633.0
1719242276.1832068,0.0,633.0
1719242276.3215926,0.0,633.0
1719242276.458727,0.0,633.0
1719242276.59509,0.0,633.0
1719242276.7304485,0.0,633.0
1719242276.8670392,0.0,633.0
1719242277.00139,0.0,633.0
1719242277.1583385,0.0,633.0
1719242277.3223393,0.0,633.0
1719242277.4720361,0.0,633.0
1719242277.663315,0.0,633.0
1719242277.843568,0.0,633.0
1719242278.0069025,0.0,633.0
1719242278.159422,0.0,633.0
1719242278.3288696,0.0,633.0
1719242278.4916627,0.0,633.0
1719242278.6542385,0.0,633.0
1719242278.8040512,0.0,633.0
1719242278.9764636,0.0,633.0
1719242279.1292584,0.0,633.0
1719242279.3404698,0.0,633.0
1719242279.5593052,0.0,633.0
1719242279.7551763,0.0,633.0
1719242279.9217124,0.0,633.0
1719242280.1134398,0.0,633.0
1719242280.2639437,0.0,633.0
1719242280.4128764,0.0,633.0
1719242280.5690658,0.0,633.0
1719242280.7162647,0.0,633.0
1719242280.8599007,0.0,633.0
1719242280.9977293,0.0,633.0
1719242281.132742,0.0,633.0
1719242281.2662237,0.0,633.0
1719242281.402661,0.0,633.0
1719242281.543245,0.0,633.0
1719242281.6845822,0.0,633.0
1719242281.8388371,0.0,633.0
1719242281.9892762,0.0,633.0
1719242282.1383548,0.0,633.0
1719242282.292059,0.0,633.0
1719242282.4483202,0.0,633.0
1719242282.6267862,0.0,633.0
1719242282.778961,0.0,633.0
1719242282.9323728,0.0,633.0
1719242283.0944362,0.0,633.0
1719242283.25777,0.0,633.0
1719242283.4160929,0.0,633.0
1719242283.583473,0.0,633.0
1719242283.728126,0.0,633.0
1719242283.9388402,0.0,633.0
1719242284.1462467,0.0,633.0
1719242284.3365548,0.0,633.0
1719242284.4923098,0.0,633.0
1719242284.7007267,0.0,633.0
1719242284.85638,0.0,633.0
1719242285.0233154,0.0,633.0
1719242285.1743064,0.0,633.0
1719242285.314345,0.0,633.0
1719242285.4529982,0.0,633.0
1719242285.5919318,0.0,633.0
1719242285.7630293,0.0,633.0
1719242285.8992329,0.0,633.0
1719242286.0384886,0.0,633.0
1719242286.175422,0.0,633.0
1719242286.3249872,0.0,633.0
1719242286.4896054,0.0,633.0
1719242286.6446972,0.0,633.0
1719242286.8151653,0.0,633.0
1719242286.9724889,0.0,633.0
1719242287.1329162,0.0,633.0
1719242287.2960532,0.0,633.0
1719242287.4423423,0.0,633.0
1719242287.6006403,0.0,633.0
1719242287.7632897,0.0,633.0
1719242287.9092746,0.0,633.0
1719242288.0636168,0.0,633.0
1719242288.2224452,0.0,633.0
1719242288.42005,0.0,633.0
1719242288.6508663,0.0,633.0
1719242288.866335,0.0,633.0
1719242289.03004,0.0,633.0
1719242289.223125,0.0,633.0
1719242289.3947256,0.0,633.0
1719242289.5605912,0.0,633.0
1719242289.7206771,0.0,633.0
1719242289.861212,0.0,633.0
1719242290.0041766,0.0,633.0
1719242290.1457655,0.0,633.0
1719242290.2787418,0.0,633.0
1719242290.461379,0.0,633.0
1719242290.6036298,0.0,633.0
1719242290.7477617,0.0,633.0
1719242290.888617,0.0,633.0
1719242291.0699875,0.0,633.0
1719242291.233772,0.0,633.0
1719242291.3872395,0.0,633.0
1719242291.5513167,0.0,633.0
1719242291.7463644,0.0,633.0
1719242291.8991094,0.0,633.0
1719242292.0566046,0.0,633.0
1719242292.2081614,0.0,633.0
1719242292.3568652,0.0,633.0
1719242292.5375528,0.0,633.0
1719242292.7573044,0.0,633.0
1719242293.0073032,0.0,633.0
1719242293.2003648,0.0,633.0
1719242293.374874,0.0,633.0
1719242293.5331104,0.0,633.0
1719242293.7244916,0.0,633.0
1719242293.8987215,0.0,633.0
1719242294.052456,0.0,633.0
1719242294.2070801,0.0,633.0
1719242294.3589919,0.0,633.0
1719242294.500315,0.0,633.0
1719242294.6373835,0.0,633.0
1719242294.7751498,0.0,633.0
1719242294.9056015,0.0,633.0
1719242295.0375528,0.0,633.0
1719242295.1753902,0.0,633.0
1719242295.3105931,0.0,633.0
1719242295.4721558,0.0,633.0
1719242295.6434717,0.0,633.0
1719242295.8000302,0.0,633.0
1719242295.9719803,0.0,633.0
1719242296.1290152,0.0,633.0
1719242296.3122265,0.0,633.0
1719242296.492513,0.0,633.0
1719242296.6573634,0.0,633.0
1719242296.8188286,0.0,633.0
1719242296.9801662,0.0,633.0
1719242297.137828,0.0,633.0
1719242297.2907,0.0,633.0
1719242297.4595382,0.0,633.0
1719242297.6208596,0.0,633.0
1719242297.9365163,0.0,633.0
1719242298.1413627,0.0,633.0
1719242298.3123295,0.0,633.0
1719242298.5058303,0.0,633.0
1719242298.671994,0.0,633.0
1719242298.8495197,0.0,633.0
1719242299.0050857,0.0,633.0
1719242299.141973,0.0,633.0
1719242299.2817218,0.0,633.0
1719242299.418818,0.0,633.0
1719242299.552057,0.0,633.0
1719242299.6834147,0.0,633.0
1719242299.821592,0.0,633.0
1719242299.958609,0.0,633.0
1719242300.0937178,0.0,633.0
1719242300.2658837,0.0,633.0
1719242300.4404557,0.0,633.0
1719242300.6007333,0.0,633.0
1719242300.761594,0.0,633.0
1719242300.9616656,0.0,633.0
1719242301.1122804,0.0,633.0
1719242301.2943344,0.0,633.0
1719242301.4540904,0.0,633.0
1719242301.6329174,0.0,633.0
1719242301.770888,0.0,633.0
1719242301.9229267,0.0,633.0
1719242302.0852578,0.0,633.0
1719242302.233798,0.0,633.0
1719242302.4467332,0.0,633.0
1719242302.6542385,0.0,633.0
1719242302.846222,0.0,633.0
1719242303.0112972,0.0,633.0
1719242303.2036073,0.0,633.0
1719242303.3680048,0.0,633.0
1719242303.5446718,0.0,633.0
1719242303.7199488,0.0,633.0
1719242303.8594096,0.0,633.0
1719242303.9997954,0.0,633.0
1719242304.135387,0.0,633.0
1719242304.26794,0.0,633.0
1719242304.3984804,0.0,633.0
1719242304.5370579,0.0,633.0
1719242304.6736343,0.0,633.0
1719242304.8238783,0.0,633.0
1719242304.980716,0.0,633.0
1719242305.1567218,0.0,633.0
1719242305.3279793,0.0,633.0
1719242305.4940534,0.0,633.0
1719242305.6772723,0.0,633.0
1719242305.8164823,0.0,633.0
1719242305.978138,0.0,633.0
1719242306.1535783,0.0,633.0
1719242306.3090835,0.0,633.0
1719242306.4628184,0.0,633.0
1719242306.6421068,0.0,633.0
1719242306.7985342,0.0,633.0
1719242306.9879153,0.0,633.0
1719242307.1977372,0.0,633.0
1719242307.3862612,0.0,633.0
1719242307.5694067,0.0,633.0
1719242307.753372,0.0,633.0
1719242307.9279706,0.0,633.0
1719242308.0779843,0.0,633.0
1719242308.2330985,0.0,633.0
1719242308.3898997,0.0,633.0
1719242308.5277185,0.0,633.0
1719242308.666048,0.0,633.0
1719242308.802749,0.0,633.0
1719242308.938099,0.0,633.0
1719242309.0758398,0.0,633.0
1719242309.2106266,0.0,633.0
1719242309.3460333,0.0,633.0
1719242309.4980857,0.0,633.0
1719242309.6602223,0.0,633.0
1719242309.8062177,0.0,633.0
1719242309.9664366,0.0,633.0
1719242310.1162348,0.0,633.0
1719242310.2815492,0.0,633.0
1719242310.4489884,0.0,633.0
1719242310.6027431,0.0,633.0
1719242310.7579947,0.0,633.0
1719242310.9172723,0.0,633.0
1719242311.0816329,0.0,633.0
1719242311.2480943,0.0,633.0
1719242311.391255,0.0,633.0
1719242311.5989401,0.0,633.0
1719242311.805964,0.0,633.0
1719242311.9963894,0.0,633.0
1719242312.1549985,0.0,633.0
1719242312.3471777,0.0,633.0
1719242312.5119953,0.0,633.0
1719242312.675867,0.0,633.0
1719242312.8369362,0.0,633.0
1719242312.9754486,0.0,633.0
1719242313.1112678,0.0,633.0
1719242313.2508314,0.0,633.0
1719242313.3866165,0.0,633.0
1719242313.518176,0.0,633.0
1719242313.6560795,0.0,633.0
1719242313.791785,0.0,633.0
1719242313.9542263,0.0,633.0
1719242314.111282,0.0,633.0
1719242314.2707763,0.0,633.0
1719242314.4262133,0.0,633.0
1719242314.5844529,0.0,633.0
1719242314.7482703,0.0,633.0
1719242314.8939066,0.0,633.0
1719242315.0362458,0.0,633.0
1719242315.1718462,0.0,633.0
1719242315.333133,0.0,633.0
1719242315.4968655,0.0,633.0
1719242315.6581929,0.0,633.0
1719242315.8201365,0.0,633.0
1719242315.964665,0.0,633.0
1719242316.161038,0.0,633.0
1719242316.363466,0.0,633.0
1719242316.5628946,0.0,633.0
1719242316.7199244,0.0,633.0
1719242316.903454,0.0,633.0
1719242317.0755234,0.0,633.0
1719242317.2197738,0.0,633.0
1719242317.3855414,0.0,633.0
1719242317.5283442,0.0,633.0
1719242317.667825,0.0,633.0
1719242317.8048964,0.0,633.0
1719242317.9403985,0.0,633.0
1719242318.0700126,0.0,633.0
1719242318.2067308,0.0,633.0
1719242318.3426332,0.0,633.0
1719242318.4779127,0.0,633.0
1719242318.6460836,0.0,633.0
1719242318.8084555,0.0,633.0
1719242318.9717708,0.0,633.0
1719242319.1365268,0.0,633.0
1719242319.2885723,0.0,633.0
1719242319.4539278,0.0,633.0
1719242319.6036615,0.0,633.0
1719242319.7606862,0.0,633.0
1719242319.9224975,0.0,633.0
1719242320.0863686,0.0,633.0
1719242320.2526386,0.0,633.0
1719242320.4090364,0.0,633.0
1719242320.5511816,0.0,633.0
1719242320.7585735,0.0,633.0
1719242320.961218,0.0,633.0
1719242321.1652784,0.0,633.0
1719242321.326327,0.0,633.0
1719242321.5113041,0.0,633.0
1719242321.673605,0.0,633.0
1719242321.8409038,0.0,633.0
1719242322.0033395,0.0,633.0
1719242322.1433234,0.0,633.0
1719242322.285033,0.0,633.0
1719242322.4218383,0.0,633.0
1719242322.5554447,0.0,633.0
1719242322.6866016,0.0,633.0
1719242322.8235598,0.0,633.0
1719242322.9604175,0.0,633.0
1719242323.131183,0.0,633.0
1719242323.2840092,0.0,633.0
1719242323.4545596,0.0,633.0
1719242323.6133206,0.0,633.0
1719242323.7676694,0.0,633.0
1719242323.9327326,0.0,633.0
1719242324.0908313,0.0,633.0
1719242324.239307,0.0,633.0
1719242324.3886604,0.0,633.0
1719242324.5357509,0.0,633.0
1719242324.685919,0.0,633.0
1719242324.8483157,0.0,633.0
1719242325.008311,0.0,633.0
1719242325.1600668,0.0,633.0
1719242325.3578174,0.0,633.0
1719242325.521664,0.0,633.0
1719242325.7107344,0.0,633.0
1719242325.8765407,0.0,633.0
1719242326.0612354,0.0,633.0
1719242326.219318,0.0,633.0
1719242326.3963277,0.0,633.0
1719242326.5616345,0.0,633.0
1719242326.7028663,0.0,633.0
1719242326.8415432,0.0,633.0
1719242326.9776056,0.0,633.0
1719242327.11084,0.0,633.0
1719242327.2485101,0.0,633.0
1719242327.3856394,0.0,633.0
1719242327.5217934,0.0,633.0
1719242327.7010803,0.0,633.0
1719242327.8617527,0.0,633.0
1719242328.0242345,0.0,633.0
1719242328.1829028,0.0,633.0
1719242328.3313115,0.0,633.0
1719242328.4889822,0.0,633.0
1719242328.662166,0.0,633.0
1719242328.813308,0.0,633.0
1719242328.9683776,0.0,633.0
1719242329.1373963,0.0,633.0
1719242329.3050272,0.0,633.0
1719242329.4578352,0.0,633.0
1719242329.6002862,0.0,633.0
1719242329.8035662,0.0,633.0
1719242330.0086834,0.0,633.0
1719242330.1599777,0.0,633.0
1719242330.3631654,0.0,633.0
1719242330.5521247,0.0,633.0
1719242330.7175643,0.0,633.0
1719242330.8614986,0.0,633.0
1719242331.013383,0.0,633.0
1719242331.1607258,0.0,633.0
1719242331.2981613,0.0,633.0
1719242331.434395,0.0,633.0
1719242331.5706797,0.0,633.0
1719242331.7039518,0.0,633.0
1719242331.8411226,0.0,633.0
1719242331.9780638,0.0,633.0
1719242332.1132874,0.0,633.0
1719242332.304819,0.0,633.0
1719242332.4751132,0.0,633.0
1719242332.644968,0.0,633.0
1719242332.8147788,0.0,633.0
1719242332.9707618,0.0,633.0
1719242333.1233146,0.0,633.0
1719242333.2878795,0.0,633.0
1719242333.4337356,0.0,633.0
1719242333.5870726,0.0,633.0
1719242333.7434573,0.0,633.0
1719242333.9120502,0.0,633.0
1719242334.0770683,0.0,633.0
1719242334.2222245,0.0,633.0
1719242334.4327056,0.0,633.0
1719242334.6249073,0.0,633.0
1719242334.816531,0.0,633.0
1719242334.9758387,0.0,633.0
1719242335.1576102,0.0,633.0
1719242335.3397279,0.0,633.0
1719242335.5044677,0.0,633.0
1719242335.6665356,0.0,633.0
1719242335.8075845,0.0,633.0
1719242335.9469879,0.0,633.0
1719242336.084037,0.0,633.0
1719242336.2167954,0.0,633.0
1719242336.3475637,0.0,633.0
1719242336.484297,0.0,633.0
1719242336.6229692,0.0,633.0
1719242336.7593062,0.0,633.0
1719242336.9114978,0.0,633.0
1719242337.0620575,0.0,633.0
1719242337.208828,0.0,633.0
1719242337.3734808,0.0,633.0
1719242337.5303094,0.0,633.0
1719242337.687966,0.0,633.0
1719242337.8342106,0.0,633.0
1719242337.9993002,0.0,633.0
1719242338.147842,0.0,633.0
1719242338.3279114,0.0,633.0
1719242338.4820104,0.0,633.0
1719242338.6429498,0.0,633.0
1719242338.7856374,0.0,633.0
1719242339.0486379,0.0,633.0
1719242339.2318025,0.0,633.0
1719242339.423205,0.0,633.0
1719242339.5707965,0.0,633.0
1719242339.7563643,0.0,633.0
1719242339.9405954,0.0,633.0
1719242340.1086943,0.0,633.0
1719242340.260378,0.0,633.0
1719242340.4014475,0.0,633.0
1719242340.5403252,0.0,633.0
1719242340.6775737,0.0,633.0
1719242340.8132687,0.0,633.0
1719242340.944075,0.0,633.0
1719242341.0819545,0.0,633.0
1719242341.2195082,0.0,633.0
1719242341.3561797,0.0,633.0
1719242341.5006979,0.0,633.0
1719242341.712185,0.0,633.0
1719242341.8756607,0.0,633.0
1719242342.034036,0.0,633.0
1719242342.19473,0.0,633.0
1719242342.3403437,0.0,633.0
1719242342.5046413,0.0,633.0
1719242342.649227,0.0,633.0
1719242342.799013,0.0,633.0
1719242342.9549375,0.0,633.0
1719242343.1154947,0.0,633.0
1719242343.267411,0.0,633.0
1719242343.4120026,0.0,633.0
1719242343.6054752,0.0,633.0
1719242343.8180375,0.0,633.0
1719242344.0248415,0.0,633.0
1719242344.1765213,0.0,633.0
1719242344.360881,0.0,633.0
1719242344.5346622,0.0,633.0
1719242344.6924653,0.0,633.0
1719242344.838663,0.0,633.0
1719242344.9895809,0.0,633.0
1719242345.13015,0.0,633.0
1719242345.2701013,0.0,633.0
1719242345.405977,0.0,633.0
1719242345.5479512,0.0,633.0
1719242345.6915946,0.0,633.0
1719242345.8343587,0.0,633.0
1719242346.0045733,0.0,633.0
1719242346.1617565,0.0,633.0
1719242346.3274224,0.0,633.0
1719242346.497309,0.0,633.0
1719242346.6688993,0.0,633.0
1719242346.8236432,0.0,633.0
1719242347.026847,0.0,633.0
1719242347.1946156,0.0,633.0
1719242347.3356693,0.0,633.0
1719242347.4979885,0.0,633.0
1719242347.6778388,0.0,633.0
1719242347.83523,0.0,633.0
1719242348.0319734,0.0,633.0
1719242348.2551486,0.0,633.0
1719242348.4625614,0.0,633.0
1719242348.657731,0.0,633.0
1719242348.846297,0.0,633.0
1719242349.0273535,0.0,633.0
1719242349.181306,0.0,633.0
1719242349.3360581,0.0,633.0
1719242349.4800034,0.0,633.0
1719242349.6162107,0.0,633.0
1719242349.752844,0.0,633.0
1719242349.888273,0.0,633.0
1719242350.0192041,0.0,633.0
1719242350.1572146,0.0,633.0
1719242350.291564,0.0,633.0
1719242350.4649768,0.0,633.0
1719242350.6489406,0.0,633.0
1719242350.8040657,0.0,633.0
1719242350.957946,0.0,633.0
1719242351.1113,0.0,633.0
1719242351.2894728,0.0,633.0
1719242351.439083,0.0,633.0
1719242351.5983295,0.0,633.0
1719242351.7620628,0.0,633.0
1719242351.923472,0.0,633.0
1719242352.0858486,0.0,633.0
1719242352.2546275,0.0,633.0
1719242352.4004462,0.0,633.0
1719242352.5787768,0.0,633.0
1719242352.7833076,0.0,633.0
1719242352.9735835,0.0,633.0
1719242353.1639078,0.0,633.0
1719242353.3596818,0.0,633.0
1719242353.5201035,0.0,633.0
1719242353.6665227,0.0,633.0
1719242354.0276906,0.0,633.0
1719242354.165734,0.0,633.0
1719242354.3030372,0.0,633.0
1719242354.439462,0.0,633.0
1719242354.5710697,0.0,633.0
1719242354.704483,0.0,633.0
1719242354.8423247,0.0,633.0
1719242354.9762642,0.0,633.0
1719242355.1673236,0.0,633.0
1719242355.3424573,0.0,633.0
1719242355.5103498,0.0,633.0
1719242355.6709042,0.0,633.0
1719242355.8393118,0.0,633.0
1719242356.0044043,0.0,633.0
1719242356.1650245,0.0,633.0
1719242356.3204663,0.0,633.0
1719242356.4824977,0.0,633.0
1719242356.64502,0.0,633.0
1719242356.8124115,0.0,633.0
1719242356.9721708,0.0,633.0
1719242357.119426,0.0,633.0
1719242357.3259904,0.0,633.0
1719242357.5376089,0.0,633.0
1719242357.7189589,0.0,633.0
1719242357.8818133,0.0,633.0
1719242358.069667,0.0,633.0
1719242358.2403498,0.0,633.0
1719242358.395244,0.0,633.0
1719242358.556936,0.0,633.0
1719242358.6999865,0.0,633.0
1719242358.837268,0.0,633.0
1719242358.9768817,0.0,633.0
1719242359.1148117,0.0,633.0
1719242359.2460933,0.0,633.0
1719242359.3831544,0.0,633.0
1719242359.5178416,0.0,633.0
1719242359.6939626,0.0,633.0
1719242359.8427076,0.0,633.0
1719242360.008482,0.0,633.0
1719242360.1647232,0.0,633.0
1719242360.32817,0.0,633.0
1719242360.5172164,0.0,633.0
1719242360.6688218,0.0,633.0
1719242360.828033,0.0,633.0
1719242360.9861364,0.0,633.0
1719242361.135347,0.0,633.0
1719242361.3075924,0.0,633.0
1719242361.4705,0.0,633.0
1719242361.6155102,0.0,633.0
1719242361.8054266,0.0,633.0
1719242362.0134532,0.0,633.0
1719242362.203664,0.0,633.0
1719242362.385828,0.0,633.0
1719242362.5709045,0.0,633.0
1719242362.7456791,0.0,633.0
1719242362.9160247,0.0,633.0
1719242363.0762768,0.0,633.0
1719242363.2176511,0.0,633.0
1719242363.3560138,0.0,633.0
1719242363.4921668,0.0,633.0
1719242363.626505,0.0,633.0
1719242363.7558732,0.0,633.0
1719242363.8926022,0.0,633.0
1719242364.028777,0.0,633.0
1719242364.1641214,0.0,633.0
1719242364.33274,0.0,633.0
1719242364.499992,0.0,633.0
1719242364.6658852,0.0,633.0
1719242364.839233,0.0,633.0
1719242364.9947383,0.0,633.0
1719242365.1483862,0.0,633.0
1719242365.3153121,0.0,633.0
1719242365.4699068,0.0,633.0
1719242365.6191678,0.0,633.0
1719242365.7808926,0.0,633.0
1719242365.9441173,0.0,633.0
1719242366.097247,0.0,633.0
1719242366.2370846,0.0,633.0
1719242366.449871,0.0,633.0
1719242366.6544986,0.0,633.0
1719242366.847494,0.0,633.0
1719242367.010733,0.0,633.0
1719242367.1898596,0.0,633.0
1719242367.3480167,0.0,633.0
1719242367.4971087,0.0,633.0
1719242367.660753,0.0,633.0
1719242367.8124278,0.0,633.0
1719242367.9513948,0.0,633.0
1719242368.0921,0.0,633.0
1719242368.2284386,0.0,633.0
1719242368.3616033,0.0,633.0
1719242368.491857,0.0,633.0
1719242368.6287868,0.0,633.0
1719242368.7641103,0.0,633.0
1719242368.9257214,0.0,633.0
1719242369.0907483,0.0,633.0
1719242369.2369325,0.0,633.0
1719242369.3998692,0.0,633.0
1719242369.5582101,0.0,633.0
1719242369.7473118,0.0,633.0
1719242369.8909826,0.0,633.0
1719242370.054046,0.0,633.0
1719242370.2023327,0.0,633.0
1719242370.349125,0.0,633.0
1719242370.5159297,0.0,633.0
1719242370.6747725,0.0,633.0
1719242370.826646,0.0,633.0
1719242370.9700384,0.0,633.0
1719242371.1777298,0.0,633.0
1719242371.371073,0.0,633.0
1719242371.5594337,0.0,633.0
1719242371.7510383,0.0,633.0
1719242371.9359503,0.0,633.0
1719242372.131121,0.0,633.0
1719242372.2981968,0.0,633.0
1719242372.4648263,0.0,633.0
1719242372.6080532,0.0,633.0
1719242372.7494843,0.0,633.0
1719242372.886215,0.0,633.0
1719242373.0195878,0.0,633.0
1719242373.1555219,0.0,633.0
1719242373.2927485,0.0,633.0
1719242373.427798,0.0,633.0
1719242373.5905452,0.0,633.0
1719242373.7537222,0.0,633.0
1719242373.9060833,0.0,633.0
1719242374.0731034,0.0,633.0
1719242374.226513,0.0,633.0
1719242374.4212413,0.0,633.0
1719242374.5669048,0.0,633.0
1719242374.736347,0.0,633.0
1719242374.89542,0.0,633.0
1719242375.0630827,0.0,633.0
1719242375.2262602,0.0,633.0
1719242375.3791063,0.0,633.0
1719242375.5283802,0.0,633.0
1719242375.715962,0.0,633.0
1719242375.9181464,0.0,633.0
1719242376.119006,0.0,633.0
1719242376.3158424,0.0,633.0
1719242376.5131207,0.0,633.0
1719242376.6890008,0.0,633.0
1719242376.857665,0.0,633.0
1719242377.016912,0.0,633.0
1719242377.1577735,0.0,633.0
1719242377.2958624,0.0,633.0
1719242377.4321964,0.0,633.0
1719242377.5693314,0.0,633.0
1719242377.6999831,0.0,633.0
1719242377.8373728,0.0,633.0
1719242377.9745834,0.0,633.0
1719242378.1126933,0.0,633.0
1719242378.2725828,0.0,633.0
1719242378.4281006,0.0,633.0
1719242378.582738,0.0,633.0
1719242378.7340834,0.0,633.0
1719242378.9112947,0.0,633.0
1719242379.057485,0.0,633.0
1719242379.2201812,0.0,633.0
1719242379.3679988,0.0,633.0
1719242379.5164719,0.0,633.0
1719242379.6752388,0.0,633.0
1719242379.8313117,0.0,633.0
1719242379.9892545,0.0,633.0
1719242380.1319158,0.0,633.0
1719242380.3487234,0.0,633.0
1719242380.5556147,0.0,633.0
1719242380.7614374,0.0,633.0
1719242380.9097972,0.0,633.0
1719242381.1018386,0.0,633.0
1719242381.2624547,0.0,633.0
1719242381.4421465,0.0,633.0
1719242381.5925968,0.0,633.0
1719242381.7357287,0.0,633.0
1719242381.8747656,0.0,633.0
1719242382.0128217,0.0,633.0
1719242382.1486037,0.0,633.0
1719242382.2798953,0.0,633.0
1719242382.4172356,0.0,633.0
1719242382.553017,0.0,633.0
1719242382.6893055,0.0,633.0
1719242382.8614054,0.0,633.0
1719242383.0165925,0.0,633.0
1719242383.1643393,0.0,633.0
1719242383.3345997,0.0,633.0
1719242383.5216687,0.0,633.0
1719242383.673441,0.0,633.0
1719242383.8355541,0.0,633.0
1719242383.980005,0.0,633.0
1719242384.144936,0.0,633.0
1719242384.2985165,0.0,633.0
1719242384.4691823,0.0,633.0
1719242384.6177244,0.0,633.0
1719242384.9882035,0.0,633.0
1719242385.1783643,0.0,633.0
1719242385.366275,0.0,633.0
1719242385.5152771,0.0,633.0
1719242385.7004297,0.0,633.0
1719242385.8597765,0.0,633.0
1719242386.0061507,0.0,633.0
1719242386.1624544,0.0,633.0
1719242386.30557,0.0,633.0
1719242386.4433682,0.0,633.0
1719242386.5812,0.0,633.0
1719242386.716577,0.0,633.0
1719242386.8468115,0.0,633.0
1719242386.9839067,0.0,633.0
1719242387.1203554,0.0,633.0
1719242387.2575474,0.0,633.0
1719242387.420193,0.0,633.0
1719242387.581314,0.0,633.0
1719242387.734276,0.0,633.0
1719242387.8882709,0.0,633.0
1719242388.0728445,0.0,633.0
1719242388.2154555,0.0,633.0
1719242388.3643498,0.0,633.0
1719242388.5078285,0.0,633.0
1719242388.6546805,0.0,633.0
1719242388.8141747,0.0,633.0
1719242388.9854465,0.0,633.0
1719242389.1369894,0.0,633.0
1719242389.279811,0.0,633.0
1719242389.4824903,0.0,633.0
1719242389.6865294,0.0,633.0
1719242389.886916,0.0,633.0
1719242390.0401146,0.0,633.0
1719242390.22186,0.0,633.0
1719242390.4115663,0.0,633.0
1719242390.586963,0.0,633.0
1719242390.7450516,0.0,633.0
1719242390.883111,0.0,633.0
1719242391.0198092,0.0,633.0
1719242391.15677,0.0,633.0
1719242391.2886584,0.0,633.0
1719242391.4231207,0.0,633.0
1719242391.5608175,0.0,633.0
1719242391.697255,0.0,633.0
1719242391.854821,0.0,633.0
1719242392.0081966,0.0,633.0
1719242392.1603925,0.0,633.0
1719242392.3286612,0.0,633.0
1719242392.4941776,0.0,633.0
1719242392.6651163,0.0,633.0
1719242392.8084776,0.0,633.0
1719242392.9739654,0.0,633.0
1719242393.136319,0.0,633.0
1719242393.294713,0.0,633.0
1719242393.4515932,0.0,633.0
1719242393.5984647,0.0,633.0
1719242393.7553751,0.0,633.0
1719242393.9568563,0.0,633.0
1719242394.1661112,0.0,633.0
1719242394.3599398,0.0,633.0
1719242394.5416045,0.0,633.0
1719242394.7389452,0.0,633.0
1719242394.9079368,0.0,633.0
1719242395.0615628,0.0,633.0
1719242395.2131114,0.0,633.0
1719242395.3663306,0.0,633.0
1719242395.5024161,0.0,633.0
1719242395.639662,0.0,633.0
1719242395.7770612,0.0,633.0
1719242395.9095614,0.0,633.0
1719242396.0467763,0.0,633.0
1719242396.1852813,0.0,633.0
1719242396.3412976,0.0,633.0
1719242396.5343409,0.0,633.0
1719242396.701935,0.0,633.0
1719242396.8546686,0.0,633.0
1719242397.0271423,0.0,633.0
1719242397.1698027,0.0,633.0
1719242397.3174932,0.0,633.0
1719242397.4655137,0.0,633.0
1719242397.628428,0.0,633.0
1719242397.8059464,0.0,633.0
1719242397.9732275,0.0,633.0
1719242398.138164,0.0,633.0
1719242398.2845008,0.0,633.0
1719242398.4863908,0.0,633.0
1719242398.687641,0.0,633.0
1719242398.8789508,0.0,633.0
1719242399.0589159,0.0,633.0
1719242399.2513103,0.0,633.0
1719242399.4057157,0.0,633.0
1719242399.564272,0.0,633.0
1719242399.7150347,0.0,633.0
1719242399.875204,0.0,633.0
1719242400.0149987,0.0,633.0
1719242400.153519,0.0,633.0
1719242400.2882922,0.0,633.0
1719242400.419514,0.0,633.0
1719242400.5617359,0.0,633.0
1719242400.704914,0.0,633.0
1719242400.8459797,0.0,633.0
1719242401.0038025,0.0,633.0
1719242401.1700017,0.0,633.0
1719242401.3381128,0.0,633.0
1719242401.5135086,0.0,633.0
1719242401.6831586,0.0,633.0
1719242401.82769,0.0,633.0
1719242401.984371,0.0,633.0
1719242402.1293783,0.0,633.0
1719242402.288172,0.0,633.0
1719242402.4666362,0.0,633.0
1719242402.6356366,0.0,633.0
1719242402.7905176,0.0,633.0
1719242402.9654975,0.0,633.0
1719242403.1700313,0.0,633.0
1719242403.338905,0.0,633.0
1719242403.542169,0.0,633.0
1719242403.7316558,0.0,633.0
1719242403.8941596,0.0,633.0
1719242404.0321143,0.0,633.0
1719242404.1841474,0.0,633.0
1719242404.3363373,0.0,633.0
1719242404.4814742,0.0,633.0
1719242404.6189198,0.0,633.0
1719242404.7565675,0.0,633.0
1719242404.8915966,0.0,633.0
1719242405.025241,0.0,633.0
1719242405.161534,0.0,633.0
1719242405.2980146,0.0,633.0
1719242405.4629683,0.0,633.0
1719242405.6342332,0.0,633.0
1719242405.7807002,0.0,633.0
1719242405.9463644,0.0,633.0
1719242406.119605,0.0,633.0
1719242406.2776313,0.0,633.0
1719242406.4682372,0.0,633.0
1719242406.611992,0.0,633.0
1719242406.7581315,0.0,633.0
1719242406.912589,0.0,633.0
1719242407.080567,0.0,633.0
1719242407.2417235,0.0,633.0
1719242407.3860464,0.0,633.0
1719242407.58973,0.0,633.0
1719242407.7982955,0.0,633.0
1719242407.9867148,0.0,633.0
1719242408.1569166,0.0,633.0
1719242408.3628714,0.0,633.0
1719242408.5167592,0.0,633.0
1719242408.6925876,0.0,633.0
1719242408.8477597,0.0,633.0
1719242408.9849412,0.0,633.0
1719242409.1225922,0.0,633.0
1719242409.2590294,0.0,633.0
1719242409.3898237,0.0,633.0
1719242409.526798,0.0,633.0
1719242409.6656892,0.0,633.0
1719242409.8021057,0.0,633.0
1719242409.9862158,0.0,633.0
1719242410.1353145,0.0,633.0
1719242410.3019757,0.0,633.0
1719242410.4550064,0.0,633.0
1719242410.6153095,0.0,633.0
1719242410.77546,0.0,633.0
1719242410.928743,0.0,633.0
1719242411.082506,0.0,633.0
1719242411.2509046,0.0,633.0
1719242411.426238,0.0,633.0
1719242411.611314,0.0,633.0
1719242411.7664614,0.0,633.0
1719242411.9222724,0.0,633.0
1719242412.132532,0.0,633.0
1719242412.317289,0.0,633.0
1719242412.5054245,0.0,633.0
1719242412.660425,0.0,633.0
1719242412.8592987,0.0,633.0
1719242413.0221536,0.0,633.0
1719242413.179005,0.0,633.0
1719242413.3394532,0.0,633.0
1719242413.4819317,0.0,633.0
1719242413.6199052,0.0,633.0
1719242413.7586412,0.0,633.0
1719242413.892611,0.0,633.0
1719242414.0270214,0.0,633.0
1719242414.163994,0.0,633.0
1719242414.3011749,0.0,633.0
1719242414.4785218,0.0,633.0
1719242414.6346672,0.0,633.0
1719242414.7941518,0.0,633.0
1719242414.9688342,0.0,633.0
1719242415.1263342,0.0,633.0
1719242415.264416,0.0,633.0
1719242415.4120314,0.0,633.0
1719242415.5643897,0.0,633.0
1719242415.7336502,0.0,633.0
1719242415.8912883,0.0,633.0
1719242416.0398343,0.0,633.0
1719242416.198002,0.0,633.0
1719242416.3540132,0.0,633.0
1719242416.5018587,0.0,633.0
1719242416.7124414,0.0,633.0
1719242416.8965971,0.0,633.0
1719242417.0828476,0.0,633.0
1719242417.2516348,0.0,633.0
1719242417.460733,0.0,633.0
1719242417.6202984,0.0,633.0
1719242417.7839117,0.0,633.0
1719242417.9470377,0.0,633.0
1719242418.083575,0.0,633.0
1719242418.22361,0.0,633.0
1719242418.359317,0.0,633.0
1719242418.4908025,0.0,633.0
1719242418.6208744,0.0,633.0
1719242418.7574148,0.0,633.0
1719242418.8947265,0.0,633.0
1719242419.0312943,0.0,633.0
1719242419.2057846,0.0,633.0
1719242419.3686738,0.0,633.0
1719242419.521091,0.0,633.0
1719242419.6877193,0.0,633.0
1719242419.8744097,0.0,633.0
1719242420.0165377,0.0,633.0
1719242420.163161,0.0,633.0
1719242420.3034687,0.0,633.0
1719242420.4686809,0.0,633.0
1719242420.6162047,0.0,633.0
1719242420.7774947,0.0,633.0
1719242420.927295,0.0,633.0
1719242421.072678,0.0,633.0
1719242421.2783368,0.0,633.0
1719242421.4818788,0.0,633.0
1719242421.6756916,0.0,633.0
1719242421.840605,0.0,633.0
1719242422.0264716,0.0,633.0
1719242422.1971185,0.0,633.0
1719242422.3593016,0.0,633.0
1719242422.5293183,0.0,633.0
1719242422.6676676,0.0,633.0
1719242422.8054905,0.0,633.0
1719242422.942752,0.0,633.0
1719242423.0768147,0.0,633.0
1719242423.2109349,0.0,633.0
1719242423.3494644,0.0,633.0
1719242423.4842918,0.0,633.0
1719242423.660618,0.0,633.0
1719242423.8283794,0.0,633.0
1719242423.978138,0.0,633.0
1719242424.143622,0.0,633.0
1719242424.2980752,0.0,633.0
1719242424.4718914,0.0,633.0
1719242424.6255505,0.0,633.0
1719242424.7848973,0.0,633.0
1719242424.9492083,0.0,633.0
1719242425.1356432,0.0,633.0
1719242425.2967627,0.0,633.0
1719242425.4479873,0.0,633.0
1719242425.5938141,0.0,633.0
1719242425.7944446,0.0,633.0
1719242426.005939,0.0,633.0
1719242426.1945245,0.0,633.0
1719242426.3660836,0.0,633.0
1719242426.5535297,0.0,633.0
1719242426.7379112,0.0,633.0
1719242426.9080043,0.0,633.0
1719242427.0617633,0.0,633.0
1719242427.2,0.0,633.0
1719242427.3369815,0.0,633.0
1719242427.4738977,0.0,633.0
1719242427.608697,0.0,633.0
1719242427.744069,0.0,633.0
1719242427.8814769,0.0,633.0
1719242428.017803,0.0,633.0
1719242428.181172,0.0,633.0
1719242428.3464594,0.0,633.0
1719242428.5136614,0.0,633.0
1719242428.6640735,0.0,633.0
1719242428.8277407,0.0,633.0
1719242429.0050526,0.0,633.0
1719242429.1543612,0.0,633.0
1719242429.3093047,0.0,633.0
1719242429.458849,0.0,633.0
1719242429.6208951,0.0,633.0
1719242429.7762272,0.0,633.0
1719242429.925254,0.0,633.0
1719242430.0822668,0.0,633.0
1719242430.2897775,0.0,633.0
1719242430.4999897,0.0,633.0
1719242430.7102618,0.0,633.0
1719242430.8828278,0.0,633.0
1719242431.0835955,0.0,633.0
1719242431.2471375,0.0,633.0
1719242431.4073927,0.0,633.0
1719242431.571364,0.0,633.0
1719242431.712384,0.0,633.0
1719242431.8495088,0.0,633.0
1719242431.9881756,0.0,633.0
1719242432.1238751,0.0,633.0
1719242432.2596378,0.0,633.0
1719242432.3973806,0.0,633.0
1719242432.5346158,0.0,633.0
1719242432.7055328,0.0,633.0
1719242432.8662026,0.0,633.0
1719242433.0392206,0.0,633.0
1719242433.2092814,0.0,633.0
1719242433.370645,0.0,633.0
1719242433.5520732,0.0,633.0
1719242433.6949804,0.0,633.0
1719242433.8518472,0.0,633.0
1719242433.991531,0.0,633.0
1719242434.1363041,0.0,633.0
1719242434.2931776,0.0,633.0
1719242434.4644022,0.0,633.0
1719242434.617433,0.0,633.0
1719242434.7597897,0.0,633.0
1719242434.9575787,0.0,633.0
1719242435.166123,0.0,633.0
1719242435.3548052,0.0,633.0
1719242435.516973,0.0,633.0
1719242435.7302773,0.0,633.0
1719242435.9028172,0.0,633.0
1719242436.0661309,0.0,633.0
1719242436.2219687,0.0,633.0
1719242436.3580096,0.0,633.0
1719242436.4967542,0.0,633.0
1719242436.6327112,0.0,633.0
1719242436.7655637,0.0,633.0
1719242436.895939,0.0,633.0
1719242437.0322397,0.0,633.0
1719242437.1688147,0.0,633.0
1719242437.3051333,0.0,633.0
1719242437.490035,0.0,633.0
1719242437.6475346,0.0,633.0
1719242437.8166225,0.0,633.0
1719242437.9706914,0.0,633.0
1719242438.1281633,0.0,633.0
1719242438.2733607,0.0,633.0
1719242438.4418037,0.0,633.0
1719242438.5786488,0.0,633.0
1719242438.7298784,0.0,633.0
1719242438.8832996,0.0,633.0
1719242439.0564232,0.0,633.0
1719242439.2129874,0.0,633.0
1719242439.371938,0.0,633.0
1719242439.5766642,0.0,633.0
1719242439.745962,0.0,633.0
1719242439.9338238,0.0,633.0
1719242440.0857763,0.0,633.0
1719242440.2710445,0.0,633.0
1719242440.4172122,0.0,633.0
1719242440.5798597,0.0,633.0
1719242440.735736,0.0,633.0
1719242440.8798745,0.0,633.0
1719242441.015836,0.0,633.0
1719242441.1533604,0.0,633.0
1719242441.2898617,0.0,633.0
1719242441.4200284,0.0,633.0
1719242441.5497694,0.0,633.0
1719242441.687199,0.0,633.0
1719242441.82245,0.0,633.0
1719242441.9749591,0.0,633.0
1719242442.13914,0.0,633.0
1719242442.29439,0.0,633.0
1719242442.4462335,0.0,633.0
1719242442.6124256,0.0,633.0
1719242442.7869036,0.0,633.0
1719242442.9425266,0.0,633.0
1719242443.1034594,0.0,633.0
1719242443.2622302,0.0,633.0
1719242443.4209058,0.0,633.0
1719242443.567435,0.0,633.0
1719242443.7256114,0.0,633.0
1719242443.8835418,0.0,633.0
1719242444.0592062,0.0,633.0
1719242444.2479465,0.0,633.0
1719242444.3911133,0.0,633.0
1719242444.6030972,0.0,633.0
1719242444.7849312,0.0,633.0
1719242444.9924574,0.0,633.0
1719242445.1332889,0.0,633.0
1719242445.3037786,0.0,633.0
1719242445.4499497,0.0,633.0
1719242445.5889494,0.0,633.0
1719242445.7269473,0.0,633.0
1719242445.8631418,0.0,633.0
1719242445.995003,0.0,633.0
1719242446.1312697,0.0,633.0
1719242446.2682781,0.0,633.0
1719242446.4063914,0.0,633.0
1719242446.5683982,0.0,633.0
1719242446.7269819,0.0,633.0
1719242446.8905103,0.0,633.0
1719242447.0396533,0.0,633.0
1719242447.2034998,0.0,633.0
1719242447.3775096,0.0,633.0
1719242447.5328279,0.0,633.0
1719242447.6962285,0.0,633.0
1719242447.855835,0.0,633.0
1719242448.0374255,0.0,633.0
1719242448.197441,0.0,633.0
1719242448.3543613,0.0,633.0
1719242448.5013523,0.0,633.0
1719242448.7082381,0.0,633.0
1719242448.916506,0.0,633.0
1719242449.1029,0.0,633.0
1719242449.2855024,0.0,633.0
1719242449.470976,0.0,633.0
1719242449.6514604,0.0,633.0
1719242449.8151855,0.0,633.0
1719242449.9722545,0.0,633.0
1719242450.1188264,0.0,633.0
1719242450.2559867,0.0,633.0
1719242450.3920584,0.0,633.0
1719242450.528107,0.0,633.0
1719242450.659492,0.0,633.0
1719242450.8480036,0.0,633.0
1719242450.988371,0.0,633.0
1719242451.1473343,0.0,633.0
1719242451.3266673,0.0,633.0
1719242451.4788892,0.0,633.0
1719242451.647971,0.0,633.0
1719242451.8290904,0.0,633.0
1719242451.9783077,0.0,633.0
1719242452.1405568,0.0,633.0
1719242452.2878077,0.0,633.0
1719242452.441643,0.0,633.0
1719242452.6061094,0.0,633.0
1719242452.7761216,0.0,633.0
1719242452.9313402,0.0,633.0
1719242453.0835671,0.0,633.0
1719242453.279964,0.0,633.0
1719242453.4695091,0.0,633.0
1719242453.6602511,0.0,633.0
1719242453.8188462,0.0,633.0
1719242454.006196,0.0,633.0
1719242454.187278,0.0,633.0
1719242454.352826,0.0,633.0
1719242454.5027072,0.0,633.0
1719242454.6508594,0.0,633.0
1719242454.7915866,0.0,633.0
1719242454.928311,0.0,633.0
1719242455.064108,0.0,633.0
1719242455.1974761,0.0,633.0
1719242455.3361766,0.0,633.0
1719242455.4722953,0.0,633.0
1719242455.6098745,0.0,633.0
1719242455.7714324,0.0,633.0
1719242455.9317648,0.0,633.0
1719242456.0886762,0.0,633.0
1719242456.2511985,0.0,633.0
1719242456.4215727,0.0,633.0
1719242456.5690465,0.0,633.0
1719242456.7211897,0.0,633.0
1719242456.8640015,0.0,633.0
1719242457.0132272,0.0,633.0
1719242457.1775439,0.0,633.0
1719242457.3299592,0.0,633.0
1719242457.4943032,0.0,633.0
1719242457.6515791,0.0,633.0
1719242457.8478222,0.0,633.0
1719242458.0444555,0.0,633.0
1719242458.2471237,0.0,633.0
1719242458.405799,0.0,633.0
1719242458.5894318,0.0,633.0
1719242458.74918,0.0,633.0
1719242458.919446,0.0,633.0
1719242459.0786417,0.0,633.0
1719242459.2219152,0.0,633.0
1719242459.3588557,0.0,633.0
1719242459.4974115,0.0,633.0
1719242459.6315787,0.0,633.0
1719242459.7655647,0.0,633.0
1719242459.9050343,0.0,633.0
1719242460.040063,0.0,633.0
1719242460.2110927,0.0,633.0
1719242460.371568,0.0,633.0
1719242460.5335445,0.0,633.0
1719242460.691186,0.0,633.0
1719242460.8489172,0.0,633.0
1719242461.020185,0.0,633.0
1719242461.1798067,0.0,633.0
1719242461.3264248,0.0,633.0
1719242461.4885437,0.0,633.0
1719242461.6673057,0.0,633.0
1719242461.817453,0.0,633.0
1719242461.9748323,0.0,633.0
1719242462.118358,0.0,633.0
1719242462.3217995,0.0,633.0
1719242462.5349824,0.0,633.0
1719242462.7259572,0.0,633.0
1719242462.8946931,0.0,633.0
1719242463.0814753,0.0,633.0
1719242463.2389865,0.0,633.0
1719242463.4082081,0.0,633.0
1719242463.5669963,0.0,633.0
1719242463.712735,0.0,633.0
1719242463.8515818,0.0,633.0
1719242463.9891753,0.0,633.0
1719242464.1238387,0.0,633.0
1719242464.255292,0.0,633.0
1719242464.392292,0.0,633.0
1719242464.5290442,0.0,633.0
1719242464.667062,0.0,633.0
1719242464.8156958,0.0,633.0
1719242464.9688144,0.0,633.0
1719242465.132297,0.0,633.0
1719242465.281892,0.0,633.0
1719242465.4332213,0.0,633.0
1719242465.609724,0.0,633.0
1719242465.758562,0.0,633.0
1719242465.913504,0.0,633.0
1719242466.0704668,0.0,633.0
1719242466.2313128,0.0,633.0
1719242466.3753157,0.0,633.0
1719242466.5392847,0.0,633.0
1719242466.701199,0.0,633.0
1719242466.907549,0.0,633.0
1719242467.1118271,0.0,633.0
1719242467.3003187,0.0,633.0
1719242467.4886858,0.0,633.0
1719242467.6776612,0.0,633.0
1719242467.85232,0.0,633.0
1719242467.9995596,0.0,633.0
1719242468.1627295,0.0,633.0
1719242468.312143,0.0,633.0
1719242468.4516504,0.0,633.0
1719242468.5902863,0.0,633.0
1719242468.7277007,0.0,633.0
1719242468.8609936,0.0,633.0
1719242469.0015886,0.0,633.0
1719242469.140711,0.0,633.0
1719242469.3084567,0.0,633.0
1719242469.4750338,0.0,633.0
1719242469.636732,0.0,633.0
1719242469.8275752,0.0,633.0
1719242469.9825308,0.0,633.0
1719242470.1737785,0.0,633.0
1719242470.3376496,0.0,633.0
1719242470.493806,0.0,633.0
1719242470.6544018,0.0,633.0
1719242470.8241434,0.0,633.0
1719242470.991308,0.0,633.0
1719242471.1465154,0.0,633.0
1719242471.296341,0.0,633.0
1719242471.5068872,0.0,633.0
1719242471.6990519,0.0,633.0
1719242471.892256,0.0,633.0
1719242472.0696795,0.0,633.0
1719242472.2603173,0.0,633.0
1719242472.410329,0.0,633.0
1719242472.5667274,0.0,633.0
1719242472.7248127,0.0,633.0
1719242472.8887324,0.0,633.0
1719242473.0297687,0.0,633.0
1719242473.168264,0.0,633.0
1719242473.3066714,0.0,633.0
1719242473.4458153,0.0,633.0
1719242473.5819902,0.0,633.0
1719242473.7189095,0.0,633.0
1719242473.855246,0.0,633.0
1719242474.0164165,0.0,633.0
1719242474.1845703,0.0,633.0
1719242474.3516936,0.0,633.0
1719242474.503306,0.0,633.0
1719242474.6803806,0.0,633.0
1719242474.8241656,0.0,633.0
1719242474.9761436,0.0,633.0
1719242475.1149049,0.0,633.0
1719242475.280229,0.0,633.0
1719242475.4383326,0.0,633.0
1719242475.62137,0.0,633.0
1719242475.7911956,0.0,633.0
1719242475.953653,0.0,633.0
1719242476.159774,0.0,633.0
1719242476.3060527,0.0,633.0
1719242476.4943364,0.0,633.0
1719242476.638322,0.0,633.0
1719242476.8151443,0.0,633.0
1719242476.99704,0.0,633.0
1719242477.1715631,0.0,633.0
1719242477.32604,0.0,633.0
1719242477.4662552,0.0,633.0
1719242477.6048157,0.0,633.0
1719242477.7435784,0.0,633.0
1719242477.8779385,0.0,633.0
1719242478.0135112,0.0,633.0
1719242478.1503372,0.0,633.0
1719242478.2893324,0.0,633.0
1719242478.4449668,0.0,633.0
1719242478.5998936,0.0,633.0
1719242478.7550502,0.0,633.0
1719242478.9298592,0.0,633.0
1719242479.0786376,0.0,633.0
1719242479.2611196,0.0,633.0
1719242479.4178536,0.0,633.0
1719242479.5668235,0.0,633.0
1719242479.730126,0.0,633.0
1719242479.9002962,0.0,633.0
1719242480.0668182,0.0,633.0
1719242480.2438476,0.0,633.0
1719242480.4141338,0.0,633.0
1719242480.5915337,0.0,633.0
1719242480.8046982,0.0,633.0
1719242480.9605477,0.0,633.0
1719242481.1471767,0.0,633.0
1719242481.3018978,0.0,633.0
1719242481.4959714,0.0,633.0
1719242481.6721513,0.0,633.0
1719242481.8335664,0.0,633.0
1719242481.997713,0.0,633.0
1719242482.1375244,0.0,633.0
1719242482.2784271,0.0,633.0
1719242482.4139476,0.0,633.0
1719242482.5452774,0.0,633.0
1719242482.6827517,0.0,633.0
1719242482.8229775,0.0,633.0
1719242482.9597867,0.0,633.0
1719242483.1289809,0.0,633.0
1719242483.2817202,0.0,633.0
1719242483.4317977,0.0,633.0
1719242483.5867608,0.0,633.0
1719242483.7558377,0.0,633.0
1719242483.898279,0.0,633.0
1719242484.0771687,0.0,633.0
1719242484.2198265,0.0,633.0
1719242484.381141,0.0,633.0
1719242484.534678,0.0,633.0
1719242484.7008169,0.0,633.0
1719242484.8482468,0.0,633.0
1719242485.002148,0.0,633.0
1719242485.192704,0.0,633.0
1719242485.392234,0.0,633.0
1719242485.5792613,0.0,633.0
1719242485.7404482,0.0,633.0
1719242485.9318733,0.0,633.0
1719242486.1031325,0.0,633.0
1719242486.2593114,0.0,633.0
1719242486.4255345,0.0,633.0
1719242486.566519,0.0,633.0
1719242486.704101,0.0,633.0
1719242486.841603,0.0,633.0
1719242486.9768658,0.0,633.0
1719242487.1125023,0.0,633.0
1719242487.2493253,0.0,633.0
1719242487.3830605,0.0,633.0
1719242487.5440369,0.0,633.0
1719242487.696247,0.0,633.0
1719242487.8453612,0.0,633.0
1719242487.9876308,0.0,633.0
1719242488.1449358,0.0,633.0
1719242488.3431582,0.0,633.0
1719242488.5004592,0.0,633.0
1719242488.6972187,0.0,633.0
1719242488.851069,0.0,633.0
1719242488.997789,0.0,633.0
1719242489.1507246,0.0,633.0
1719242489.3083315,0.0,633.0
1719242489.452,0.0,633.0
1719242489.658917,0.0,633.0
1719242489.866506,0.0,633.0
1719242490.0787702,0.0,633.0
1719242490.2520168,0.0,633.0
1719242490.4428718,0.0,633.0
1719242490.600901,0.0,633.0
1719242490.7555494,0.0,633.0
1719242490.91501,0.0,633.0
1719242491.0527897,0.0,633.0
1719242491.1913052,0.0,633.0
1719242491.3278515,0.0,633.0
1719242491.461074,0.0,633.0
1719242491.5909424,0.0,633.0
1719242491.7275605,0.0,633.0
1719242491.8624072,0.0,633.0
1719242491.9984457,0.0,633.0
1719242492.1612203,0.0,633.0
1719242492.3117077,0.0,633.0
1719242492.4670236,0.0,633.0
1719242492.6198776,0.0,633.0
1719242492.795996,0.0,633.0
1719242492.9445343,0.0,633.0
1719242493.1035824,0.0,633.0
1719242493.2469008,0.0,633.0
1719242493.3975883,0.0,633.0
1719242493.5625083,0.0,633.0
1719242493.7270417,0.0,633.0
1719242493.8855329,0.0,633.0
1719242494.040264,0.0,633.0
1719242494.2352252,0.0,633.0
1719242494.4660432,0.0,633.0
1719242494.6856778,0.0,633.0
1719242494.8349655,0.0,633.0
1719242495.0315452,0.0,633.0
1719242495.1826625,0.0,633.0
1719242495.3562553,0.0,633.0
1719242495.5113313,0.0,633.0
1719242495.6500301,0.0,633.0
1719242495.7860723,0.0,633.0
1719242495.9235337,0.0,633.0
1719242496.0589206,0.0,633.0
1719242496.192621,0.0,633.0
1719242496.3307366,0.0,633.0
1719242496.468956,0.0,633.0
1719242496.6405954,0.0,633.0
1719242496.8098094,0.0,633.0
1719242497.1425056,0.0,633.0
1719242497.300234,0.0,633.0
1719242497.4723415,0.0,633.0
1719242497.636935,0.0,633.0
1719242497.7900305,0.0,633.0
1719242497.952572,0.0,633.0
1719242498.117037,0.0,633.0
1719242498.3004303,0.0,633.0
1719242498.4460905,0.0,633.0
1719242498.5901682,0.0,633.0
1719242498.7783165,0.0,633.0
1719242498.9682572,0.0,633.0
1719242499.1625023,0.0,633.0
1719242499.3447738,0.0,633.0
1719242499.532099,0.0,633.0
1719242499.7179933,0.0,633.0
1719242499.877758,0.0,633.0
1719242500.0320091,0.0,633.0
1719242500.1695015,0.0,633.0
1719242500.309816,0.0,633.0
1719242500.4455981,0.0,633.0
1719242500.5790555,0.0,633.0
1719242500.7220411,0.0,633.0
1719242500.8592799,0.0,633.0
1719242500.9949322,0.0,633.0
1719242501.1325388,0.0,633.0
1719242501.2921846,0.0,633.0
1719242501.449301,0.0,633.0
1719242501.5934367,0.0,633.0
1719242501.7488868,0.0,633.0
1719242501.912035,0.0,633.0
1719242502.055461,0.0,633.0
1719242502.210368,0.0,633.0
1719242502.3548284,0.0,633.0
1719242502.5121531,0.0,633.0
1719242502.6777894,0.0,633.0
1719242502.870715,0.0,633.0
1719242503.033831,0.0,633.0
1719242503.1886706,0.0,633.0
1719242503.3716881,0.0,633.0
1719242503.5768247,0.0,633.0
1719242503.760943,0.0,633.0
1719242503.9320152,0.0,633.0
1719242504.1314094,0.0,633.0
1719242504.2983654,0.0,633.0
1719242504.4549863,0.0,633.0
1719242504.6049657,0.0,633.0
1719242504.7449422,0.0,633.0
1719242504.8823829,0.0,633.0
1719242505.019438,0.0,633.0
1719242505.15701,0.0,633.0
1719242505.2899935,0.0,633.0
1719242505.4260197,0.0,633.0
1719242505.5623713,0.0,633.0
1719242505.6988108,0.0,633.0
1719242505.8827107,0.0,633.0
1719242506.054567,0.0,633.0
1719242506.2057784,0.0,633.0
1719242506.3594484,0.0,633.0
1719242506.5248046,0.0,633.0
1719242506.6770933,0.0,633.0
1719242506.82189,0.0,633.0
1719242506.9616067,0.0,633.0
1719242507.1130416,0.0,633.0
1719242507.2779338,0.0,633.0
1719242507.4500437,0.0,633.0
1719242507.5973692,0.0,633.0
1719242507.754107,0.0,633.0
1719242507.9429421,0.0,633.0
1719242508.1424632,0.0,633.0
1719242508.3301568,0.0,633.0
1719242508.488597,0.0,633.0
1719242508.6907392,0.0,633.0
1719242508.8447142,0.0,633.0
1719242509.001264,0.0,633.0
1719242509.1599095,0.0,633.0
1719242509.301981,0.0,633.0
1719242509.4389346,0.0,633.0
1719242509.5764563,0.0,633.0
1719242509.715827,0.0,633.0
1719242509.8491735,0.0,633.0
1719242509.985264,0.0,633.0
1719242510.12076,0.0,633.0
1719242510.2863874,0.0,633.0
1719242510.4384906,0.0,633.0
1719242510.5910513,0.0,633.0
1719242510.7629256,0.0,633.0
1719242510.9103677,0.0,633.0
1719242511.0924203,0.0,633.0
1719242511.2365668,0.0,633.0
1719242511.4050105,0.0,633.0
1719242511.5480227,0.0,633.0
1719242511.6940656,0.0,633.0
1719242511.8478625,0.0,633.0
1719242512.0446942,0.0,633.0
1719242512.2040157,0.0,633.0
1719242512.3619003,0.0,633.0
1719242512.5525002,0.0,633.0
1719242512.7388203,0.0,633.0
1719242512.930564,0.0,633.0
1719242513.090378,0.0,633.0
1719242513.287815,0.0,633.0
1719242513.4553387,0.0,633.0
1719242513.6219108,0.0,633.0
1719242513.7847857,0.0,633.0
1719242513.9238932,0.0,633.0
1719242514.060725,0.0,633.0
1719242514.196952,0.0,633.0
1719242514.3322098,0.0,633.0
1719242514.462487,0.0,633.0
1719242514.5999684,0.0,633.0
1719242514.7351723,0.0,633.0
1719242514.8765185,0.0,633.0
1719242515.036935,0.0,633.0
1719242515.195756,0.0,633.0
1719242515.3858302,0.0,633.0
1719242515.5558536,0.0,633.0
1719242515.7400498,0.0,633.0
1719242515.9100022,0.0,633.0
1719242516.0525384,0.0,633.0
1719242516.2156606,0.0,633.0
1719242516.3634894,0.0,633.0
1719242516.5246654,0.0,633.0
1719242516.6854217,0.0,633.0
1719242516.8307524,0.0,633.0
1719242517.031294,0.0,633.0
1719242517.2426314,0.0,633.0
1719242517.4306197,0.0,633.0
1719242517.590715,0.0,633.0
1719242517.7957711,0.0,633.0
1719242517.9658167,0.0,633.0
1719242518.1444561,0.0,633.0
1719242518.2946248,0.0,633.0
1719242518.4311035,0.0,633.0
1719242518.5716858,0.0,633.0
1719242518.7082133,0.0,633.0
1719242518.841618,0.0,633.0
1719242518.9730842,0.0,633.0
1719242519.1106162,0.0,633.0
1719242519.245125,0.0,633.0
1719242519.404306,0.0,633.0
1719242519.5719912,0.0,633.0
1719242519.7298007,0.0,633.0
1719242519.8973556,0.0,633.0
1719242520.048808,0.0,633.0
1719242520.1996958,0.0,633.0
1719242520.3435757,0.0,633.0
1719242520.4883344,0.0,633.0
1719242520.6355264,0.0,633.0
1719242520.7896724,0.0,633.0
1719242520.9639204,0.0,633.0
1719242521.1142633,0.0,633.0
1719242521.2628436,0.0,633.0
1719242521.4081955,0.0,633.0
1719242521.5997336,0.0,633.0
1719242521.8019326,0.0,633.0
1719242521.99471,0.0,633.0
1719242522.1464942,0.0,633.0
1719242522.3302798,0.0,633.0
1719242522.4943,0.0,633.0
1719242522.6472285,0.0,633.0
1719242522.8049114,0.0,633.0
1719242522.9447227,0.0,633.0
1719242523.097578,0.0,633.0
1719242523.2349544,0.0,633.0
1719242523.3719652,0.0,633.0
1719242523.5105922,0.0,633.0
1719242523.6476526,0.0,633.0
1719242523.7842717,0.0,633.0
