timestamp,gpu_util,gpu_mem
1719328425.2622902,0.0,4.0
1719328425.401478,0.0,4.0
1719328425.536671,0.0,4.0
1719328425.6734855,0.0,21.0
1719328425.8220065,0.0,633.0
1719328425.963848,7.0,633.0
1719328426.1048925,7.0,633.0
1719328426.2742562,0.0,633.0
1719328426.4112127,0.0,633.0
1719328426.5481894,0.0,633.0
1719328426.6841779,0.0,633.0
1719328426.818989,0.0,633.0
1719328426.951005,0.0,633.0
1719328427.0848026,0.0,633.0
1719328427.218059,0.0,633.0
1719328427.352207,0.0,633.0
1719328427.4843853,0.0,633.0
1719328427.615248,0.0,633.0
1719328427.7476928,0.0,633.0
1719328427.8797598,0.0,633.0
1719328428.0081494,0.0,633.0
1719328428.1360269,0.0,633.0
1719328428.2677598,0.0,633.0
1719328428.4037144,0.0,633.0
1719328428.5378823,0.0,633.0
1719328428.6727085,0.0,633.0
1719328428.8042157,0.0,633.0
1719328428.9402115,0.0,633.0
1719328429.0753732,0.0,633.0
1719328429.2103558,0.0,633.0
1719328429.341683,0.0,633.0
1719328429.4737372,0.0,633.0
1719328429.6067786,0.0,633.0
1719328429.744077,0.0,633.0
1719328429.879195,0.0,633.0
1719328430.0141454,0.0,633.0
1719328430.1497326,0.0,633.0
1719328430.2838519,0.0,633.0
1719328430.419135,0.0,633.0
1719328430.5541222,0.0,633.0
1719328430.6906776,0.0,633.0
1719328430.829257,0.0,633.0
1719328430.9673407,0.0,633.0
1719328431.1049366,0.0,633.0
1719328431.2414627,0.0,633.0
1719328431.3793964,0.0,633.0
1719328431.5160043,0.0,633.0
1719328431.6524322,0.0,633.0
1719328431.788918,0.0,633.0
1719328431.9225743,0.0,633.0
1719328432.0571952,0.0,633.0
1719328432.1906545,0.0,633.0
1719328432.328446,0.0,633.0
1719328432.465443,0.0,633.0
1719328432.600013,0.0,633.0
1719328432.7367508,0.0,633.0
1719328432.8707685,0.0,633.0
1719328433.0068538,0.0,633.0
1719328433.1426506,0.0,633.0
1719328433.277416,0.0,633.0
1719328433.4126086,0.0,633.0
1719328433.5511189,0.0,633.0
1719328433.6869872,0.0,633.0
1719328433.8224194,0.0,633.0
1719328433.957745,0.0,633.0
1719328434.0909653,0.0,633.0
1719328434.2250364,0.0,633.0
1719328434.3604722,0.0,633.0
1719328434.496533,0.0,633.0
1719328434.6350124,0.0,633.0
1719328434.7701604,0.0,633.0
1719328434.9066083,0.0,633.0
1719328435.0404582,0.0,633.0
1719328435.1747575,0.0,633.0
1719328435.3075523,0.0,633.0
1719328435.4408152,0.0,633.0
1719328435.5725965,0.0,633.0
1719328435.7058952,0.0,633.0
1719328435.841014,0.0,633.0
1719328435.975322,0.0,633.0
1719328436.1107323,0.0,633.0
1719328436.243056,0.0,633.0
1719328436.3763208,0.0,633.0
1719328436.5082078,0.0,633.0
1719328436.641644,0.0,633.0
1719328436.772025,0.0,633.0
1719328436.9096396,0.0,633.0
1719328437.0483725,0.0,633.0
1719328437.1837273,0.0,633.0
1719328437.3211064,0.0,633.0
1719328437.4548352,0.0,633.0
1719328437.5892544,0.0,633.0
1719328437.7223814,0.0,633.0
1719328437.8584223,0.0,633.0
1719328437.9945388,0.0,633.0
1719328438.1282802,0.0,633.0
1719328438.263562,0.0,633.0
1719328438.396575,0.0,633.0
1719328438.5313861,0.0,633.0
1719328438.6645975,0.0,633.0
1719328438.7971513,0.0,633.0
1719328438.9369571,0.0,633.0
1719328439.076026,0.0,633.0
1719328439.2153168,0.0,633.0
1719328439.3547394,0.0,633.0
1719328439.4912753,0.0,633.0
1719328439.6265426,0.0,633.0
1719328439.760976,0.0,633.0
1719328439.8967512,0.0,633.0
1719328440.0333428,0.0,633.0
1719328440.1686087,0.0,633.0
1719328440.3016775,0.0,633.0
1719328440.436403,0.0,633.0
1719328440.567431,0.0,633.0
1719328440.70037,0.0,633.0
1719328440.8297203,0.0,633.0
1719328440.959216,0.0,633.0
1719328441.0912406,0.0,633.0
1719328441.2207494,0.0,633.0
1719328441.3499074,0.0,633.0
1719328441.4813037,0.0,633.0
1719328441.6098619,0.0,633.0
1719328441.744593,0.0,633.0
1719328441.8732383,0.0,633.0
1719328442.0020633,0.0,633.0
1719328442.1339006,0.0,633.0
1719328442.2646945,0.0,633.0
1719328442.3943691,0.0,633.0
1719328442.523588,0.0,633.0
1719328442.656471,0.0,633.0
1719328442.7896595,0.0,633.0
1719328442.9226294,0.0,633.0
1719328443.0584865,0.0,633.0
1719328443.197885,0.0,633.0
1719328443.3373682,0.0,633.0
1719328443.4742029,0.0,633.0
1719328443.6105437,0.0,633.0
1719328443.7432997,0.0,633.0
1719328443.8752878,0.0,633.0
1719328444.005888,0.0,633.0
1719328444.1371765,0.0,633.0
1719328444.272797,0.0,633.0
1719328444.409072,0.0,633.0
1719328444.544707,0.0,633.0
1719328444.6814005,0.0,633.0
1719328444.8178027,0.0,633.0
1719328444.9537075,0.0,633.0
1719328445.088719,0.0,633.0
1719328445.2252154,0.0,633.0
1719328445.35876,0.0,633.0
1719328445.4949148,0.0,633.0
1719328445.6305518,0.0,633.0
1719328445.7650466,0.0,633.0
1719328445.8989577,0.0,633.0
1719328446.03039,0.0,633.0
1719328446.16346,0.0,633.0
1719328446.2975302,0.0,633.0
1719328446.4313154,0.0,633.0
1719328446.5692587,0.0,633.0
1719328446.7032886,0.0,633.0
1719328446.8365753,0.0,633.0
1719328446.9677353,0.0,633.0
1719328447.100305,0.0,633.0
1719328447.23135,0.0,633.0
1719328447.3633587,0.0,633.0
1719328447.49464,0.0,633.0
1719328447.6283026,0.0,633.0
1719328447.7648978,0.0,633.0
1719328447.9008384,0.0,633.0
1719328448.0364416,0.0,633.0
1719328448.1720803,0.0,633.0
1719328448.3053067,0.0,633.0
1719328448.4393349,0.0,633.0
1719328448.5762188,0.0,633.0
1719328448.7118213,0.0,633.0
1719328448.8464792,0.0,633.0
1719328448.9813955,0.0,633.0
1719328449.115527,0.0,633.0
1719328449.2475023,0.0,633.0
1719328449.3798013,0.0,633.0
1719328449.5104103,0.0,633.0
1719328449.6431093,0.0,633.0
1719328449.7729545,0.0,633.0
1719328449.9030173,0.0,633.0
1719328450.0328615,0.0,633.0
1719328450.1618583,0.0,633.0
1719328450.2908096,0.0,633.0
1719328450.421062,0.0,633.0
1719328450.549712,0.0,633.0
1719328450.6790173,0.0,633.0
1719328450.8083973,0.0,633.0
1719328450.9390774,0.0,633.0
1719328451.0719144,0.0,633.0
1719328451.2064116,0.0,633.0
1719328451.3583074,0.0,633.0
1719328451.5061536,0.0,633.0
1719328451.6641254,0.0,633.0
1719328451.8260217,0.0,633.0
1719328451.9767323,0.0,633.0
1719328452.1336565,0.0,633.0
1719328452.2971432,0.0,633.0
1719328452.4409547,0.0,633.0
1719328452.595317,0.0,633.0
1719328452.7462645,0.0,633.0
1719328452.9115603,0.0,633.0
1719328453.0779634,0.0,633.0
1719328453.2279675,0.0,633.0
1719328453.3939736,0.0,633.0
1719328453.5503068,0.0,633.0
1719328453.6907058,0.0,633.0
1719328453.8965325,0.0,633.0
1719328454.1001039,0.0,633.0
1719328454.2940965,0.0,633.0
1719328454.445528,0.0,633.0
1719328454.640239,0.0,633.0
1719328454.7979536,0.0,633.0
1719328454.948584,0.0,633.0
1719328455.103835,0.0,633.0
1719328455.2531729,0.0,633.0
1719328455.3872387,0.0,633.0
1719328455.5241704,0.0,633.0
1719328455.6614852,0.0,633.0
1719328455.7941303,0.0,633.0
1719328455.9261255,0.0,633.0
1719328456.0611007,0.0,633.0
1719328456.1958601,0.0,633.0
1719328456.329699,0.0,633.0
1719328456.4865713,0.0,633.0
1719328456.64349,0.0,633.0
1719328456.7912884,0.0,633.0
1719328456.9438586,0.0,633.0
1719328457.1008317,0.0,633.0
1719328457.2637763,0.0,633.0
1719328457.4071057,0.0,633.0
1719328457.5646822,0.0,633.0
1719328457.7105997,0.0,633.0
1719328457.8739555,0.0,633.0
1719328458.0374665,0.0,633.0
1719328458.1890295,0.0,633.0
1719328458.3478522,0.0,633.0
1719328458.5166068,0.0,633.0
1719328458.6632311,0.0,633.0
1719328458.869744,0.0,633.0
1719328459.0338187,0.0,633.0
1719328459.226346,0.0,633.0
1719328459.3733454,0.0,633.0
1719328459.5612266,0.0,633.0
1719328459.729523,0.0,633.0
1719328459.9069855,0.0,633.0
1719328460.0716736,0.0,633.0
1719328460.211683,0.0,633.0
1719328460.3445847,0.0,633.0
1719328460.4778085,0.0,633.0
1719328460.60963,0.0,633.0
1719328460.74046,0.0,633.0
1719328460.8754218,0.0,633.0
1719328461.0110018,0.0,633.0
1719328461.1444001,0.0,633.0
1719328461.3052762,0.0,633.0
1719328461.4604518,0.0,633.0
1719328461.6254447,0.0,633.0
1719328461.7910745,0.0,633.0
1719328461.9489853,0.0,633.0
1719328462.1346896,0.0,633.0
1719328462.2779489,0.0,633.0
1719328462.4393635,0.0,633.0
1719328462.5901833,0.0,633.0
1719328462.7379928,0.0,633.0
1719328462.897775,0.0,633.0
1719328463.063663,0.0,633.0
1719328463.2191873,0.0,633.0
1719328463.3632505,0.0,633.0
1719328463.5669234,0.0,633.0
1719328463.7691202,0.0,633.0
1719328463.959744,0.0,633.0
1719328464.1453075,0.0,633.0
1719328464.3470204,0.0,633.0
1719328464.5052466,0.0,633.0
1719328464.6545472,0.0,633.0
1719328464.80904,0.0,633.0
1719328464.965223,0.0,633.0
1719328465.1001568,0.0,633.0
1719328465.2330747,0.0,633.0
1719328465.3681715,0.0,633.0
1719328465.500052,0.0,633.0
1719328465.6360002,0.0,633.0
1719328465.7719202,0.0,633.0
1719328465.9073055,0.0,633.0
1719328466.074363,0.0,633.0
1719328466.2356584,0.0,633.0
1719328466.4026809,0.0,633.0
1719328466.561137,0.0,633.0
1719328466.7213578,0.0,633.0
1719328466.8917496,0.0,633.0
1719328467.0440223,0.0,633.0
1719328467.1883194,0.0,633.0
1719328467.3397486,0.0,633.0
1719328467.492142,0.0,633.0
1719328467.6480834,0.0,633.0
1719328467.830306,0.0,633.0
1719328468.0517366,0.0,633.0
1719328468.2079897,0.0,633.0
1719328468.370405,0.0,633.0
1719328468.5378928,0.0,633.0
1719328468.7273443,0.0,633.0
1719328468.9302826,0.0,633.0
1719328469.0960817,0.0,633.0
1719328469.2486308,0.0,633.0
1719328469.4032357,0.0,633.0
1719328469.555544,0.0,633.0
1719328469.6929011,0.0,633.0
1719328469.8305943,0.0,633.0
1719328469.9659483,0.0,633.0
1719328470.0998237,0.0,633.0
1719328470.2311258,0.0,633.0
1719328470.3676085,0.0,633.0
1719328470.5019627,0.0,633.0
1719328470.6606512,0.0,633.0
1719328470.8285155,0.0,633.0
1719328470.990844,0.0,633.0
1719328471.1458755,0.0,633.0
1719328471.2986634,0.0,633.0
1719328471.4473464,0.0,633.0
1719328471.6048205,0.0,633.0
1719328471.7509503,0.0,633.0
1719328471.9054146,0.0,633.0
1719328472.05004,0.0,633.0
1719328472.195043,0.0,633.0
1719328472.3553472,0.0,633.0
1719328472.563094,0.0,633.0
1719328472.7717414,0.0,633.0
1719328472.9553154,0.0,633.0
1719328473.156966,0.0,633.0
1719328473.3142307,0.0,633.0
1719328473.4847257,0.0,633.0
1719328473.6861784,0.0,633.0
1719328473.84269,0.0,633.0
1719328474.0105898,0.0,633.0
1719328474.1622357,0.0,633.0
1719328474.303761,0.0,633.0
1719328474.4400156,0.0,633.0
1719328474.574898,0.0,633.0
1719328474.7083693,0.0,633.0
1719328474.8384504,0.0,633.0
1719328474.9733458,0.0,633.0
1719328475.1078002,0.0,633.0
1719328475.2438328,0.0,633.0
1719328475.406512,0.0,633.0
1719328475.5737488,0.0,633.0
1719328475.7417421,0.0,633.0
1719328475.9223118,0.0,633.0
1719328476.0668623,0.0,633.0
1719328476.2544355,0.0,633.0
1719328476.3989263,0.0,633.0
1719328476.5545208,0.0,633.0
1719328476.705981,0.0,633.0
1719328476.8587773,0.0,633.0
1719328477.0055783,0.0,633.0
1719328477.169642,0.0,633.0
1719328477.3198516,0.0,633.0
1719328477.4837952,0.0,633.0
1719328477.6447945,0.0,633.0
1719328477.848886,0.0,633.0
1719328478.0090878,0.0,633.0
1719328478.2021172,0.0,633.0
1719328478.3554008,0.0,633.0
1719328478.5419366,0.0,633.0
1719328478.7220228,0.0,633.0
1719328478.9034793,0.0,633.0
1719328479.057226,0.0,633.0
1719328479.2029638,0.0,633.0
1719328479.3373954,0.0,633.0
1719328479.4740157,0.0,633.0
1719328479.6084735,0.0,633.0
1719328479.7404401,0.0,633.0
1719328479.8697085,0.0,633.0
1719328480.006585,0.0,633.0
1719328480.1398375,0.0,633.0
1719328480.3297014,0.0,633.0
1719328480.5051196,0.0,633.0
1719328480.65578,0.0,633.0
1719328480.8396788,0.0,633.0
1719328481.0019817,0.0,633.0
1719328481.154579,0.0,633.0
1719328481.2935424,0.0,633.0
1719328481.4529884,0.0,633.0
1719328481.5952647,0.0,633.0
1719328481.751608,0.0,633.0
1719328481.9007926,0.0,633.0
1719328482.0465612,0.0,633.0
1719328482.2101305,0.0,633.0
1719328482.3638208,0.0,633.0
1719328482.5681055,0.0,633.0
1719328482.774109,0.0,633.0
1719328482.9792376,0.0,633.0
1719328483.169015,0.0,633.0
1719328483.3821094,0.0,633.0
1719328483.547977,0.0,633.0
1719328483.6909285,0.0,633.0
1719328483.8394217,0.0,633.0
1719328484.0011678,0.0,633.0
1719328484.138017,0.0,633.0
1719328484.271462,0.0,633.0
1719328484.4074402,0.0,633.0
1719328484.5395658,0.0,633.0
1719328484.6710172,0.0,633.0
1719328484.8058698,0.0,633.0
1719328484.9390156,0.0,633.0
1719328485.0816085,0.0,633.0
1719328485.2387052,0.0,633.0
1719328485.4157417,0.0,633.0
1719328485.5620108,0.0,633.0
1719328485.7273383,0.0,633.0
1719328485.8957162,0.0,633.0
1719328486.0477164,0.0,633.0
1719328486.2031853,0.0,633.0
1719328486.361772,0.0,633.0
1719328486.504082,0.0,633.0
1719328486.6518373,0.0,633.0
1719328486.7906187,0.0,633.0
1719328486.9535923,0.0,633.0
1719328487.1170516,0.0,633.0
1719328487.2854998,0.0,633.0
1719328487.4335024,0.0,633.0
1719328487.6330738,0.0,633.0
1719328487.799173,0.0,633.0
1719328487.9948282,0.0,633.0
1719328488.144938,0.0,633.0
1719328488.3385987,0.0,633.0
1719328488.507478,0.0,633.0
1719328488.6703882,0.0,633.0
1719328488.818559,0.0,633.0
1719328488.9682152,0.0,633.0
1719328489.1019142,0.0,633.0
1719328489.2392216,0.0,633.0
1719328489.3746665,0.0,633.0
1719328489.5081308,0.0,633.0
1719328489.644531,0.0,633.0
1719328489.7811267,0.0,633.0
1719328489.9182782,0.0,633.0
1719328490.0667207,0.0,633.0
1719328490.2187135,0.0,633.0
1719328490.3757005,0.0,633.0
1719328490.5349011,0.0,633.0
1719328490.6895306,0.0,633.0
1719328490.8671763,0.0,633.0
1719328491.0080328,0.0,633.0
1719328491.1499228,0.0,633.0
1719328491.293129,0.0,633.0
1719328491.445481,0.0,633.0
1719328491.605195,0.0,633.0
1719328491.765461,0.0,633.0
1719328491.9247184,0.0,633.0
1719328492.0755067,0.0,633.0
1719328492.2815723,0.0,633.0
1719328492.4992201,0.0,633.0
1719328492.6512713,0.0,633.0
1719328492.8464131,0.0,633.0
1719328493.0565646,0.0,633.0
1719328493.2373602,0.0,633.0
1719328493.3865178,0.0,633.0
1719328493.5419033,0.0,633.0
1719328493.693446,0.0,633.0
1719328493.8331661,0.0,633.0
1719328493.96975,0.0,633.0
1719328494.104201,0.0,633.0
1719328494.2358243,0.0,633.0
1719328494.3684926,0.0,633.0
1719328494.5036037,0.0,633.0
1719328494.639638,0.0,633.0
1719328494.8050668,0.0,633.0
1719328494.983743,0.0,633.0
1719328495.135876,0.0,633.0
1719328495.3035183,0.0,633.0
1719328495.4533985,0.0,633.0
1719328495.6448429,0.0,633.0
1719328495.783842,0.0,633.0
1719328495.9496076,0.0,633.0
1719328496.0921278,0.0,633.0
1719328496.253781,0.0,633.0
1719328496.4230502,0.0,633.0
1719328496.5849266,0.0,633.0
1719328496.7456484,0.0,633.0
1719328496.9120138,0.0,633.0
1719328497.0990043,0.0,633.0
1719328497.3035827,0.0,633.0
1719328497.4650924,0.0,633.0
1719328497.6592221,0.0,633.0
1719328497.8573802,0.0,633.0
1719328498.013601,0.0,633.0
1719328498.1492147,0.0,633.0
1719328498.3085911,0.0,633.0
1719328498.4678476,0.0,633.0
1719328498.6074436,0.0,633.0
1719328498.7454073,0.0,633.0
1719328498.8807197,0.0,633.0
1719328499.0144525,0.0,633.0
1719328499.1502178,0.0,633.0
1719328499.2862508,0.0,633.0
1719328499.421624,0.0,633.0
1719328499.5577645,0.0,633.0
1719328499.7135422,0.0,633.0
1719328499.872467,0.0,633.0
1719328500.0345476,0.0,633.0
1719328500.2041833,0.0,633.0
1719328500.381744,0.0,633.0
1719328500.539859,0.0,633.0
1719328500.6882536,0.0,633.0
1719328500.843134,0.0,633.0
1719328500.9958413,0.0,633.0
1719328501.1406264,0.0,633.0
1719328501.2941346,0.0,633.0
1719328501.4661422,0.0,633.0
1719328501.6164513,0.0,633.0
1719328501.7606308,0.0,633.0
1719328501.957471,0.0,633.0
1719328502.1784635,0.0,633.0
1719328502.36948,0.0,633.0
1719328502.5292838,0.0,633.0
1719328502.7164903,0.0,633.0
1719328502.9065225,0.0,633.0
1719328503.0648477,0.0,633.0
1719328503.2231476,0.0,633.0
1719328503.3732758,0.0,633.0
1719328503.5094402,0.0,633.0
1719328503.647366,0.0,633.0
1719328503.7811546,0.0,633.0
1719328503.9128947,0.0,633.0
1719328504.0505457,0.0,633.0
1719328504.1846752,0.0,633.0
1719328504.326763,0.0,633.0
1719328504.4872763,0.0,633.0
1719328504.6566768,0.0,633.0
1719328504.8190446,0.0,633.0
1719328504.9803147,0.0,633.0
1719328505.1503613,0.0,633.0
1719328505.3278234,0.0,633.0
1719328505.4849536,0.0,633.0
1719328505.6407568,0.0,633.0
1719328505.8126247,0.0,633.0
1719328505.9610891,0.0,633.0
1719328506.127344,0.0,633.0
1719328506.2775884,0.0,633.0
1719328506.4235976,0.0,633.0
1719328506.5610116,0.0,633.0
1719328506.7541542,0.0,633.0
1719328506.9542358,0.0,633.0
1719328507.1469483,0.0,633.0
1719328507.3335721,0.0,633.0
1719328507.543969,0.0,633.0
1719328507.7033515,0.0,633.0
1719328507.8732507,0.0,633.0
1719328508.0213282,0.0,633.0
1719328508.1684952,0.0,633.0
1719328508.3072958,0.0,633.0
1719328508.4409938,0.0,633.0
1719328508.5779753,0.0,633.0
1719328508.7132692,0.0,633.0
1719328508.8490622,0.0,633.0
1719328508.9844549,0.0,633.0
1719328509.1239693,0.0,633.0
1719328509.2738245,0.0,633.0
1719328509.434968,0.0,633.0
1719328509.6003425,0.0,633.0
1719328509.751612,0.0,633.0
1719328509.9231458,0.0,633.0
1719328510.0943983,0.0,633.0
1719328510.2428775,0.0,633.0
1719328510.4059782,0.0,633.0
1719328510.5670524,0.0,633.0
1719328510.7109923,0.0,633.0
1719328510.8483303,0.0,633.0
1719328510.9855335,0.0,633.0
1719328511.1390598,0.0,633.0
1719328511.3027039,0.0,633.0
1719328511.4615924,0.0,633.0
1719328511.6680548,0.0,633.0
1719328511.8650634,0.0,633.0
1719328512.065229,0.0,633.0
1719328512.2563486,0.0,633.0
1719328512.4472594,0.0,633.0
1719328512.6265833,0.0,633.0
1719328512.77642,0.0,633.0
1719328512.9341004,0.0,633.0
1719328513.0774791,0.0,633.0
1719328513.2131941,0.0,633.0
1719328513.3501208,0.0,633.0
1719328513.485814,0.0,633.0
1719328513.618465,0.0,633.0
1719328513.7541525,0.0,633.0
1719328513.889674,0.0,633.0
1719328514.0311544,0.0,633.0
1719328514.1875086,0.0,633.0
1719328514.3478558,0.0,633.0
1719328514.5071445,0.0,633.0
1719328514.6784651,0.0,633.0
1719328514.8307233,0.0,633.0
1719328515.011393,0.0,633.0
1719328515.1507707,0.0,633.0
1719328515.3151503,0.0,633.0
1719328515.4634109,0.0,633.0
1719328515.6194124,0.0,633.0
1719328515.7618487,0.0,633.0
1719328515.9072196,0.0,633.0
1719328516.0751684,0.0,633.0
1719328516.2286046,0.0,633.0
1719328516.437127,0.0,633.0
1719328516.6313384,0.0,633.0
1719328516.8219423,0.0,633.0
1719328517.036245,0.0,633.0
1719328517.2401435,0.0,633.0
1719328517.4237945,0.0,633.0
1719328517.5925958,0.0,633.0
1719328517.752255,0.0,633.0
1719328517.89303,0.0,633.0
1719328518.030376,0.0,633.0
1719328518.1678286,0.0,633.0
1719328518.302267,0.0,633.0
1719328518.4363883,0.0,633.0
1719328518.5668252,0.0,633.0
1719328518.703191,0.0,633.0
1719328518.836853,0.0,633.0
1719328519.0112202,0.0,633.0
1719328519.186928,0.0,633.0
1719328519.3499908,0.0,633.0
1719328519.5132997,0.0,633.0
1719328519.682904,0.0,633.0
1719328519.8470297,0.0,633.0
1719328519.99284,0.0,633.0
1719328520.1363125,0.0,633.0
1719328520.2784865,0.0,633.0
1719328520.4231582,0.0,633.0
1719328520.5885186,0.0,633.0
1719328520.7472637,0.0,633.0
1719328520.898992,0.0,633.0
1719328521.048875,0.0,633.0
1719328521.1901915,0.0,633.0
1719328521.3895307,0.0,633.0
1719328521.572424,0.0,633.0
1719328521.7607021,0.0,633.0
1719328521.914635,0.0,633.0
1719328522.1094413,0.0,633.0
1719328522.2789125,0.0,633.0
1719328522.461704,0.0,633.0
1719328522.6251628,0.0,633.0
1719328522.7629192,0.0,633.0
1719328522.9012878,0.0,633.0
1719328523.0364137,0.0,633.0
1719328523.1701858,0.0,633.0
1719328523.3021753,0.0,633.0
1719328523.4383104,0.0,633.0
1719328523.573003,0.0,633.0
1719328523.7448723,0.0,633.0
1719328523.9108973,0.0,633.0
1719328524.0750263,0.0,633.0
1719328524.2371643,0.0,633.0
1719328524.3934143,0.0,633.0
1719328524.5703049,0.0,633.0
1719328524.7088242,0.0,633.0
1719328524.8567512,0.0,633.0
1719328524.9979198,0.0,633.0
1719328525.1470625,0.0,633.0
1719328525.3091578,0.0,633.0
1719328525.4668243,0.0,633.0
1719328525.6265936,0.0,633.0
1719328525.7764907,0.0,633.0
1719328525.9749277,0.0,633.0
1719328526.1896422,0.0,633.0
1719328526.3921556,0.0,633.0
1719328526.577621,0.0,633.0
1719328526.7763982,0.0,633.0
1719328526.9412084,0.0,633.0
1719328527.0835245,0.0,633.0
1719328527.24186,0.0,633.0
1719328527.4049609,0.0,633.0
1719328527.5391943,0.0,633.0
1719328527.6780877,0.0,633.0
1719328527.8128674,0.0,633.0
1719328527.943822,0.0,633.0
1719328528.0750473,0.0,633.0
1719328528.2120118,0.0,633.0
1719328528.3661468,0.0,633.0
1719328528.5370908,0.0,633.0
1719328528.6962242,0.0,633.0
1719328528.8447251,0.0,633.0
1719328529.013321,0.0,633.0
1719328529.1760838,0.0,633.0
1719328529.3510594,0.0,633.0
1719328529.4971764,0.0,633.0
1719328529.64269,0.0,633.0
1719328529.787242,0.0,633.0
1719328529.932742,0.0,633.0
1719328530.0847745,0.0,633.0
1719328530.2355287,0.0,633.0
1719328530.3976235,0.0,633.0
1719328530.5680115,0.0,633.0
1719328530.7122557,0.0,633.0
1719328530.9165087,0.0,633.0
1719328531.0752795,0.0,633.0
1719328531.265953,0.0,633.0
1719328531.4195926,0.0,633.0
1719328531.6112463,0.0,633.0
1719328531.7595792,0.0,633.0
1719328531.914776,0.0,633.0
1719328532.077652,0.0,633.0
1719328532.2341943,0.0,633.0
1719328532.3692975,0.0,633.0
1719328532.5060751,0.0,633.0
1719328532.6413777,0.0,633.0
1719328532.7727928,0.0,633.0
1719328532.9091387,0.0,633.0
1719328533.0427365,0.0,633.0
1719328533.179835,0.0,633.0
1719328533.3709207,0.0,633.0
1719328533.5358467,0.0,633.0
1719328533.7093391,0.0,633.0
1719328533.8732598,0.0,633.0
1719328534.0388613,0.0,633.0
1719328534.2014868,0.0,633.0
1719328534.3538985,0.0,633.0
1719328534.4985175,0.0,633.0
1719328534.6460245,0.0,633.0
1719328534.792614,0.0,633.0
1719328534.9407198,0.0,633.0
1719328535.1038961,0.0,633.0
1719328535.2543333,0.0,633.0
1719328535.3931978,0.0,633.0
1719328535.593577,0.0,633.0
1719328535.805647,0.0,633.0
1719328536.0089993,0.0,633.0
1719328536.174033,0.0,633.0
1719328536.361414,0.0,633.0
1719328536.5424976,0.0,633.0
1719328536.6856608,0.0,633.0
1719328536.8516045,0.0,633.0
1719328537.0063112,0.0,633.0
1719328537.1477962,0.0,633.0
1719328537.2845097,0.0,633.0
1719328537.420069,0.0,633.0
1719328537.5537808,0.0,633.0
1719328537.6862247,0.0,633.0
1719328537.8230321,0.0,633.0
1719328537.9591775,0.0,633.0
1719328538.1042242,0.0,633.0
1719328538.2544868,0.0,633.0
1719328538.42585,0.0,633.0
1719328538.6051393,0.0,633.0
1719328538.7588685,0.0,633.0
1719328538.9344335,0.0,633.0
1719328539.0743945,0.0,633.0
1719328539.2266026,0.0,633.0
1719328539.3821008,0.0,633.0
1719328539.5277667,0.0,633.0
1719328539.6756485,0.0,633.0
1719328539.8254871,0.0,633.0
1719328539.996507,0.0,633.0
1719328540.1567607,0.0,633.0
1719328540.2979612,0.0,633.0
1719328540.5018134,0.0,633.0
1719328540.6971586,0.0,633.0
1719328540.9017336,0.0,633.0
1719328541.082671,0.0,633.0
1719328541.302785,0.0,633.0
1719328541.4508383,0.0,633.0
1719328541.6148305,0.0,633.0
1719328541.7966723,0.0,633.0
1719328541.9408128,0.0,633.0
1719328542.0766191,0.0,633.0
1719328542.2277057,0.0,633.0
1719328542.3629618,0.0,633.0
1719328542.4946353,0.0,633.0
1719328542.6321692,0.0,633.0
1719328542.7675781,0.0,633.0
1719328542.9076846,0.0,633.0
1719328543.0667634,0.0,633.0
1719328543.2256043,0.0,633.0
1719328543.3922598,0.0,633.0
1719328543.56246,0.0,633.0
1719328543.7097673,0.0,633.0
1719328543.868351,0.0,633.0
1719328544.0263762,0.0,633.0
1719328544.183352,0.0,633.0
1719328544.3520386,0.0,633.0
1719328544.514748,0.0,633.0
1719328544.6622543,0.0,633.0
1719328544.8261187,0.0,633.0
1719328544.9856339,0.0,633.0
1719328545.1425798,0.0,633.0
1719328545.348033,0.0,633.0
1719328545.5165143,0.0,633.0
1719328545.7062836,0.0,633.0
1719328545.865129,0.0,633.0
1719328546.07325,0.0,633.0
1719328546.2228854,0.0,633.0
1719328546.3811471,0.0,633.0
1719328546.5541503,0.0,633.0
1719328546.695449,0.0,633.0
1719328546.8323956,0.0,633.0
1719328546.9673314,0.0,633.0
1719328547.1032023,0.0,633.0
1719328547.237691,0.0,633.0
1719328547.3743176,0.0,633.0
1719328547.5092914,0.0,633.0
1719328547.655236,0.0,633.0
1719328547.8138893,0.0,633.0
1719328547.9654658,0.0,633.0
1719328548.1144662,0.0,633.0
1719328548.2792847,0.0,633.0
1719328548.4451702,0.0,633.0
1719328548.5929725,0.0,633.0
1719328548.7458923,0.0,633.0
1719328548.8933246,0.0,633.0
1719328549.0680578,0.0,633.0
1719328549.225544,0.0,633.0
1719328549.379331,0.0,633.0
1719328549.5346189,0.0,633.0
1719328549.6900237,0.0,633.0
1719328549.8373277,0.0,633.0
1719328550.0485919,0.0,633.0
1719328550.2330213,0.0,633.0
1719328550.428909,0.0,633.0
1719328550.5759845,0.0,633.0
1719328550.7772977,0.0,633.0
1719328550.9470267,0.0,633.0
1719328551.1096556,0.0,633.0
1719328551.2643921,0.0,633.0
1719328551.4091282,0.0,633.0
1719328551.5438643,0.0,633.0
1719328551.6838033,0.0,633.0
1719328551.8206341,0.0,633.0
1719328551.952766,0.0,633.0
1719328552.0891545,0.0,633.0
1719328552.2250803,0.0,633.0
1719328552.3584073,0.0,633.0
1719328552.5043077,0.0,633.0
1719328552.6627436,0.0,633.0
1719328552.8135934,0.0,633.0
1719328552.9736383,0.0,633.0
1719328553.139396,0.0,633.0
1719328553.3181083,0.0,633.0
1719328553.4648273,0.0,633.0
1719328553.6080382,0.0,633.0
1719328553.7498374,0.0,633.0
1719328553.8991914,0.0,633.0
1719328554.0752082,0.0,633.0
1719328554.2417228,0.0,633.0
1719328554.405511,0.0,633.0
1719328554.560642,0.0,633.0
1719328554.7381232,0.0,633.0
1719328554.93597,0.0,633.0
1719328555.1101315,0.0,633.0
1719328555.3242905,0.0,633.0
1719328555.5292556,0.0,633.0
1719328555.7129774,0.0,633.0
1719328555.8639922,0.0,633.0
1719328556.0235765,0.0,633.0
1719328556.1784785,0.0,633.0
1719328556.3141305,0.0,633.0
1719328556.4526093,0.0,633.0
1719328556.5906346,0.0,633.0
1719328556.7253947,0.0,633.0
1719328556.8638272,0.0,633.0
1719328556.9997852,0.0,633.0
1719328557.1352043,0.0,633.0
1719328557.2898283,0.0,633.0
1719328557.4428217,0.0,633.0
1719328557.5934792,0.0,633.0
1719328557.7548378,0.0,633.0
1719328557.925832,0.0,633.0
1719328558.112589,0.0,633.0
1719328558.2549787,0.0,633.0
1719328558.4160872,0.0,633.0
1719328558.5708165,0.0,633.0
1719328558.7213337,0.0,633.0
1719328558.8714573,0.0,633.0
1719328559.0333407,0.0,633.0
1719328559.1956325,0.0,633.0
1719328559.33613,0.0,633.0
1719328559.5311756,0.0,633.0
1719328559.742467,0.0,633.0
1719328559.946221,0.0,633.0
1719328560.1257343,0.0,633.0
1719328560.3146517,0.0,633.0
1719328560.4755208,0.0,633.0
1719328560.6231685,0.0,633.0
1719328560.7736788,0.0,633.0
1719328560.9274504,0.0,633.0
1719328561.064905,0.0,633.0
1719328561.200591,0.0,633.0
1719328561.335115,0.0,633.0
1719328561.4693718,0.0,633.0
1719328561.605679,0.0,633.0
1719328561.7439773,0.0,633.0
1719328561.8833406,0.0,633.0
1719328562.0338,0.0,633.0
1719328562.2009687,0.0,633.0
1719328562.37811,0.0,633.0
1719328562.5638409,0.0,633.0
1719328562.7178056,0.0,633.0
1719328562.8823373,0.0,633.0
1719328563.0291607,0.0,633.0
1719328563.1849248,0.0,633.0
1719328563.3293133,0.0,633.0
1719328563.488394,0.0,633.0
1719328563.6629152,0.0,633.0
1719328563.8097484,0.0,633.0
1719328563.9658334,0.0,633.0
1719328564.121179,0.0,633.0
1719328564.2656858,0.0,633.0
1719328564.4598444,0.0,633.0
1719328564.6542044,0.0,633.0
1719328564.8399234,0.0,633.0
1719328564.9992392,0.0,633.0
1719328565.1783812,0.0,633.0
1719328565.3657093,0.0,633.0
1719328565.5207596,0.0,633.0
1719328565.6764815,0.0,633.0
1719328565.822254,0.0,633.0
1719328565.9822643,0.0,633.0
1719328566.1242678,0.0,633.0
1719328566.2605958,0.0,633.0
1719328566.394647,0.0,633.0
1719328566.5284457,0.0,633.0
1719328566.6655045,0.0,633.0
1719328566.8022902,0.0,633.0
1719328566.977213,0.0,633.0
1719328567.1407354,0.0,633.0
1719328567.3053982,0.0,633.0
1719328567.476095,0.0,633.0
1719328567.622171,0.0,633.0
1719328567.7924576,0.0,633.0
1719328567.9396198,0.0,633.0
1719328568.1068645,0.0,633.0
1719328568.2495465,0.0,633.0
1719328568.4007874,0.0,633.0
1719328568.5616536,0.0,633.0
1719328568.713921,0.0,633.0
1719328568.8729432,0.0,633.0
1719328569.0313349,0.0,633.0
1719328569.2353237,0.0,633.0
1719328569.4407032,0.0,633.0
1719328569.637808,0.0,633.0
1719328569.840033,0.0,633.0
1719328570.032868,0.0,633.0
1719328570.204576,0.0,633.0
1719328570.3547528,0.0,633.0
1719328570.5094144,0.0,633.0
1719328570.6566823,0.0,633.0
1719328570.7949488,0.0,633.0
1719328570.9319136,0.0,633.0
1719328571.0666988,0.0,633.0
1719328571.1998594,0.0,633.0
1719328571.3342226,0.0,633.0
1719328571.4690783,0.0,633.0
1719328571.618291,0.0,633.0
1719328571.7777977,0.0,633.0
1719328571.9407604,0.0,633.0
1719328572.0918262,0.0,633.0
1719328572.2398427,0.0,633.0
1719328572.4134228,0.0,633.0
1719328572.5696023,0.0,633.0
1719328572.7104146,0.0,633.0
1719328572.8481627,0.0,633.0
1719328572.99833,0.0,633.0
1719328573.156516,0.0,633.0
1719328573.3286092,0.0,633.0
1719328573.4921727,0.0,633.0
1719328573.6535177,0.0,633.0
1719328573.8030539,0.0,633.0
1719328573.9991124,0.0,633.0
1719328574.206976,0.0,633.0
1719328574.4133735,0.0,633.0
1719328574.6144547,0.0,633.0
1719328574.8064306,0.0,633.0
1719328574.9813783,0.0,633.0
1719328575.1508145,0.0,633.0
1719328575.3105593,0.0,633.0
1719328575.468559,0.0,633.0
1719328575.6036012,0.0,633.0
1719328575.743045,0.0,633.0
1719328575.8776832,0.0,633.0
1719328576.0108948,0.0,633.0
1719328576.148016,0.0,633.0
1719328576.2827241,0.0,633.0
1719328576.4154127,0.0,633.0
1719328576.5747848,0.0,633.0
1719328576.731906,0.0,633.0
1719328576.8899174,0.0,633.0
1719328577.040981,0.0,633.0
1719328577.21107,0.0,633.0
1719328577.3811967,0.0,633.0
1719328577.5214012,0.0,633.0
1719328577.6876826,0.0,633.0
1719328577.8449984,0.0,633.0
1719328577.988823,0.0,633.0
1719328578.1458645,0.0,633.0
1719328578.3215292,0.0,633.0
1719328578.4853911,0.0,633.0
1719328578.626296,0.0,633.0
1719328578.8135095,0.0,633.0
1719328579.01632,0.0,633.0
1719328579.2271137,0.0,633.0
1719328579.400764,0.0,633.0
1719328579.585767,0.0,633.0
1719328579.7597847,0.0,633.0
1719328579.9170408,0.0,633.0
1719328580.0777373,0.0,633.0
1719328580.2242765,0.0,633.0
1719328580.3586102,0.0,633.0
1719328580.4944866,0.0,633.0
1719328580.6283588,0.0,633.0
1719328580.7602506,0.0,633.0
1719328580.8921025,0.0,633.0
1719328581.029197,0.0,633.0
1719328581.164384,0.0,633.0
1719328581.3262548,0.0,633.0
1719328581.4948375,0.0,633.0
1719328581.6601088,0.0,633.0
1719328581.8251536,0.0,633.0
1719328581.985062,0.0,633.0
1719328582.1566367,0.0,633.0
1719328582.2932045,0.0,633.0
1719328582.482032,0.0,633.0
1719328582.6254447,0.0,633.0
1719328582.771639,0.0,633.0
1719328582.9292786,0.0,633.0
1719328583.0707471,0.0,633.0
1719328583.2395139,0.0,633.0
1719328583.3973968,0.0,633.0
1719328583.5873344,0.0,633.0
1719328583.7874143,0.0,633.0
1719328583.959803,0.0,633.0
1719328584.157464,0.0,633.0
1719328584.3457973,0.0,633.0
1719328584.509516,0.0,633.0
1719328584.6447132,0.0,633.0
1719328584.808844,0.0,633.0
1719328584.9674516,0.0,633.0
1719328585.1034691,0.0,633.0
1719328585.2381086,0.0,633.0
1719328585.374599,0.0,633.0
1719328585.5083563,0.0,633.0
1719328585.6391654,0.0,633.0
1719328585.775522,0.0,633.0
1719328585.911114,0.0,633.0
1719328586.0733473,0.0,633.0
1719328586.2391267,0.0,633.0
1719328586.3887281,0.0,633.0
1719328586.5453594,0.0,633.0
1719328586.7078521,0.0,633.0
1719328586.8923702,0.0,633.0
1719328587.0301208,0.0,633.0
1719328587.1912186,0.0,633.0
1719328587.3346062,0.0,633.0
1719328587.481344,0.0,633.0
1719328587.6358428,0.0,633.0
1719328587.778907,0.0,633.0
1719328587.9374917,0.0,633.0
1719328588.0974967,0.0,633.0
1719328588.2370415,0.0,633.0
1719328588.4400837,0.0,633.0
1719328588.6491392,0.0,633.0
1719328588.8362494,0.0,633.0
1719328589.012563,0.0,633.0
1719328589.197921,0.0,633.0
1719328589.388582,0.0,633.0
1719328589.5595846,0.0,633.0
1719328589.710776,0.0,633.0
1719328589.8619573,0.0,633.0
1719328589.996255,0.0,633.0
1719328590.132657,0.0,633.0
1719328590.2676628,0.0,633.0
1719328590.3980696,0.0,633.0
1719328590.5345721,0.0,633.0
1719328590.6685088,0.0,633.0
1719328590.8362536,0.0,633.0
1719328591.019391,0.0,633.0
1719328591.189115,0.0,633.0
1719328591.3393855,0.0,633.0
1719328591.5031793,0.0,633.0
1719328591.6718016,0.0,633.0
1719328591.822878,0.0,633.0
1719328591.9905076,0.0,633.0
1719328592.1297684,0.0,633.0
1719328592.2717378,0.0,633.0
1719328592.4187198,0.0,633.0
1719328592.569285,0.0,633.0
1719328592.7453773,0.0,633.0
1719328592.9089472,0.0,633.0
1719328593.053834,0.0,633.0
1719328593.240574,0.0,633.0
1719328593.4174826,0.0,633.0
1719328593.6255727,0.0,633.0
1719328593.7661383,0.0,633.0
1719328593.97132,0.0,633.0
1719328594.1180272,0.0,633.0
1719328594.2735016,0.0,633.0
1719328594.4432244,0.0,633.0
1719328594.5868912,0.0,633.0
1719328594.723694,0.0,633.0
1719328594.8587723,0.0,633.0
1719328594.9953728,0.0,633.0
1719328595.1267624,0.0,633.0
1719328595.2633786,0.0,633.0
1719328595.3988442,0.0,633.0
1719328595.5321627,0.0,633.0
1719328595.6810572,0.0,633.0
1719328595.848812,0.0,633.0
1719328596.0160782,0.0,633.0
1719328596.1868446,0.0,633.0
1719328596.3473146,0.0,633.0
1719328596.496762,0.0,633.0
1719328596.661103,0.0,633.0
1719328596.8022425,0.0,633.0
1719328596.9464202,0.0,633.0
1719328597.1147046,0.0,633.0
1719328597.2610474,0.0,633.0
1719328597.42401,0.0,633.0
1719328597.5951,0.0,633.0
1719328597.7394648,0.0,633.0
1719328597.937202,0.0,633.0
1719328598.1086164,0.0,633.0
1719328598.297173,0.0,633.0
1719328598.442053,0.0,633.0
1719328598.624802,0.0,633.0
1719328598.7962406,0.0,633.0
1719328598.9718263,0.0,633.0
1719328599.1820154,0.0,633.0
1719328599.327297,0.0,633.0
1719328599.4639606,0.0,633.0
1719328599.597736,0.0,633.0
1719328599.7304943,0.0,633.0
1719328599.8595402,0.0,633.0
1719328599.9960785,0.0,633.0
1719328600.1290936,0.0,633.0
1719328600.261788,0.0,633.0
1719328600.4237752,0.0,633.0
1719328600.5861459,0.0,633.0
1719328600.755184,0.0,633.0
1719328600.908541,0.0,633.0
1719328601.062274,0.0,633.0
1719328601.225595,0.0,633.0
1719328601.3710194,0.0,633.0
1719328601.528887,0.0,633.0
1719328601.6742854,0.0,633.0
1719328601.8231514,0.0,633.0
1719328601.9686391,0.0,633.0
1719328602.1284392,0.0,633.0
1719328602.2926195,0.0,633.0
1719328602.4346993,0.0,633.0
1719328602.622292,0.0,633.0
1719328602.8211195,0.0,633.0
1719328603.0240293,0.0,633.0
1719328603.2197802,0.0,633.0
1719328603.4111218,0.0,633.0
1719328603.5706348,0.0,633.0
1719328603.723508,0.0,633.0
1719328603.8674278,0.0,633.0
1719328604.030106,0.0,633.0
1719328604.1835957,0.0,633.0
1719328604.3178334,0.0,633.0
1719328604.452381,0.0,633.0
1719328604.5865858,0.0,633.0
1719328604.7198205,0.0,633.0
1719328604.8495893,0.0,633.0
1719328604.9832919,0.0,633.0
1719328605.1171608,0.0,633.0
1719328605.290934,0.0,633.0
1719328605.4453976,0.0,633.0
1719328605.6057408,0.0,633.0
1719328605.756826,0.0,633.0
1719328605.9172413,0.0,633.0
1719328606.0924182,0.0,633.0
1719328606.23703,0.0,633.0
1719328606.404396,0.0,633.0
1719328606.5495954,0.0,633.0
1719328606.713847,5.0,2465.0
1719328606.8949528,5.0,7715.0
1719328607.0518425,17.0,21191.0
1719328607.2201736,86.0,30409.0
1719328607.390152,100.0,32723.0
1719328607.5776432,61.0,49629.0
1719328607.7931921,78.0,49629.0
1719328607.9732838,100.0,49633.0
1719328608.1924489,97.0,49645.0
1719328608.3900206,42.0,49645.0
1719328608.5743055,42.0,49645.0
1719328608.734108,0.0,49645.0
1719328608.904637,0.0,49645.0
1719328609.0675647,0.0,49645.0
1719328609.2130406,0.0,49645.0
1719328609.3613067,0.0,49645.0
1719328609.503981,0.0,49645.0
1719328609.644439,0.0,49645.0
1719328609.7866263,0.0,49645.0
1719328609.9304333,0.0,49645.0
1719328610.0749602,0.0,49645.0
1719328610.278007,0.0,49645.0
1719328610.4548786,0.0,49645.0
1719328610.623849,0.0,49645.0
1719328610.8057103,0.0,49645.0
1719328611.0035613,0.0,49645.0
1719328611.1683204,0.0,49645.0
1719328611.330955,0.0,49645.0
1719328611.4881575,0.0,49645.0
1719328611.6891856,0.0,49645.0
1719328611.8506627,0.0,49645.0
1719328612.024785,0.0,49645.0
1719328612.1828334,0.0,49645.0
1719328612.3370876,0.0,49645.0
1719328612.579622,0.0,49645.0
1719328612.8008695,0.0,49645.0
1719328613.0142305,0.0,49645.0
1719328613.2230906,0.0,49645.0
1719328613.3925238,0.0,49645.0
1719328613.5411649,0.0,49645.0
1719328613.722031,0.0,49645.0
1719328613.890528,0.0,49645.0
1719328614.0513754,0.0,49645.0
1719328614.196289,0.0,49645.0
1719328614.344988,0.0,49645.0
1719328614.4900846,0.0,49645.0
1719328614.632464,0.0,49645.0
1719328614.7786448,0.0,49645.0
1719328614.9237947,0.0,49645.0
1719328615.0893674,0.0,49645.0
1719328615.2600799,0.0,49645.0
1719328615.4371712,0.0,49645.0
1719328615.6199696,0.0,49645.0
1719328615.7974625,0.0,49645.0
1719328615.971104,0.0,49645.0
1719328616.1404297,0.0,49645.0
1719328616.3111272,0.0,49645.0
1719328616.4678304,0.0,49645.0
1719328616.6242507,0.0,49645.0
1719328616.793623,0.0,49645.0
1719328616.9428809,0.0,49645.0
1719328617.0847933,0.0,49645.0
1719328617.255831,0.0,49645.0
1719328617.4080439,0.0,49645.0
1719328617.630354,0.0,49645.0
1719328617.8516648,0.0,49645.0
1719328618.0518153,0.0,49645.0
1719328618.2186255,0.0,49645.0
1719328618.437081,0.0,49645.0
1719328618.602892,0.0,49645.0
1719328618.772295,0.0,49645.0
1719328618.9535198,0.0,49645.0
1719328619.0989828,0.0,49645.0
1719328619.243651,0.0,49645.0
1719328619.387874,0.0,49645.0
1719328619.5273316,0.0,49645.0
1719328619.6688397,0.0,49645.0
1719328619.8112388,0.0,49645.0
1719328619.9552944,0.0,49645.0
1719328620.1234157,0.0,49645.0
1719328620.291651,0.0,49645.0
1719328620.4605107,0.0,49645.0
1719328620.6337109,0.0,49645.0
1719328620.8194635,0.0,49645.0
1719328620.981986,0.0,49645.0
1719328621.1645842,0.0,49645.0
1719328621.3253849,0.0,49645.0
1719328621.4920487,0.0,49645.0
1719328621.6694417,0.0,49645.0
1719328621.8410537,0.0,49645.0
1719328622.0179856,0.0,49645.0
1719328622.1700597,0.0,49645.0
1719328622.3861303,0.0,49645.0
1719328622.599829,0.0,49645.0
1719328622.8175247,0.0,49645.0
1719328623.008919,0.0,49645.0
1719328623.2065299,0.0,49645.0
1719328623.3787906,0.0,49645.0
1719328623.5510898,0.0,49645.0
1719328623.725329,0.0,49645.0
1719328623.870822,0.0,49645.0
1719328624.017732,0.0,49645.0
1719328624.162084,0.0,49645.0
1719328624.304186,0.0,49645.0
1719328624.4508579,0.0,49645.0
1719328624.597887,0.0,49645.0
1719328624.8071945,0.0,49645.0
1719328624.9834754,0.0,49645.0
1719328625.1788597,0.0,49645.0
1719328625.3605633,0.0,49645.0
1719328625.5305324,0.0,49645.0
1719328625.7252266,0.0,49645.0
1719328625.8902118,0.0,49645.0
1719328626.0492628,0.0,49645.0
1719328626.2185416,0.0,49645.0
1719328626.3911748,0.0,49645.0
1719328626.549608,0.0,49645.0
1719328626.7467973,0.0,49645.0
1719328626.9094694,0.0,49645.0
1719328627.1316364,0.0,49645.0
1719328627.3511226,0.0,49645.0
1719328627.5258794,0.0,49645.0
1719328627.7260747,0.0,49645.0
1719328627.9412959,0.0,49645.0
1719328628.118364,0.0,49645.0
1719328628.3092866,0.0,49645.0
1719328628.485778,0.0,49645.0
1719328628.6412241,0.0,49645.0
1719328628.7934036,0.0,49645.0
1719328628.9383657,0.0,49645.0
1719328629.0811763,0.0,49645.0
1719328629.2277524,0.0,49645.0
1719328629.3753343,0.0,49645.0
1719328629.526603,0.0,49645.0
1719328629.6962917,0.0,49645.0
1719328629.873275,0.0,49645.0
1719328630.0487964,0.0,49645.0
1719328630.2168236,0.0,49645.0
1719328630.4167984,0.0,49645.0
1719328630.5671644,0.0,49645.0
1719328630.7480633,0.0,49645.0
1719328630.9114375,0.0,49645.0
1719328631.0700736,0.0,49645.0
1719328631.2390158,0.0,49645.0
1719328631.423848,0.0,49645.0
1719328631.6084776,0.0,49645.0
1719328631.7941067,0.0,49645.0
1719328632.0263083,0.0,49645.0
1719328632.209961,0.0,49645.0
1719328632.4175575,0.0,49645.0
1719328632.6330237,0.0,49645.0
1719328632.8235393,0.0,49645.0
1719328632.9891133,0.0,49645.0
1719328633.1563616,0.0,49645.0
1719328633.32069,0.0,49645.0
1719328633.470966,0.0,49645.0
1719328633.617893,0.0,49645.0
1719328633.7604482,0.0,49645.0
1719328633.9019048,0.0,49645.0
1719328634.0481606,0.0,49645.0
1719328634.1926658,0.0,49645.0
1719328634.3601398,0.0,49645.0
1719328634.5443494,0.0,49645.0
1719328634.7298295,0.0,49645.0
1719328634.9210432,0.0,49645.0
1719328635.0865912,0.0,49645.0
1719328635.3085153,0.0,49645.0
1719328635.477681,0.0,49645.0
1719328635.633163,0.0,49645.0
1719328635.7920117,0.0,49645.0
1719328635.9732747,0.0,49645.0
1719328636.1502225,0.0,49645.0
1719328636.3282437,0.0,49645.0
1719328636.4908557,0.0,49645.0
1719328636.7020042,0.0,49645.0
1719328636.9342334,0.0,49645.0
1719328637.1523395,0.0,49645.0
1719328637.3194587,0.0,49645.0
1719328637.540083,0.0,49645.0
1719328637.702203,0.0,49645.0
1719328637.8878496,0.0,49645.0
1719328638.0510433,0.0,49645.0
1719328638.1989741,0.0,49645.0
1719328638.344167,0.0,49645.0
1719328638.490431,0.0,49645.0
1719328638.6309097,0.0,49645.0
1719328638.7773159,0.0,49645.0
1719328638.9240909,0.0,49645.0
1719328639.0694313,0.0,49645.0
1719328639.2510443,0.0,49645.0
1719328639.4316387,0.0,49645.0
1719328639.5989742,0.0,49645.0
1719328639.7778566,0.0,49645.0
1719328640.007278,0.0,49645.0
1719328640.169683,0.0,49645.0
1719328640.3289425,0.0,49645.0
1719328640.497868,0.0,49645.0
1719328640.6646569,0.0,49645.0
1719328640.8275828,0.0,49645.0
1719328641.015679,0.0,49645.0
1719328641.1791494,0.0,49645.0
1719328641.340942,0.0,49645.0
1719328641.5618823,0.0,49645.0
1719328641.8060534,0.0,49645.0
1719328641.9932013,0.0,49645.0
1719328642.1912482,0.0,49645.0
1719328642.3712406,0.0,49645.0
1719328642.533529,0.0,49645.0
1719328642.7008538,0.0,49645.0
1719328642.8651755,0.0,49645.0
1719328643.0158317,0.0,49645.0
1719328643.1634314,0.0,49645.0
1719328643.3087995,0.0,49645.0
1719328643.451165,0.0,49645.0
1719328643.599783,0.0,49645.0
1719328643.7446454,0.0,49645.0
1719328643.9279885,0.0,49645.0
1719328644.0974772,0.0,49645.0
1719328644.2724106,0.0,49645.0
1719328644.4578154,0.0,49645.0
1719328644.6791065,0.0,49645.0
1719328644.8369415,0.0,49645.0
1719328645.0011795,0.0,49645.0
1719328645.1560693,0.0,49645.0
1719328645.3281739,0.0,49645.0
1719328645.51927,0.0,49645.0
1719328645.6952982,0.0,49645.0
1719328645.8725362,0.0,49645.0
1719328646.0275428,0.0,49645.0
1719328646.2574654,0.0,49645.0
1719328646.4775014,0.0,49645.0
1719328646.7348511,0.0,49645.0
1719328646.9445827,0.0,49645.0
1719328647.10991,0.0,49645.0
1719328647.2571156,0.0,49645.0
1719328647.4300666,0.0,49645.0
1719328647.6108935,0.0,49645.0
1719328647.7649057,0.0,49645.0
1719328647.9124892,0.0,49645.0
1719328648.0593843,0.0,49645.0
1719328648.205098,0.0,49645.0
1719328648.351761,0.0,49645.0
1719328648.4974425,0.0,49645.0
1719328648.6896846,0.0,49645.0
1719328648.8669326,0.0,49645.0
1719328649.0405228,0.0,49645.0
1719328649.223458,0.0,49645.0
1719328649.4305382,0.0,49645.0
1719328649.6041794,0.0,49645.0
1719328649.772038,0.0,49645.0
1719328649.9453433,0.0,49645.0
1719328650.100395,0.0,49645.0
1719328650.2747512,0.0,49645.0
1719328650.4616902,0.0,49645.0
1719328650.6348279,0.0,49645.0
1719328650.860906,0.0,49645.0
1719328651.0925786,0.0,49645.0
1719328651.3009984,0.0,49645.0
1719328651.4773614,0.0,49645.0
1719328651.6946206,0.0,49645.0
1719328651.8651931,0.0,49645.0
1719328652.0257347,0.0,49645.0
1719328652.1984005,0.0,49645.0
1719328652.3675585,0.0,49645.0
1719328652.5279164,0.0,49645.0
1719328652.6745934,0.0,49645.0
1719328652.8241372,0.0,49645.0
1719328652.9680202,0.0,49645.0
1719328653.1285775,0.0,49645.0
1719328653.280951,0.0,49645.0
1719328653.450583,0.0,49645.0
1719328653.6366389,0.0,49645.0
1719328653.810917,0.0,49645.0
1719328653.9771876,0.0,49645.0
1719328654.1594806,0.0,49645.0
1719328654.3254578,0.0,49645.0
1719328654.4857502,0.0,49645.0
1719328654.654002,0.0,49645.0
1719328654.8354084,0.0,49645.0
1719328655.0087645,0.0,49645.0
1719328655.1718333,0.0,49645.0
1719328655.3389282,0.0,49645.0
1719328655.5038645,0.0,49645.0
1719328655.717729,0.0,49645.0
1719328655.9968128,0.0,49645.0
1719328656.2236464,0.0,49645.0
1719328656.433713,0.0,49645.0
1719328656.6286812,0.0,49645.0
1719328656.779653,0.0,49645.0
1719328656.9754324,0.0,49645.0
1719328657.1363623,0.0,49645.0
1719328657.2858315,0.0,49645.0
1719328657.4336662,0.0,49645.0
1719328657.580433,0.0,49645.0
1719328657.7241087,0.0,49645.0
1719328657.8705533,0.0,49645.0
1719328658.016455,0.0,49645.0
1719328658.1915443,0.0,49645.0
1719328658.372531,0.0,49645.0
1719328658.540436,0.0,49645.0
1719328658.7306707,0.0,49645.0
1719328658.9089322,0.0,49645.0
1719328659.0738263,0.0,49645.0
1719328659.2660844,0.0,49645.0
1719328659.4215822,0.0,49645.0
1719328659.5884778,0.0,49645.0
1719328659.7715044,0.0,49645.0
1719328659.9335432,0.0,49645.0
1719328660.1063874,0.0,49645.0
1719328660.2732244,0.0,49645.0
1719328660.4909089,0.0,49645.0
1719328660.7302027,0.0,49645.0
1719328660.9291017,0.0,49645.0
1719328661.098978,0.0,49645.0
1719328661.3130414,0.0,49645.0
1719328661.4926987,0.0,49645.0
1719328661.6726146,0.0,49645.0
1719328661.846374,0.0,49645.0
1719328661.9974215,0.0,49645.0
1719328662.1451595,0.0,49645.0
1719328662.2926486,0.0,49645.0
1719328662.4352753,0.0,49645.0
1719328662.581161,0.0,49645.0
1719328662.72593,0.0,49645.0
1719328662.8702986,0.0,49645.0
1719328663.0387352,0.0,49645.0
1719328663.2297902,0.0,49645.0
1719328663.389057,0.0,49645.0
1719328663.565696,0.0,49645.0
1719328663.753418,0.0,49645.0
1719328663.9114327,0.0,49645.0
1719328664.0762177,0.0,49645.0
1719328664.231183,0.0,49645.0
1719328664.3877182,0.0,49645.0
1719328664.580846,0.0,49645.0
1719328664.7592099,0.0,49645.0
1719328664.9361498,0.0,49645.0
1719328665.1019735,0.0,49645.0
1719328665.2990544,0.0,49645.0
1719328665.5542161,0.0,49645.0
1719328665.7869568,0.0,49645.0
1719328665.977129,0.0,49645.0
1719328666.1974201,0.0,49645.0
1719328666.3592465,0.0,49645.0
1719328666.5312328,0.0,49645.0
1719328666.7140725,0.0,49645.0
1719328666.8715057,0.0,49645.0
1719328667.0650358,0.0,49645.0
1719328667.2137628,0.0,49645.0
1719328667.3578765,0.0,49645.0
1719328667.5067728,0.0,49645.0
1719328667.6663332,0.0,49645.0
1719328667.8262708,0.0,49645.0
1719328668.0006955,0.0,49645.0
1719328668.166587,0.0,49645.0
1719328668.3304024,0.0,49645.0
1719328668.5083284,0.0,49645.0
1719328668.6725821,0.0,49645.0
1719328668.8381417,0.0,49645.0
1719328669.01822,0.0,49645.0
1719328669.174184,0.0,49645.0
1719328669.3464882,0.0,49645.0
1719328669.5278423,0.0,49645.0
1719328669.6873407,0.0,49645.0
1719328669.8558393,0.0,49645.0
1719328670.0198472,0.0,49645.0
1719328670.2470338,0.0,49645.0
1719328670.492126,0.0,49645.0
1719328670.713613,0.0,49645.0
1719328670.88593,0.0,49645.0
1719328671.0767353,0.0,49645.0
1719328671.2278407,0.0,49645.0
1719328671.4137373,0.0,49645.0
1719328671.5827296,0.0,49645.0
1719328671.731182,0.0,49645.0
1719328671.8818445,0.0,49645.0
1719328672.0279264,0.0,49645.0
1719328672.17287,0.0,49645.0
1719328672.3192132,0.0,49645.0
1719328672.4648523,0.0,49645.0
1719328672.6112752,0.0,49645.0
1719328672.774561,0.0,49645.0
1719328672.9545853,0.0,49645.0
1719328673.1294606,0.0,49645.0
1719328673.3061147,0.0,49645.0
1719328673.496495,0.0,49645.0
1719328673.6563501,0.0,49645.0
1719328673.8271525,0.0,49645.0
1719328673.9899433,0.0,49645.0
1719328674.1559608,0.0,49645.0
1719328674.3305607,0.0,49645.0
1719328674.4884593,0.0,49645.0
1719328674.6654289,0.0,49645.0
1719328674.819583,0.0,49645.0
1719328675.0619044,0.0,49645.0
1719328675.2866142,0.0,49645.0
1719328675.4918354,0.0,49645.0
1719328675.658425,0.0,49645.0
1719328675.8470256,0.0,49645.0
1719328676.0164852,0.0,49645.0
1719328676.1968267,0.0,49645.0
1719328676.3649054,0.0,49645.0
1719328676.519457,0.0,49645.0
1719328676.665816,0.0,49645.0
1719328676.8134246,0.0,49645.0
1719328676.9579532,0.0,49645.0
1719328677.1008215,0.0,49645.0
1719328677.248033,0.0,49645.0
1719328677.3933983,0.0,49645.0
1719328677.5837095,0.0,49645.0
1719328677.7686093,0.0,49645.0
1719328677.9398196,0.0,49645.0
1719328678.1036103,0.0,49645.0
1719328678.2813478,0.0,49645.0
1719328678.4958224,0.0,49645.0
1719328678.665149,0.0,49645.0
1719328678.8249896,0.0,49645.0
1719328678.9953215,0.0,49645.0
1719328679.1586566,0.0,49645.0
1719328679.3226347,0.0,49645.0
1719328679.5661492,0.0,49645.0
1719328679.7192643,0.0,49645.0
1719328679.9142027,0.0,49645.0
1719328680.1400151,0.0,49645.0
1719328680.3535838,0.0,49645.0
1719328680.5208185,0.0,49645.0
1719328680.7296104,0.0,49645.0
1719328680.896808,0.0,49645.0
1719328681.082845,0.0,49645.0
1719328681.2423499,0.0,49645.0
1719328681.3914711,0.0,49645.0
1719328681.5553048,0.0,49645.0
1719328681.7028348,0.0,49645.0
1719328681.8465996,0.0,49645.0
1719328681.9922388,0.0,49645.0
1719328682.1381476,0.0,49645.0
1719328682.2844772,0.0,49645.0
1719328682.4751441,0.0,49645.0
1719328682.643848,0.0,49645.0
1719328682.806797,0.0,49645.0
1719328682.9872494,0.0,49645.0
1719328683.1712692,0.0,49645.0
1719328683.324681,0.0,49645.0
1719328683.5023859,0.0,49645.0
1719328683.6580806,0.0,49645.0
1719328683.8130322,0.0,49645.0
1719328683.9976294,0.0,49645.0
1719328684.1579864,0.0,49645.0
1719328684.3316197,0.0,49645.0
1719328684.5066793,0.0,49645.0
1719328684.697808,0.0,49645.0
1719328684.9164214,0.0,49645.0
1719328685.1411216,0.0,49645.0
1719328685.3207073,0.0,49645.0
1719328685.5149183,0.0,49645.0
1719328685.6897857,0.0,49645.0
1719328685.855848,0.0,49645.0
1719328686.0288632,0.0,49645.0
1719328686.1803021,0.0,49645.0
1719328686.3300817,0.0,49645.0
1719328686.476345,0.0,49645.0
1719328686.6208563,0.0,49645.0
1719328686.7656348,0.0,49645.0
1719328686.9125829,0.0,49645.0
1719328687.0591657,0.0,49645.0
1719328687.2348156,0.0,49645.0
1719328687.422772,0.0,49645.0
1719328687.5870125,0.0,49645.0
1719328687.7843835,0.0,49645.0
1719328687.9550352,0.0,49645.0
1719328688.1339362,0.0,49645.0
1719328688.2921355,0.0,49645.0
1719328688.4566574,0.0,49645.0
1719328688.6316047,0.0,49645.0
1719328688.813177,0.0,49645.0
1719328688.9864197,0.0,49645.0
1719328689.1586375,0.0,49645.0
1719328689.3276856,0.0,49645.0
1719328689.5657864,0.0,49645.0
1719328689.7927186,0.0,49645.0
1719328690.0229003,0.0,49645.0
1719328690.1785183,0.0,49645.0
1719328690.4078395,0.0,49645.0
1719328690.5615685,0.0,49645.0
1719328690.7447896,0.0,49645.0
1719328690.9274187,0.0,49645.0
1719328691.077596,0.0,49645.0
1719328691.2238305,0.0,49645.0
1719328691.3709157,0.0,49645.0
1719328691.5136487,0.0,49645.0
1719328691.6610708,0.0,49645.0
1719328691.8069067,0.0,49645.0
1719328691.9839642,0.0,49645.0
1719328692.1725016,0.0,49645.0
1719328692.3495262,0.0,49645.0
1719328692.5197718,0.0,49645.0
1719328692.6885376,0.0,49645.0
1719328692.8600965,0.0,49645.0
1719328693.0296624,0.0,49645.0
1719328693.212657,0.0,49645.0
1719328693.3695357,0.0,49645.0
1719328693.5380325,0.0,49645.0
1719328693.7173517,0.0,49645.0
1719328693.8914652,0.0,49645.0
1719328694.0497358,0.0,49645.0
1719328694.2324295,0.0,49645.0
1719328694.415139,0.0,49645.0
1719328694.6430082,0.0,49645.0
1719328694.8364298,0.0,49645.0
1719328695.0668514,0.0,49645.0
1719328695.293251,0.0,49645.0
1719328695.4822311,0.0,49645.0
1719328695.6791887,0.0,49645.0
1719328695.8450358,0.0,49645.0
1719328695.9919,0.0,49645.0
1719328696.1374545,0.0,49645.0
1719328696.283166,0.0,49645.0
1719328696.4261124,0.0,49645.0
1719328696.5701094,0.0,49645.0
1719328696.7169998,0.0,49645.0
1719328696.8614347,0.0,49645.0
1719328697.0089865,0.0,49645.0
1719328697.1838403,0.0,49645.0
1719328697.372445,0.0,49645.0
1719328697.530027,0.0,49645.0
1719328697.7210045,0.0,49645.0
1719328697.91415,0.0,49645.0
1719328698.0660074,0.0,49645.0
1719328698.237174,0.0,49645.0
1719328698.4003344,0.0,49645.0
1719328698.5677304,0.0,49645.0
1719328698.739151,0.0,49645.0
1719328698.9383938,0.0,49645.0
1719328699.1167173,0.0,49645.0
1719328699.3172553,0.0,49645.0
1719328699.5376136,0.0,49645.0
1719328699.7595286,0.0,49645.0
1719328699.9566498,0.0,49645.0
1719328700.1765327,0.0,49645.0
1719328700.3430686,0.0,49645.0
1719328700.5110137,0.0,49645.0
1719328700.683507,0.0,49645.0
1719328700.8409884,0.0,49645.0
1719328700.9876413,0.0,49645.0
1719328701.1338694,0.0,49645.0
1719328701.2784488,0.0,49645.0
1719328701.420251,0.0,49645.0
1719328701.5657437,0.0,49645.0
1719328701.7116818,0.0,49645.0
1719328701.8617384,0.0,49645.0
1719328702.035105,0.0,49645.0
1719328702.2168486,0.0,49645.0
1719328702.3961911,0.0,49645.0
1719328702.562798,0.0,49645.0
1719328702.737134,0.0,49645.0
1719328702.8881705,0.0,49645.0
1719328703.0590208,0.0,49645.0
1719328703.207498,0.0,49645.0
1719328703.3689327,0.0,49645.0
1719328703.5398397,0.0,49645.0
1719328703.701333,0.0,49645.0
1719328703.8858566,0.0,49645.0
1719328704.058044,0.0,49645.0
1719328704.2352717,0.0,49645.0
1719328704.479072,0.0,49645.0
1719328704.6439404,0.0,49645.0
1719328704.8505602,0.0,49645.0
1719328705.0880353,0.0,49645.0
1719328705.2438288,0.0,49645.0
1719328705.411469,0.0,49645.0
1719328705.5949209,0.0,49645.0
1719328705.7473276,0.0,49645.0
1719328705.8974245,0.0,49645.0
1719328706.0423248,0.0,49645.0
1719328706.1844535,0.0,49645.0
1719328706.3291,0.0,49645.0
1719328706.4768028,0.0,49645.0
1719328706.6235192,0.0,49645.0
1719328706.795582,0.0,49645.0
1719328706.9790637,0.0,49645.0
1719328707.1506004,0.0,49645.0
1719328707.3302984,0.0,49645.0
1719328707.524466,0.0,49645.0
1719328707.6922653,0.0,49645.0
1719328707.8588953,0.0,49645.0
1719328708.02659,0.0,49645.0
1719328708.1977117,0.0,49645.0
1719328708.3845634,0.0,49645.0
1719328708.5494316,0.0,49645.0
1719328708.7291353,0.0,49645.0
1719328708.8929565,0.0,49645.0
1719328709.1213198,0.0,49645.0
1719328709.3625243,0.0,49645.0
1719328709.605941,0.0,49645.0
1719328709.8206456,0.0,49645.0
1719328709.992168,0.0,49645.0
1719328710.1532233,0.0,49645.0
1719328710.326708,0.0,49645.0
1719328710.501701,0.0,49645.0
1719328710.6476293,0.0,49645.0
1719328710.8038385,0.0,49645.0
1719328710.9682906,0.0,49645.0
1719328711.1109803,0.0,49645.0
1719328711.257217,0.0,49645.0
1719328711.4040537,0.0,49645.0
1719328711.5606802,0.0,49645.0
1719328711.74288,0.0,49645.0
1719328711.9232285,0.0,49645.0
1719328712.1054018,0.0,49645.0
1719328712.2848043,0.0,49645.0
1719328712.4575984,0.0,49645.0
1719328712.6101766,0.0,49645.0
1719328712.7887864,0.0,49645.0
1719328712.9820528,0.0,49645.0
1719328713.1425776,0.0,49645.0
1719328713.3030844,0.0,49645.0
1719328713.467642,0.0,49645.0
1719328713.6536298,0.0,49645.0
1719328713.8755748,0.0,49645.0
1719328714.0904636,0.0,49645.0
1719328714.314931,0.0,49645.0
1719328714.4946668,0.0,49645.0
1719328714.6982672,0.0,49645.0
1719328714.885039,0.0,49645.0
1719328715.055646,0.0,49645.0
1719328715.233599,0.0,49645.0
1719328715.3941998,0.0,49645.0
1719328715.5938168,0.0,49645.0
1719328715.7408183,0.0,49645.0
1719328715.8840148,0.0,49645.0
1719328716.0314043,0.0,49645.0
1719328716.1772416,0.0,49645.0
1719328716.3571224,0.0,49645.0
1719328716.531819,0.0,49645.0
1719328716.7093189,0.0,49645.0
1719328716.8750317,0.0,49645.0
1719328717.0485616,0.0,49645.0
1719328717.2162907,0.0,49645.0
1719328717.3835683,0.0,49645.0
1719328717.5466568,0.0,49645.0
1719328717.7154374,0.0,49645.0
1719328717.903844,0.0,49645.0
1719328718.0754821,0.0,49645.0
1719328718.2424753,0.0,49645.0
1719328718.3991055,0.0,49645.0
1719328718.6418116,0.0,49645.0
1719328718.8494074,0.0,49645.0
1719328719.0643108,0.0,49645.0
1719328719.2490184,0.0,49645.0
1719328719.453022,0.0,49645.0
1719328719.6018105,0.0,49645.0
1719328719.788555,0.0,49645.0
1719328719.9579303,0.0,49645.0
1719328720.1063063,0.0,49645.0
1719328720.2548225,0.0,49645.0
1719328720.4010656,0.0,49645.0
1719328720.5457447,0.0,49645.0
1719328720.6872468,0.0,49645.0
1719328720.8350966,0.0,49645.0
1719328720.9811733,0.0,49645.0
1719328721.1349719,0.0,49645.0
1719328721.3345623,0.0,49645.0
1719328721.5027716,0.0,49645.0
1719328721.6678462,0.0,49645.0
1719328721.8551865,0.0,49645.0
1719328722.0823085,0.0,49645.0
1719328722.2372348,0.0,49645.0
1719328722.4101238,0.0,49645.0
1719328722.5814857,0.0,49645.0
1719328722.7579556,0.0,49645.0
1719328722.9174974,0.0,49645.0
1719328723.0866618,0.0,49645.0
1719328723.265862,0.0,49645.0
1719328723.4247336,0.0,49645.0
1719328723.6500454,0.0,49645.0
1719328723.8408904,0.0,49645.0
1719328724.053711,0.0,49645.0
1719328724.2597044,0.0,49645.0
1719328724.4547997,0.0,49645.0
1719328724.6209643,0.0,49645.0
1719328724.7859325,0.0,49645.0
1719328724.9570367,0.0,49645.0
1719328725.103317,0.0,49645.0
1719328725.2509425,0.0,49645.0
1719328725.394545,0.0,49645.0
1719328725.5359902,0.0,49645.0
1719328725.6840293,0.0,49645.0
1719328725.8296201,0.0,49645.0
1719328725.9789495,0.0,49645.0
1719328726.1551015,0.0,49645.0
1719328726.3407316,0.0,49645.0
1719328726.498505,0.0,49645.0
1719328726.6928043,0.0,49645.0
1719328726.899107,0.0,49645.0
1719328727.0583863,0.0,49645.0
1719328727.2324657,0.0,49645.0
1719328727.4024155,0.0,49645.0
1719328727.5866113,0.0,49645.0
1719328727.7735145,0.0,49645.0
1719328727.9615219,0.0,49645.0
1719328728.1154199,0.0,49645.0
1719328728.368648,0.0,49645.0
1719328728.5581985,0.0,49645.0
1719328728.7209864,0.0,49645.0
1719328728.9066253,0.0,49645.0
1719328729.126247,0.0,49645.0
1719328729.294921,0.0,49645.0
1719328729.4744651,0.0,49645.0
1719328729.6538737,0.0,49645.0
1719328729.8013399,0.0,49645.0
1719328729.949601,0.0,49645.0
1719328730.0951812,0.0,49645.0
1719328730.237658,0.0,49645.0
1719328730.380247,0.0,49645.0
1719328730.5296218,0.0,49645.0
1719328730.6751032,0.0,49645.0
1719328730.8626437,0.0,49645.0
1719328731.0331566,0.0,49645.0
1719328731.2076323,0.0,49645.0
1719328731.3781667,0.0,49645.0
1719328731.5402348,0.0,49645.0
1719328731.7094893,0.0,49645.0
1719328731.8706586,0.0,49645.0
1719328732.0341606,0.0,49645.0
1719328732.209111,0.0,49645.0
1719328732.3865483,0.0,49645.0
1719328732.5738842,0.0,49645.0
1719328732.7470055,0.0,49645.0
1719328732.9106312,0.0,49645.0
1719328733.134084,0.0,49645.0
1719328733.357788,0.0,49645.0
1719328733.57729,0.0,49645.0
1719328733.743795,0.0,49645.0
1719328733.9613154,0.0,49645.0
1719328734.1180048,0.0,49645.0
1719328734.310595,0.0,49645.0
1719328734.4877279,0.0,49645.0
1719328734.6393778,0.0,49645.0
1719328734.7880864,0.0,49645.0
1719328734.931849,0.0,49645.0
1719328735.0736318,0.0,49645.0
1719328735.2205276,0.0,49645.0
1719328735.3660665,0.0,49645.0
1719328735.511835,0.0,49645.0
1719328735.6885304,0.0,49645.0
1719328735.8787947,0.0,49645.0
1719328736.0450616,0.0,49645.0
1719328736.224257,0.0,49645.0
1719328736.4223986,0.0,49645.0
1719328736.576053,0.0,49645.0
1719328736.745738,0.0,49645.0
1719328736.9033806,0.0,49645.0
1719328737.070542,0.0,49645.0
1719328737.2741976,0.0,49645.0
1719328737.448051,0.0,49645.0
1719328737.619107,0.0,49645.0
1719328737.7804673,0.0,49645.0
1719328738.0058043,0.0,49645.0
1719328738.216974,0.0,49645.0
1719328738.4372244,0.0,49645.0
1719328738.593247,0.0,49645.0
1719328738.8063745,0.0,49645.0
1719328738.964253,0.0,49645.0
1719328739.1315062,0.0,49645.0
1719328739.2987359,0.0,49645.0
1719328739.44686,0.0,49645.0
1719328739.5930703,0.0,49645.0
1719328739.7392323,0.0,49645.0
1719328739.8834288,0.0,49645.0
1719328740.0256631,0.0,49645.0
1719328740.1723385,0.0,49645.0
1719328740.3197324,0.0,49645.0
1719328740.4631886,0.0,49645.0
1719328740.6408796,0.0,49645.0
1719328740.8165169,0.0,49645.0
1719328740.9900396,0.0,49645.0
1719328741.1613245,0.0,49645.0
1719328741.3573022,0.0,49645.0
1719328741.5091133,0.0,49645.0
1719328741.6804376,0.0,49645.0
1719328741.8336313,0.0,49645.0
1719328742.00857,0.0,49645.0
1719328742.2022653,0.0,49645.0
1719328742.3735218,0.0,49645.0
1719328742.5484364,0.0,49645.0
1719328742.704552,0.0,49645.0
1719328742.9219568,0.0,49645.0
1719328743.1307733,0.0,49645.0
1719328743.3664663,0.0,49645.0
1719328743.5597055,0.0,49645.0
1719328743.7553902,0.0,49645.0
1719328743.9094646,0.0,49645.0
1719328744.0870898,0.0,49645.0
1719328744.2590098,0.0,49645.0
1719328744.4070263,0.0,49645.0
1719328744.554151,0.0,49645.0
1719328744.6998205,0.0,49645.0
1719328744.8426466,0.0,49645.0
1719328744.9898124,0.0,49645.0
1719328745.1371717,0.0,49645.0
1719328745.3095076,0.0,49645.0
1719328745.496185,0.0,49645.0
1719328745.6709423,0.0,49645.0
1719328745.8455255,0.0,49645.0
1719328746.032876,0.0,49645.0
1719328746.188652,0.0,49645.0
1719328746.358855,0.0,49645.0
1719328746.5244527,0.0,49645.0
1719328746.6888616,0.0,49645.0
1719328746.8715262,0.0,49645.0
1719328747.0450077,0.0,49645.0
1719328747.2230718,0.0,49645.0
1719328747.3763285,0.0,49645.0
1719328747.596541,0.0,49645.0
1719328747.816298,0.0,49645.0
1719328748.037986,0.0,49645.0
1719328748.2255218,0.0,49645.0
1719328748.4308138,0.0,49645.0
1719328748.5812829,0.0,49645.0
1719328748.7545536,0.0,49645.0
1719328748.9251428,0.0,49645.0
1719328749.0718317,0.0,49645.0
1719328749.225183,0.0,49645.0
1719328749.3716178,0.0,49645.0
1719328749.514071,0.0,49645.0
1719328749.6572278,0.0,49645.0
1719328749.8047123,0.0,49645.0
1719328749.9512348,0.0,49645.0
1719328750.1272635,0.0,49645.0
1719328750.3125002,0.0,49645.0
1719328750.487284,0.0,49645.0
1719328750.6664066,0.0,49645.0
1719328750.845653,0.0,49645.0
1719328751.0008564,0.0,49645.0
1719328751.1870136,0.0,49645.0
1719328751.3511317,0.0,49645.0
1719328751.5165029,0.0,49645.0
1719328751.6918416,0.0,49645.0
1719328751.9277387,0.0,49645.0
1719328752.2000585,0.0,49645.0
1719328752.3989782,0.0,49645.0
1719328752.584846,0.0,49645.0
1719328752.7582002,0.0,49645.0
1719328752.9997187,0.0,49645.0
1719328753.1701195,0.0,49645.0
1719328753.3229976,0.0,49645.0
1719328753.4671423,0.0,49645.0
1719328753.6570075,0.0,49645.0
1719328753.8156068,0.0,49645.0
1719328753.961348,0.0,49645.0
1719328754.1059697,0.0,49645.0
1719328754.2510517,0.0,49645.0
1719328754.393214,0.0,49645.0
1719328754.5399992,0.0,49645.0
1719328754.6866293,0.0,49645.0
1719328754.8603988,0.0,49645.0
1719328755.0081072,0.0,49645.0
1719328755.1851954,0.0,49645.0
1719328755.3560185,0.0,49645.0
1719328755.5160954,0.0,49645.0
1719328755.69184,0.0,49645.0
1719328755.8769193,0.0,49645.0
1719328756.0284493,0.0,49645.0
1719328756.1932702,0.0,49645.0
1719328756.3490222,0.0,49645.0
1719328756.5185218,0.0,49645.0
1719328756.6807678,0.0,49645.0
1719328756.8640652,0.0,49645.0
1719328757.0502687,0.0,49645.0
1719328757.2150245,0.0,49645.0
1719328757.4532578,0.0,49645.0
1719328757.6303043,0.0,49645.0
1719328757.85667,0.0,49645.0
1719328758.0698736,0.0,49645.0
1719328758.239717,0.0,49645.0
1719328758.3906605,0.0,49645.0
1719328758.565477,0.0,49645.0
1719328758.7350209,0.0,49645.0
1719328758.8815591,0.0,49645.0
1719328759.0286396,0.0,49645.0
1719328759.1745832,0.0,49645.0
1719328759.3157768,0.0,49645.0
1719328759.4569097,0.0,49645.0
1719328759.60325,0.0,49645.0
1719328759.7487097,0.0,49645.0
1719328759.935082,0.0,49645.0
1719328760.1042347,0.0,49645.0
1719328760.2878337,0.0,49645.0
1719328760.470673,0.0,49645.0
1719328760.6558902,0.0,49645.0
1719328760.8244865,0.0,49645.0
1719328760.9912238,0.0,49645.0
1719328761.1549385,0.0,49645.0
1719328761.3131564,0.0,49645.0
1719328761.4885516,0.0,49645.0
1719328761.6532595,0.0,49645.0
1719328761.825845,0.0,49645.0
1719328761.9922616,0.0,49645.0
1719328762.2177901,0.0,49645.0
1719328762.4577065,0.0,49645.0
1719328762.6731932,0.0,49645.0
1719328762.831964,0.0,49645.0
1719328763.0610828,0.0,49645.0
1719328763.2333233,0.0,49645.0
1719328763.4120317,0.0,49645.0
1719328763.5858092,0.0,49645.0
1719328763.7346427,0.0,49645.0
1719328763.882002,0.0,49645.0
1719328764.028501,0.0,49645.0
1719328764.172985,0.0,49645.0
1719328764.3165555,0.0,49645.0
1719328764.4646268,0.0,49645.0
1719328764.6109002,0.0,49645.0
1719328764.780012,0.0,49645.0
1719328764.9636319,0.0,49645.0
1719328765.1398199,0.0,49645.0
1719328765.3295572,0.0,49645.0
1719328765.489702,0.0,49645.0
1719328765.6591358,0.0,49645.0
1719328765.8374834,0.0,49645.0
1719328765.9968584,0.0,49645.0
1719328766.1584382,0.0,49645.0
1719328766.3481197,0.0,49645.0
1719328766.5134337,0.0,49645.0
1719328766.6866553,0.0,49645.0
1719328766.8491142,0.0,49645.0
1719328767.066087,0.0,49645.0
1719328767.2862644,0.0,49645.0
1719328767.508426,0.0,49645.0
1719328767.682217,0.0,49645.0
1719328767.9024003,0.0,49645.0
1719328768.072723,0.0,49645.0
1719328768.2441194,0.0,49645.0
1719328768.4062793,0.0,49645.0
1719328768.5561657,0.0,49645.0
1719328768.7025316,0.0,49645.0
1719328768.8466554,0.0,49645.0
1719328768.9908113,0.0,49645.0
1719328769.1340528,0.0,49645.0
1719328769.2817264,0.0,49645.0
1719328769.4285088,0.0,49645.0
1719328769.6162791,0.0,49645.0
1719328769.7896442,0.0,49645.0
1719328769.9551454,0.0,49645.0
1719328770.1180608,0.0,49645.0
1719328770.3033526,0.0,49645.0
1719328770.4764984,0.0,49645.0
1719328770.66051,0.0,49645.0
1719328770.8184395,0.0,49645.0
1719328771.0224326,0.0,49645.0
1719328771.1927214,0.0,49645.0
1719328771.3917675,0.0,49645.0
1719328771.5673945,0.0,49645.0
1719328771.729944,0.0,49645.0
1719328771.9762475,0.0,49645.0
1719328772.1518333,0.0,49645.0
1719328772.3844311,0.0,49645.0
1719328772.597828,0.0,49645.0
1719328772.771227,0.0,49645.0
1719328772.9342346,0.0,49645.0
1719328773.1083143,0.0,49645.0
1719328773.272867,0.0,49645.0
1719328773.419047,0.0,49645.0
1719328773.5832558,0.0,49645.0
1719328773.973266,0.0,49645.0
1719328774.1202636,0.0,49645.0
1719328774.2688382,0.0,49645.0
1719328774.4169788,0.0,49645.0
1719328774.5840259,0.0,49645.0
1719328774.7760663,0.0,49645.0
1719328774.9359517,0.0,49645.0
1719328775.11485,0.0,49645.0
1719328775.2907596,0.0,49645.0
1719328775.4451764,0.0,49645.0
1719328775.6247106,0.0,49645.0
1719328775.7802198,0.0,49645.0
1719328775.9451394,0.0,49645.0
1719328776.1154203,0.0,49645.0
1719328776.317935,0.0,49645.0
1719328776.4952855,0.0,49645.0
1719328776.6600325,0.0,49645.0
1719328776.9026155,0.0,49645.0
1719328777.1374035,0.0,49645.0
1719328777.340543,0.0,49645.0
1719328777.5447671,0.0,49645.0
1719328777.7469566,0.0,49645.0
1719328777.906337,0.0,49645.0
1719328778.0947254,0.0,49645.0
1719328778.2811508,0.0,49645.0
1719328778.4280016,0.0,49645.0
1719328778.5766563,0.0,49645.0
1719328778.7246685,0.0,49645.0
1719328778.8681371,0.0,49645.0
1719328779.0129087,0.0,49645.0
1719328779.1599967,0.0,49645.0
1719328779.3073823,0.0,49645.0
1719328779.4771066,0.0,49645.0
1719328779.644262,0.0,49645.0
1719328779.8217583,0.0,49645.0
1719328779.999284,0.0,49645.0
1719328780.1650934,0.0,49645.0
1719328780.352935,0.0,49645.0
1719328780.5129356,0.0,49645.0
1719328780.681963,0.0,49645.0
1719328780.8431838,0.0,49645.0
1719328781.0061235,0.0,49645.0
1719328781.1674895,0.0,49645.0
1719328781.3385289,0.0,49645.0
1719328781.512852,0.0,49645.0
1719328781.6883287,0.0,49645.0
1719328781.9177847,0.0,49645.0
1719328782.145165,0.0,49645.0
1719328782.3458052,0.0,49645.0
1719328782.5470836,0.0,49645.0
1719328782.7263417,0.0,49645.0
1719328782.907677,0.0,49645.0
1719328783.0716171,0.0,49645.0
1719328783.2221844,0.0,49645.0
1719328783.3778248,0.0,49645.0
1719328783.5249062,0.0,49645.0
1719328783.6716642,0.0,49645.0
1719328783.81657,0.0,49645.0
1719328783.9653084,0.0,49645.0
1719328784.1109748,0.0,49645.0
1719328784.2780466,0.0,49645.0
1719328784.4620461,0.0,49645.0
1719328784.63893,0.0,49645.0
1719328784.8137934,0.0,49645.0
1719328784.99046,0.0,49645.0
1719328785.1562498,0.0,49645.0
1719328785.330272,0.0,49645.0
1719328785.4866729,0.0,49645.0
1719328785.6579447,0.0,49645.0
1719328785.8312674,0.0,49645.0
1719328786.0033543,0.0,49645.0
1719328786.1717694,0.0,49645.0
1719328786.3280246,0.0,49645.0
1719328786.5624664,0.0,49645.0
1719328786.7697182,0.0,49645.0
1719328786.9614005,0.0,49645.0
1719328787.1246805,0.0,49645.0
1719328787.3232105,0.0,49645.0
1719328787.498333,0.0,49645.0
1719328787.6826918,0.0,49645.0
1719328787.8458915,0.0,49645.0
1719328787.9955852,0.0,49645.0
1719328788.139414,0.0,49645.0
1719328788.287376,0.0,49645.0
1719328788.4346454,0.0,49645.0
1719328788.5776887,0.0,49645.0
1719328788.729135,0.0,49645.0
1719328788.8760974,0.0,49645.0
1719328789.0673003,0.0,49645.0
1719328789.2414281,0.0,49645.0
1719328789.4061456,0.0,49645.0
1719328789.5866888,0.0,49645.0
1719328789.7518454,0.0,49645.0
1719328789.9267552,0.0,49645.0
1719328790.094826,0.0,49645.0
1719328790.2516534,0.0,49645.0
1719328790.4282854,0.0,49645.0
1719328790.6100535,0.0,49645.0
1719328790.8664947,0.0,49645.0
1719328791.0697415,0.0,49645.0
1719328791.3087142,0.0,49645.0
1719328791.5201933,0.0,49645.0
1719328791.6843574,0.0,49645.0
1719328791.913727,0.0,49645.0
1719328792.0877695,0.0,49645.0
1719328792.2469618,0.0,49645.0
1719328792.4164817,0.0,49645.0
1719328792.5861084,0.0,49645.0
1719328792.7382402,0.0,49645.0
1719328792.8847718,0.0,49645.0
1719328793.0302014,0.0,49645.0
1719328793.1730576,0.0,49645.0
1719328793.31951,0.0,49645.0
1719328793.4671717,0.0,49645.0
1719328793.6340344,0.0,49645.0
1719328793.8029506,0.0,49645.0
1719328793.989197,0.0,49645.0
1719328794.1765218,0.0,49645.0
1719328794.3402858,0.0,49645.0
1719328794.5091996,0.0,49645.0
1719328794.663963,0.0,49645.0
1719328794.8395844,0.0,49645.0
1719328794.989144,0.0,49645.0
1719328795.1465247,0.0,49645.0
1719328795.3113155,0.0,49645.0
1719328795.4758472,0.0,49645.0
1719328795.6551685,0.0,49645.0
1719328795.8103714,0.0,49645.0
1719328796.0281231,0.0,49645.0
1719328796.2408986,0.0,49645.0
1719328796.4520452,0.0,49645.0
1719328796.6174152,0.0,49645.0
1719328796.837589,0.0,49645.0
1719328796.9876018,0.0,49645.0
1719328797.1752214,0.0,49645.0
1719328797.3488917,0.0,49645.0
1719328797.4941392,0.0,49645.0
1719328797.6426585,0.0,49645.0
1719328797.7906263,0.0,49645.0
1719328797.9333904,0.0,49645.0
1719328798.0833228,0.0,49645.0
1719328798.2312686,0.0,49645.0
1719328798.3776195,0.0,49645.0
1719328798.547675,0.0,49645.0
1719328798.719977,0.0,49645.0
1719328798.9016547,0.0,49645.0
1719328799.0753446,0.0,49645.0
1719328799.252647,0.0,49645.0
1719328799.418936,0.0,49645.0
1719328799.5921674,0.0,49645.0
1719328799.7543545,0.0,49645.0
1719328799.927982,0.0,49645.0
1719328800.1203394,0.0,49645.0
1719328800.2854176,0.0,49645.0
1719328800.4589596,0.0,49645.0
1719328800.6115458,0.0,49645.0
1719328800.8336048,0.0,49645.0
1719328801.0449116,0.0,49645.0
1719328801.2472343,0.0,49645.0
1719328801.4150383,0.0,49645.0
1719328801.6288126,0.0,49645.0
1719328801.7907753,0.0,49645.0
1719328801.9831145,0.0,49645.0
1719328802.1491318,0.0,49645.0
1719328802.304537,0.0,49645.0
1719328802.4545515,0.0,49645.0
1719328802.6003182,0.0,49645.0
1719328802.7441058,0.0,49645.0
1719328802.8871882,0.0,49645.0
1719328803.0353236,0.0,49645.0
1719328803.1826117,0.0,49645.0
1719328803.3807564,0.0,49645.0
1719328803.56344,0.0,49645.0
1719328803.7358596,0.0,49645.0
1719328803.9179678,0.0,49645.0
1719328804.0960722,0.0,49645.0
1719328804.257145,0.0,49645.0
1719328804.4198523,0.0,49645.0
1719328804.5786567,0.0,49645.0
1719328804.752564,0.0,49645.0
1719328804.9214096,0.0,49645.0
1719328805.1138318,0.0,49645.0
1719328805.2840922,0.0,49645.0
1719328805.436798,0.0,49645.0
1719328805.6678362,0.0,49645.0
1719328805.8734045,0.0,49645.0
1719328806.0843112,0.0,49645.0
1719328806.2563822,0.0,49645.0
1719328806.469428,0.0,49645.0
1719328806.6290977,0.0,49645.0
1719328806.8326647,0.0,49645.0
1719328807.001464,0.0,49645.0
1719328807.1642566,0.0,49645.0
1719328807.310092,0.0,49645.0
1719328807.4574816,0.0,49645.0
1719328807.6036973,0.0,49645.0
1719328807.7466793,0.0,49645.0
1719328807.8936267,0.0,49645.0
1719328808.0394754,0.0,49645.0
1719328808.2401626,0.0,49645.0
1719328808.4120395,0.0,49645.0
1719328808.576707,0.0,49645.0
1719328808.7438517,0.0,49645.0
1719328808.9181495,0.0,49645.0
1719328809.0901484,0.0,49645.0
1719328809.290056,0.0,49645.0
1719328809.4449222,0.0,49645.0
1719328809.6061661,0.0,49645.0
1719328809.7858248,0.0,49645.0
1719328809.9501193,0.0,49645.0
1719328810.1523306,0.0,49645.0
1719328810.3025916,0.0,49645.0
1719328810.534157,0.0,49645.0
1719328810.7524188,0.0,49645.0
1719328810.9619617,0.0,49645.0
1719328811.1208034,0.0,49645.0
1719328811.3446283,0.0,49645.0
1719328811.5057917,0.0,49645.0
1719328811.68735,0.0,49645.0
1719328811.8780375,0.0,49645.0
1719328812.025805,0.0,49645.0
1719328812.172902,0.0,49645.0
1719328812.3196683,0.0,49645.0
1719328812.461732,0.0,49645.0
1719328812.608745,0.0,49645.0
1719328812.7552445,0.0,49645.0
1719328812.9016342,0.0,49645.0
1719328813.0777986,0.0,49645.0
1719328813.263836,0.0,49645.0
1719328813.4408104,0.0,49645.0
1719328813.619665,0.0,49645.0
1719328813.7918136,0.0,49645.0
1719328813.946495,0.0,49645.0
1719328814.1194215,0.0,49645.0
1719328814.2702699,0.0,49645.0
1719328814.43292,0.0,49645.0
1719328814.622748,0.0,49645.0
1719328814.7946255,0.0,49645.0
1719328814.96759,0.0,49645.0
1719328815.1420407,0.0,49645.0
1719328815.3616114,0.0,49645.0
1719328815.5419867,0.0,49645.0
1719328815.757093,0.0,49645.0
1719328815.9733915,0.0,49645.0
1719328816.1293173,0.0,49645.0
1719328816.2871447,0.0,49645.0
1719328816.4637356,0.0,49645.0
1719328816.6416423,0.0,49645.0
1719328816.7938366,0.0,49645.0
1719328816.9438202,0.0,49645.0
1719328817.0905185,0.0,49645.0
1719328817.233709,0.0,49645.0
1719328817.3778381,0.0,49645.0
1719328817.5263925,0.0,49645.0
1719328817.672252,0.0,49645.0
1719328817.8428857,0.0,49645.0
1719328818.0142174,0.0,49645.0
1719328818.1806517,0.0,49645.0
1719328818.364689,0.0,49645.0
1719328818.526104,0.0,49645.0
1719328818.701895,0.0,49645.0
1719328819.0590403,0.0,49645.0
1719328819.224136,0.0,49645.0
1719328819.386646,0.0,49645.0
1719328819.5569031,0.0,49645.0
1719328819.7384527,0.0,49645.0
1719328819.9155333,0.0,49645.0
1719328820.075839,0.0,49645.0
1719328820.297754,0.0,49645.0
1719328820.4892356,0.0,49645.0
1719328820.711242,0.0,49645.0
1719328820.918954,0.0,49645.0
1719328821.0833526,0.0,49645.0
1719328821.231404,0.0,49645.0
1719328821.404125,0.0,49645.0
1719328821.5977669,0.0,49645.0
1719328821.7435405,0.0,49645.0
1719328821.888035,0.0,49645.0
1719328822.0730855,0.0,49645.0
1719328822.2237506,0.0,49645.0
1719328822.3727648,0.0,49645.0
1719328822.5192034,0.0,49645.0
1719328822.6648767,0.0,49645.0
1719328822.835798,0.0,49645.0
1719328823.0217192,0.0,49645.0
1719328823.1850188,0.0,49645.0
1719328823.3552117,0.0,49645.0
1719328823.5269337,0.0,49645.0
1719328823.681941,0.0,49645.0
1719328823.8506203,0.0,49645.0
1719328824.013542,0.0,49645.0
1719328824.1798148,0.0,49645.0
1719328824.3593674,0.0,49645.0
1719328824.5571153,0.0,49645.0
1719328824.728977,0.0,49645.0
1719328824.880153,0.0,49645.0
1719328825.1066065,0.0,49645.0
1719328825.3117323,0.0,49645.0
1719328825.5483973,0.0,49645.0
1719328825.7651994,0.0,49645.0
1719328825.9203727,0.0,49645.0
1719328826.0851948,0.0,49645.0
1719328826.255828,0.0,49645.0
1719328826.4156382,0.0,49645.0
1719328826.5629783,0.0,49645.0
1719328826.7114043,0.0,49645.0
1719328826.8591592,0.0,49645.0
1719328827.0020103,0.0,49645.0
1719328827.1496065,0.0,49645.0
1719328827.2958987,0.0,49645.0
1719328827.475962,0.0,49645.0
1719328827.6490805,0.0,49645.0
1719328827.8217924,0.0,49645.0
1719328828.002235,0.0,49645.0
1719328828.1774156,0.0,49645.0
1719328828.380099,0.0,49645.0
1719328828.5449226,0.0,49645.0
1719328828.7091143,0.0,49645.0
1719328828.8797202,0.0,49645.0
1719328829.0661967,0.0,49645.0
1719328829.2507758,0.0,49645.0
1719328829.4201307,0.0,49645.0
1719328829.5871782,0.0,49645.0
1719328829.8256388,0.0,49645.0
1719328830.0878043,0.0,49645.0
1719328830.342265,0.0,49645.0
1719328830.506697,0.0,49645.0
1719328830.6815062,0.0,49645.0
1719328830.836391,0.0,49645.0
1719328831.0155432,0.0,49645.0
1719328831.1822715,0.0,49645.0
1719328831.3302991,0.0,49645.0
1719328831.477094,0.0,49645.0
1719328831.6238143,0.0,49645.0
1719328831.7701128,0.0,49645.0
1719328831.9158604,0.0,49645.0
1719328832.0636573,0.0,49645.0
1719328832.2160428,0.0,49645.0
1719328832.4024584,0.0,49645.0
1719328832.59213,0.0,49645.0
1719328832.7638361,0.0,49645.0
1719328832.9484155,0.0,49645.0
1719328833.147853,0.0,49645.0
1719328833.3005447,0.0,49645.0
1719328833.4742582,0.0,49645.0
1719328833.6470876,0.0,49645.0
1719328833.8072364,0.0,49645.0
1719328833.9719255,0.0,49645.0
1719328834.147391,0.0,49645.0
1719328834.3151937,0.0,49645.0
1719328834.4704256,0.0,49645.0
1719328834.6837084,0.0,49645.0
1719328834.9085457,0.0,49645.0
1719328835.1411464,0.0,49645.0
1719328835.3672872,0.0,49645.0
1719328835.532113,0.0,49645.0
1719328835.7003117,0.0,49645.0
1719328835.8684726,0.0,49645.0
1719328836.0324585,0.0,49645.0
1719328836.1874037,0.0,49645.0
1719328836.3365695,0.0,49645.0
1719328836.4831223,0.0,49645.0
1719328836.6253471,0.0,49645.0
1719328836.7731354,0.0,49645.0
1719328836.9189148,0.0,49645.0
1719328837.082344,0.0,49645.0
1719328837.24872,0.0,49645.0
1719328837.4213233,0.0,49645.0
1719328837.5826483,0.0,49645.0
1719328837.7411559,0.0,49645.0
1719328837.922258,0.0,49645.0
1719328838.0743918,0.0,49645.0
1719328838.2547183,0.0,49645.0
1719328838.4013033,0.0,49645.0
1719328838.5756714,0.0,49645.0
1719328838.7380981,0.0,49645.0
1719328838.899569,0.0,49645.0
1719328839.067193,0.0,49645.0
1719328839.2216809,0.0,49645.0
1719328839.4431264,0.0,49645.0
1719328839.6517339,0.0,49645.0
1719328839.8902378,0.0,49645.0
1719328840.104294,0.0,49645.0
1719328840.2682543,0.0,49645.0
1719328840.4287257,0.0,49645.0
1719328840.6150172,0.0,49645.0
1719328840.7978919,0.0,49645.0
1719328840.945857,0.0,49645.0
1719328841.0963352,0.0,49645.0
1719328841.2424543,0.0,49645.0
1719328841.3859494,0.0,49645.0
1719328841.5346138,0.0,49645.0
1719328841.6823525,0.0,49645.0
1719328841.8302553,0.0,49645.0
1719328842.0183682,0.0,49645.0
1719328842.1918316,0.0,49645.0
1719328842.3542569,0.0,49645.0
1719328842.5235393,0.0,49645.0
1719328842.7194612,0.0,49645.0
1719328842.8842409,0.0,49645.0
1719328843.0506768,0.0,49645.0
1719328843.2082832,0.0,49645.0
1719328843.3721151,0.0,49645.0
1719328843.5398512,0.0,49645.0
1719328843.7163026,0.0,49645.0
1719328843.8954282,0.0,49645.0
1719328844.0642762,0.0,49645.0
1719328844.295714,0.0,49645.0
1719328844.4968123,0.0,49645.0
1719328844.7038355,0.0,49645.0
1719328844.8930209,0.0,49645.0
1719328845.1049387,0.0,49645.0
1719328845.2579014,0.0,49645.0
1719328845.4351792,0.0,49645.0
1719328845.6014588,0.0,49645.0
1719328845.7483664,0.0,49645.0
1719328845.8962035,0.0,49645.0
1719328846.0442858,0.0,49645.0
1719328846.1868258,0.0,49645.0
1719328846.331104,0.0,49645.0
1719328846.4764583,0.0,49645.0
1719328846.6217642,0.0,49645.0
1719328846.803404,0.0,49645.0
1719328846.9752,0.0,49645.0
1719328847.1426165,0.0,49645.0
1719328847.310363,0.0,49645.0
1719328847.5114446,0.0,49645.0
1719328847.6839728,0.0,49645.0
1719328847.8619287,0.0,49645.0
1719328848.023675,0.0,49645.0
1719328848.1923418,0.0,49645.0
1719328848.3647747,0.0,49645.0
1719328848.5402837,0.0,49645.0
1719328848.7123125,0.0,49645.0
1719328848.8684833,0.0,49645.0
1719328849.0896974,0.0,49645.0
1719328849.311651,0.0,49645.0
1719328849.542234,0.0,49645.0
1719328849.7296493,0.0,49645.0
1719328849.9150424,0.0,49645.0
1719328850.0657406,0.0,49645.0
1719328850.2482302,0.0,49645.0
1719328850.4263494,0.0,49645.0
1719328850.5726857,0.0,49645.0
1719328850.7192724,0.0,49645.0
1719328850.8673747,0.0,49645.0
1719328851.0133939,0.0,49645.0
1719328851.1616826,0.0,49645.0
1719328851.310554,0.0,49645.0
1719328851.4978676,0.0,49645.0
1719328851.6772592,0.0,49645.0
1719328851.8575318,0.0,49645.0
1719328852.035107,0.0,49645.0
1719328852.2329063,0.0,49645.0
1719328852.3886235,0.0,49645.0
1719328852.5534139,0.0,49645.0
1719328852.7085562,0.0,49645.0
1719328852.881192,0.0,49645.0
1719328853.054966,0.0,49645.0
1719328853.2192414,0.0,49645.0
1719328853.3952913,0.0,49645.0
1719328853.5469832,0.0,49645.0
1719328853.7876296,0.0,49645.0
1719328853.9899845,0.0,49645.0
1719328854.1970105,0.0,49645.0
1719328854.347326,0.0,49645.0
1719328854.5651298,0.0,49645.0
1719328854.7268605,0.0,49645.0
1719328854.914474,0.0,49645.0
1719328855.0838354,0.0,49645.0
1719328855.2334223,0.0,49645.0
1719328855.3804944,0.0,49645.0
1719328855.525734,0.0,49645.0
1719328855.6681068,0.0,49645.0
1719328855.8080058,0.0,49645.0
1719328855.9545174,0.0,49645.0
1719328856.1000133,0.0,49645.0
1719328856.2794158,0.0,49645.0
1719328856.4490058,0.0,49645.0
1719328856.6143982,0.0,49645.0
1719328856.8202603,0.0,49645.0
1719328857.0020838,0.0,49645.0
1719328857.1706629,0.0,49645.0
1719328857.338566,0.0,49645.0
1719328857.504118,0.0,49645.0
1719328857.6612568,0.0,49645.0
1719328857.8327708,0.0,49645.0
1719328857.9951406,0.0,49645.0
1719328858.180761,0.0,49645.0
1719328858.347288,0.0,49645.0
1719328858.5850046,0.0,49645.0
1719328858.815837,0.0,49645.0
1719328859.033062,0.0,49645.0
1719328859.201946,0.0,49645.0
1719328859.405723,0.0,49645.0
1719328859.5605288,0.0,49645.0
1719328859.7421465,0.0,49645.0
1719328859.9075553,0.0,49645.0
1719328860.0599232,0.0,49645.0
1719328860.208505,0.0,49645.0
1719328860.353613,0.0,49645.0
1719328860.4982336,0.0,49645.0
1719328860.6428723,0.0,49645.0
1719328860.7918594,0.0,49645.0
1719328860.9394696,0.0,49645.0
1719328861.1006296,0.0,49645.0
1719328861.268196,0.0,49645.0
1719328861.4514384,0.0,49645.0
1719328861.6283264,0.0,49645.0
1719328861.8113055,0.0,49645.0
1719328861.9899838,0.0,49645.0
1719328862.1607819,0.0,49645.0
1719328862.3213294,0.0,49645.0
1719328862.4874897,0.0,49645.0
1719328862.6606975,0.0,49645.0
1719328862.8318434,0.0,49645.0
1719328863.003834,0.0,49645.0
1719328863.1621516,0.0,49645.0
1719328863.4083195,0.0,49645.0
1719328863.6279845,0.0,49645.0
1719328863.8356268,0.0,49645.0
1719328863.9840405,0.0,49645.0
1719328864.2224915,0.0,49645.0
1719328864.3761315,0.0,49645.0
1719328864.5449038,0.0,49645.0
1719328864.7127414,0.0,49645.0
1719328864.8642173,0.0,49645.0
1719328865.0103447,0.0,49645.0
1719328865.156392,0.0,49645.0
1719328865.3032248,0.0,49645.0
1719328865.4471767,0.0,49645.0
1719328865.5951066,0.0,49645.0
1719328865.7407649,0.0,49645.0
1719328865.9145675,0.0,49645.0
1719328866.089225,0.0,49645.0
1719328866.2643106,0.0,49645.0
1719328866.4482293,0.0,49645.0
1719328866.6305513,0.0,49645.0
1719328866.8146355,0.0,49645.0
1719328867.012094,0.0,49645.0
1719328867.1668196,0.0,49645.0
1719328867.3242762,0.0,49645.0
1719328867.485969,0.0,49645.0
1719328867.6632462,0.0,49645.0
1719328867.9018183,0.0,49645.0
1719328868.13542,0.0,49645.0
1719328868.3761795,0.0,49645.0
1719328868.5764797,0.0,49645.0
1719328868.7467794,0.0,49645.0
1719328868.9775956,0.0,49645.0
1719328869.1326876,0.0,49645.0
1719328869.305874,0.0,49645.0
1719328869.469684,0.0,49645.0
1719328869.6244266,0.0,49645.0
1719328869.7763376,0.0,49645.0
1719328869.9196415,0.0,49645.0
1719328870.0628738,0.0,49645.0
1719328870.2058792,0.0,49645.0
1719328870.3524816,0.0,49645.0
1719328870.4984136,0.0,49645.0
1719328870.6612852,0.0,49645.0
1719328870.8509715,0.0,49645.0
1719328871.0268018,0.0,49645.0
1719328871.2057118,0.0,49645.0
1719328871.3952458,0.0,49645.0
1719328871.552126,0.0,49645.0
1719328871.7226436,0.0,49645.0
1719328871.8831692,0.0,49645.0
1719328872.0592327,0.0,49645.0
1719328872.2186313,0.0,49645.0
1719328872.3893692,0.0,49645.0
1719328872.5680397,0.0,49645.0
1719328872.72612,0.0,49645.0
1719328872.9526503,0.0,49645.0
1719328873.1707573,0.0,49645.0
1719328873.4403074,0.0,49645.0
1719328873.6282306,0.0,49645.0
1719328873.805401,0.0,49645.0
1719328873.9619343,0.0,49645.0
1719328874.1447341,0.0,49645.0
1719328874.310842,0.0,49645.0
1719328874.4668825,0.0,49645.0
1719328874.623063,0.0,49645.0
1719328874.7718163,0.0,49645.0
1719328874.9203558,0.0,49645.0
1719328875.0793233,0.0,49645.0
1719328875.2400453,0.0,49645.0
1719328875.4262831,0.0,49645.0
1719328875.6194193,0.0,49645.0
1719328875.7829733,0.0,49645.0
1719328875.9688406,0.0,49645.0
1719328876.1569178,0.0,49645.0
1719328876.3105242,0.0,49645.0
1719328876.4916282,0.0,49645.0
1719328876.64965,0.0,49645.0
1719328876.8215263,0.0,49645.0
1719328877.0058606,0.0,49645.0
1719328877.1835928,0.0,49645.0
1719328877.3620372,0.0,49645.0
1719328877.5184262,0.0,49645.0
1719328877.747692,0.0,49645.0
1719328877.9688766,0.0,49645.0
1719328878.2171435,0.0,49645.0
1719328878.4204874,0.0,49645.0
1719328878.585843,0.0,49645.0
1719328878.7451026,0.0,49645.0
1719328878.9238477,0.0,49645.0
1719328879.1020975,0.0,49645.0
1719328879.247989,0.0,49645.0
1719328879.3959818,0.0,49645.0
1719328879.545436,0.0,49645.0
1719328879.68884,0.0,49645.0
1719328879.8358939,0.0,49645.0
1719328879.9804125,0.0,49645.0
1719328880.1570299,0.0,49645.0
1719328880.3246922,0.0,49645.0
1719328880.5076313,0.0,49645.0
1719328880.6923864,0.0,49645.0
1719328880.8787427,0.0,49645.0
1719328881.0570776,0.0,49645.0
1719328881.2310607,0.0,49645.0
1719328881.3957138,0.0,49645.0
1719328881.574634,0.0,49645.0
1719328881.7410233,0.0,49645.0
1719328881.9106433,0.0,49645.0
1719328882.0752413,0.0,49645.0
1719328882.232411,0.0,49645.0
1719328882.4533489,0.0,49645.0
1719328882.685185,0.0,49645.0
1719328882.8997061,0.0,49645.0
1719328883.0623782,0.0,49645.0
1719328883.2723677,0.0,49645.0
1719328883.4299605,0.0,49645.0
1719328883.5997238,0.0,49645.0
1719328883.7579696,0.0,49645.0
1719328883.9123693,0.0,49645.0
1719328884.0593169,0.0,49645.0
1719328884.210022,0.0,49645.0
1719328884.3564837,0.0,49645.0
1719328884.5045333,0.0,49645.0
1719328884.6536622,0.0,49645.0
1719328884.8000658,0.0,49645.0
1719328884.9721253,0.0,49645.0
1719328885.142352,0.0,49645.0
1719328885.3116755,0.0,49645.0
1719328885.4857247,0.0,49645.0
1719328885.672396,0.0,49645.0
1719328885.8259208,0.0,49645.0
1719328886.0018084,0.0,49645.0
1719328886.1731284,0.0,49645.0
1719328886.3314106,0.0,49645.0
1719328886.4946465,0.0,49645.0
1719328886.6645408,0.0,49645.0
1719328886.8327708,0.0,49645.0
1719328887.0191958,0.0,49645.0
1719328887.264659,0.0,49645.0
1719328887.4451704,0.0,49645.0
1719328887.6607306,0.0,49645.0
1719328887.8811808,0.0,49645.0
1719328888.0579593,0.0,49645.0
1719328888.2159712,0.0,49645.0
1719328888.3870187,0.0,49645.0
1719328888.5540762,0.0,49645.0
1719328888.7007422,0.0,49645.0
1719328888.8491797,0.0,49645.0
1719328888.9935443,0.0,49645.0
1719328889.1350818,0.0,49645.0
1719328889.283073,0.0,49645.0
1719328889.4302008,0.0,49645.0
1719328889.5870395,0.0,49645.0
1719328889.7582173,0.0,49645.0
1719328889.9291358,0.0,49645.0
1719328890.1059117,0.0,49645.0
1719328890.2782683,0.0,49645.0
1719328890.4580293,0.0,49645.0
1719328890.6117039,0.0,49645.0
1719328890.7757022,0.0,49645.0
1719328890.9370458,0.0,49645.0
1719328891.1021054,0.0,49645.0
1719328891.277424,0.0,49645.0
1719328891.4568105,0.0,49645.0
1719328891.6353114,0.0,49645.0
1719328891.790019,0.0,49645.0
1719328892.0351143,0.0,49645.0
1719328892.2316172,0.0,49645.0
1719328892.4450808,0.0,49645.0
1719328892.6581697,0.0,49645.0
1719328892.83234,0.0,49645.0
1719328893.005175,0.0,49645.0
1719328893.1792765,0.0,49645.0
1719328893.3407135,0.0,49645.0
1719328893.4877608,0.0,49645.0
1719328893.6349936,0.0,49645.0
1719328893.7794924,0.0,49645.0
1719328893.9208605,0.0,49645.0
1719328894.0662856,0.0,49645.0
1719328894.2119877,0.0,49645.0
1719328894.403387,0.0,49645.0
1719328894.5783648,0.0,49645.0
1719328894.7480507,0.0,49645.0
1719328894.917748,0.0,49645.0
1719328895.0928156,0.0,49645.0
1719328895.254443,0.0,49645.0
1719328895.4176404,0.0,49645.0
1719328895.5863752,0.0,49645.0
1719328895.7518704,0.0,49645.0
1719328895.938457,0.0,49645.0
1719328896.1121418,0.0,49645.0
1719328896.2981477,0.0,49645.0
1719328896.4550307,0.0,49645.0
1719328896.683095,0.0,49645.0
1719328896.9109576,0.0,49645.0
1719328897.1170003,0.0,49645.0
1719328897.3022501,0.0,49645.0
1719328897.500239,0.0,49645.0
1719328897.6722586,0.0,49645.0
1719328897.83638,0.0,49645.0
1719328898.0114486,0.0,49645.0
1719328898.1592736,0.0,49645.0
1719328898.3069663,0.0,49645.0
1719328898.4516423,0.0,49645.0
1719328898.6077058,0.0,49645.0
1719328898.7547777,0.0,49645.0
1719328898.9005277,0.0,49645.0
1719328899.0737638,0.0,49645.0
1719328899.2524147,0.0,49645.0
1719328899.429698,0.0,49645.0
1719328899.6144602,0.0,49645.0
1719328899.7878394,0.0,49645.0
1719328899.986854,0.0,49645.0
1719328900.1533256,0.0,49645.0
1719328900.3210914,0.0,49645.0
1719328900.4889233,0.0,49645.0
1719328900.6709075,0.0,49645.0
1719328900.8362186,0.0,49645.0
1719328900.9995902,0.0,49645.0
1719328901.1665475,0.0,49645.0
1719328901.4232047,0.0,49645.0
1719328901.6477613,0.0,49645.0
1719328901.857994,0.0,49645.0
1719328902.023096,0.0,49645.0
1719328902.2253962,0.0,49645.0
1719328902.3793583,0.0,49645.0
1719328902.5472457,0.0,49645.0
1719328902.719283,0.0,49645.0
1719328902.8763885,0.0,49645.0
1719328903.0215805,0.0,49645.0
1719328903.1691363,0.0,49645.0
1719328903.3151457,0.0,49645.0
1719328903.4585285,0.0,49645.0
1719328903.6079376,0.0,49645.0
1719328903.7547634,0.0,49645.0
1719328903.9398491,0.0,49645.0
1719328904.1086426,0.0,49645.0
1719328904.289817,0.0,49645.0
1719328904.4698389,0.0,49645.0
1719328904.6430051,0.0,49645.0
1719328904.8220487,0.0,49645.0
1719328904.9953105,0.0,49645.0
1719328905.165212,0.0,49645.0
1719328905.3389733,0.0,49645.0
1719328905.525659,0.0,49645.0
1719328905.6862051,0.0,49645.0
1719328905.873667,0.0,49645.0
1719328906.0391068,0.0,49645.0
1719328906.2810075,0.0,49645.0
1719328906.502281,0.0,49645.0
1719328906.7302525,0.0,49645.0
1719328906.8970609,0.0,49645.0
1719328907.1060143,0.0,49645.0
1719328907.2636662,0.0,49645.0
1719328907.4292374,0.0,49645.0
1719328907.6524284,0.0,49645.0
1719328907.8223772,0.0,49645.0
1719328907.9705012,0.0,49645.0
1719328908.117348,0.0,49645.0
1719328908.2644405,0.0,49645.0
1719328908.4129462,0.0,49645.0
1719328908.5608745,0.0,49645.0
1719328908.7352352,0.0,49645.0
1719328908.9141624,0.0,49645.0
1719328909.0916054,0.0,49645.0
1719328909.2672315,0.0,49645.0
1719328909.427687,0.0,49645.0
1719328909.6109781,0.0,49645.0
1719328909.7754347,0.0,49645.0
1719328909.9474454,0.0,49645.0
1719328910.1172047,0.0,49645.0
1719328910.308986,0.0,49645.0
1719328910.474797,0.0,49645.0
1719328910.6527991,0.0,49645.0
1719328910.8264306,0.0,49645.0
1719328911.0148585,0.0,49645.0
1719328911.2794418,0.0,49645.0
1719328911.5203822,0.0,49645.0
1719328911.6933198,0.0,49645.0
1719328911.9163816,0.0,49645.0
1719328912.0689538,0.0,49645.0
1719328912.2622516,0.0,49645.0
1719328912.4343154,0.0,49645.0
1719328912.5832138,0.0,49645.0
1719328912.7300034,0.0,49645.0
1719328912.875374,0.0,49645.0
1719328913.0184639,0.0,49645.0
1719328913.159311,0.0,49645.0
1719328913.3066802,0.0,49645.0
1719328913.4686317,0.0,49645.0
1719328913.62901,0.0,49645.0
1719328913.7968028,0.0,49645.0
1719328913.9692125,0.0,49645.0
1719328914.1297963,0.0,49645.0
1719328914.3174806,0.0,49645.0
1719328914.4879854,0.0,49645.0
1719328914.6496873,0.0,49645.0
1719328914.8108582,0.0,49645.0
1719328914.970127,0.0,49645.0
1719328915.14372,0.0,49645.0
1719328915.3032467,0.0,49645.0
1719328915.4750085,0.0,49645.0
1719328915.6627855,0.0,49645.0
1719328915.8295333,0.0,49645.0
1719328916.057551,0.0,49645.0
1719328916.2554755,0.0,49645.0
1719328916.4825852,0.0,49645.0
1719328916.6810255,0.0,49645.0
1719328916.8434823,0.0,49645.0
1719328917.0188265,0.0,49645.0
1719328917.1903617,0.0,49645.0
1719328917.3549232,0.0,49645.0
1719328917.5054176,0.0,49645.0
1719328917.6578004,0.0,49645.0
1719328917.804864,0.0,49645.0
1719328917.949448,0.0,49645.0
1719328918.0973747,0.0,49645.0
1719328918.2434382,0.0,49645.0
1719328918.4275365,0.0,49645.0
1719328918.599846,0.0,49645.0
1719328918.7790856,0.0,49645.0
1719328918.9563558,0.0,49645.0
1719328919.1598413,0.0,49645.0
1719328919.326781,0.0,49645.0
1719328919.5052762,0.0,49645.0
1719328919.6618752,0.0,49645.0
1719328919.8181748,0.0,49645.0
1719328920.0059748,0.0,49645.0
1719328920.1913168,0.0,49645.0
1719328920.3672237,0.0,49645.0
1719328920.5189648,0.0,49645.0
1719328920.754374,0.0,49645.0
1719328920.9645712,0.0,49645.0
1719328921.172538,0.0,49645.0
1719328921.334829,0.0,49645.0
1719328921.5450034,0.0,49645.0
1719328921.6972744,0.0,49645.0
1719328921.8678434,0.0,49645.0
1719328922.039552,0.0,49645.0
1719328922.1867852,0.0,49645.0
1719328922.333817,0.0,49645.0
1719328922.4848301,0.0,49645.0
1719328922.632158,0.0,49645.0
1719328922.7810273,0.0,49645.0
1719328922.9303608,0.0,49645.0
1719328923.0969272,0.0,49645.0
1719328923.291602,0.0,49645.0
1719328923.4718344,0.0,49645.0
1719328923.6408632,0.0,49645.0
1719328923.802486,0.0,49645.0
1719328923.9781625,0.0,49645.0
1719328924.1320343,0.0,49645.0
1719328924.2956147,0.0,49645.0
1719328924.452575,0.0,49645.0
1719328924.6260178,0.0,49645.0
1719328924.8014731,0.0,49645.0
1719328925.0157862,0.0,49645.0
1719328925.1766393,0.0,49645.0
1719328925.3336515,0.0,49645.0
1719328925.5740604,0.0,49645.0
1719328925.7529864,0.0,49645.0
1719328925.976383,0.0,49645.0
1719328926.179368,0.0,49645.0
1719328926.3476825,0.0,49645.0
1719328926.505603,0.0,49645.0
1719328926.6686947,0.0,49645.0
1719328926.838474,0.0,49645.0
1719328926.9961174,0.0,49645.0
1719328927.1649957,0.0,49645.0
1719328927.311605,0.0,49645.0
1719328927.4548924,0.0,49645.0
1719328927.6029863,0.0,49645.0
1719328927.7505891,0.0,49645.0
1719328927.9272385,0.0,49645.0
1719328928.1085248,0.0,49645.0
1719328928.2957168,0.0,49645.0
1719328928.4751968,0.0,49645.0
1719328928.652043,0.0,49645.0
1719328928.8066933,0.0,49645.0
1719328928.9824593,0.0,49645.0
1719328929.143332,0.0,49645.0
1719328929.310225,0.0,49645.0
1719328929.4716434,0.0,49645.0
1719328929.6340504,0.0,49645.0
1719328929.8017092,0.0,49645.0
1719328929.9627185,0.0,49645.0
1719328930.2143757,0.0,49645.0
1719328930.4537237,0.0,49645.0
1719328930.6684062,0.0,49645.0
1719328930.830711,0.0,49645.0
1719328931.0437434,0.0,49645.0
1719328931.2013152,0.0,49645.0
1719328931.3985822,0.0,49645.0
1719328931.5644913,0.0,49645.0
1719328931.7137163,0.0,49645.0
1719328931.8697388,0.0,49645.0
1719328932.0160277,0.0,49645.0
1719328932.1607347,0.0,49645.0
1719328932.3084373,0.0,49645.0
1719328932.457221,0.0,49645.0
1719328932.6420038,0.0,49645.0
1719328932.8271246,0.0,49645.0
1719328932.9945297,0.0,49645.0
1719328933.1773343,0.0,49645.0
1719328933.344379,0.0,49645.0
1719328933.5391212,0.0,49645.0
1719328933.7011638,0.0,49645.0
1719328933.8614008,0.0,49645.0
1719328934.0229383,0.0,49645.0
1719328934.180879,0.0,49645.0
1719328934.3453615,0.0,49645.0
1719328934.53843,0.0,49645.0
1719328934.7081742,0.0,49645.0
1719328934.9192133,0.0,49645.0
1719328935.1266901,0.0,49645.0
1719328935.3771143,0.0,49645.0
1719328935.5505707,0.0,49645.0
1719328935.760922,0.0,49645.0
1719328935.9284377,0.0,49645.0
1719328936.0891876,0.0,49645.0
1719328936.2646601,0.0,49645.0
1719328936.4178863,0.0,49645.0
1719328936.5664034,0.0,49645.0
1719328936.7111657,0.0,49645.0
1719328936.8542237,0.0,49645.0
1719328936.9937212,0.0,49645.0
1719328937.1409194,0.0,49645.0
1719328937.2880886,0.0,49645.0
1719328937.4511676,0.0,49645.0
1719328937.6234818,0.0,49645.0
1719328937.7903054,0.0,49645.0
1719328937.9632075,0.0,49645.0
1719328938.1315584,0.0,49645.0
1719328938.3143926,0.0,49645.0
1719328938.475577,0.0,49645.0
1719328938.6360736,0.0,49645.0
1719328938.787755,0.0,49645.0
1719328938.9424486,0.0,49645.0
1719328939.1271043,0.0,49645.0
1719328939.3070047,0.0,49645.0
1719328939.4896686,0.0,49645.0
1719328939.6522112,0.0,49645.0
1719328939.8734033,0.0,49645.0
1719328940.0494208,0.0,49645.0
1719328940.2585287,0.0,49645.0
1719328940.4501317,0.0,49645.0
1719328940.640994,0.0,49645.0
1719328940.7998445,0.0,49645.0
1719328940.9841068,0.0,49645.0
1719328941.1453557,0.0,49645.0
1719328941.291797,0.0,49645.0
1719328941.4389203,0.0,49645.0
1719328941.5860965,0.0,49645.0
1719328941.7277732,0.0,49645.0
1719328941.8775413,0.0,49645.0
1719328942.0237677,0.0,49645.0
1719328942.1691406,0.0,49645.0
1719328942.340308,0.0,49645.0
1719328942.5045404,0.0,49645.0
1719328942.6821623,0.0,49645.0
1719328942.9177833,0.0,49645.0
1719328943.1136985,0.0,49645.0
1719328943.2704642,0.0,49645.0
1719328943.4403174,0.0,49645.0
1719328943.5964468,0.0,49645.0
1719328943.763154,0.0,49645.0
1719328943.956661,0.0,49645.0
1719328944.145879,0.0,49645.0
1719328944.309189,0.0,49645.0
1719328944.462139,0.0,49645.0
1719328944.702418,0.0,49645.0
1719328944.9094772,0.0,49645.0
1719328945.1206124,0.0,49645.0
1719328945.2903626,0.0,49645.0
1719328945.4960308,0.0,49645.0
1719328945.6518195,0.0,49645.0
1719328945.8204515,0.0,49645.0
1719328946.0080602,0.0,49645.0
1719328946.1610184,0.0,49645.0
1719328946.312158,0.0,49645.0
1719328946.4558752,0.0,49645.0
1719328946.597043,0.0,49645.0
1719328946.7364352,0.0,49645.0
1719328946.8844044,0.0,49645.0
1719328947.030575,0.0,49645.0
1719328947.2238588,0.0,49645.0
1719328947.4006045,0.0,49645.0
1719328947.5755026,0.0,49645.0
1719328947.7512805,0.0,49645.0
1719328947.9267015,0.0,49645.0
1719328948.0883868,0.0,49645.0
1719328948.264471,0.0,49645.0
1719328948.4228296,0.0,49645.0
1719328948.5864172,0.0,49645.0
1719328948.7648354,0.0,49645.0
1719328948.9541824,0.0,49645.0
1719328949.1403513,0.0,49645.0
1719328949.3002832,0.0,49645.0
1719328949.5163536,0.0,49645.0
1719328949.7072043,0.0,49645.0
1719328949.946329,0.0,49645.0
1719328950.160106,0.0,49645.0
1719328950.317353,0.0,49645.0
1719328950.4692204,0.0,49645.0
1719328950.636744,0.0,49645.0
1719328950.7966871,0.0,49645.0
1719328950.9459114,0.0,49645.0
1719328951.095076,0.0,49645.0
1719328951.242126,0.0,49645.0
1719328951.387053,0.0,49645.0
1719328951.534653,0.0,49645.0
1719328951.681357,0.0,49645.0
1719328951.8538175,0.0,49645.0
1719328952.0361302,0.0,49645.0
1719328952.2060447,0.0,49645.0
1719328952.3838322,0.0,49645.0
1719328952.561181,0.0,49645.0
1719328952.7571645,0.0,49645.0
1719328952.9213655,0.0,49645.0
1719328953.0876718,0.0,49645.0
1719328953.253037,0.0,49645.0
1719328953.4264755,0.0,49645.0
1719328953.5923288,0.0,49645.0
1719328953.7756186,0.0,49645.0
1719328953.9353304,0.0,49645.0
1719328954.103548,0.0,49645.0
1719328954.3448417,0.0,49645.0
1719328954.529703,0.0,49645.0
1719328954.7412477,0.0,49645.0
1719328954.9465547,0.0,49645.0
1719328955.138697,0.0,49645.0
1719328955.3047695,0.0,49645.0
1719328955.4779105,0.0,49645.0
1719328955.6534207,0.0,49645.0
1719328955.7987618,0.0,49645.0
1719328955.944757,0.0,49645.0
1719328956.0912116,0.0,49645.0
1719328956.2360907,0.0,49645.0
1719328956.3850489,0.0,49645.0
1719328956.5339386,0.0,49645.0
1719328956.7003431,0.0,49645.0
1719328956.8912306,0.0,49645.0
1719328957.0529382,0.0,49645.0
1719328957.221667,0.0,49645.0
1719328957.4021432,0.0,49645.0
1719328957.5750582,0.0,49645.0
1719328957.751725,0.0,49645.0
1719328957.910054,0.0,49645.0
1719328958.0811708,0.0,49645.0
1719328958.2591507,0.0,49645.0
1719328958.4203784,0.0,49645.0
1719328958.587587,0.0,49645.0
1719328958.7650397,0.0,49645.0
1719328958.9881804,0.0,49645.0
1719328959.209856,0.0,49645.0
1719328959.4275513,0.0,49645.0
1719328959.5940228,0.0,49645.0
1719328959.8211417,0.0,49645.0
1719328959.9775603,0.0,49645.0
1719328960.1609664,0.0,49645.0
1719328960.3432574,0.0,49645.0
1719328960.4895344,0.0,49645.0
1719328960.636843,0.0,49645.0
1719328960.7826471,0.0,49645.0
1719328960.9265902,0.0,49645.0
1719328961.0668123,0.0,49645.0
