timestamp,gpu_util,gpu_mem
1718808139.099405,0.0,4.0
1718808139.2359467,0.0,4.0
1718808139.377662,0.0,4.0
1718808139.5243247,0.0,23.0
1718808139.73383,0.0,709.0
1718808139.872972,13.0,709.0
1718808140.0176117,0.0,709.0
1718808140.1858008,0.0,709.0
1718808140.326507,0.0,709.0
1718808140.4662247,0.0,709.0
1718808140.6073456,0.0,709.0
1718808140.7467034,0.0,709.0
1718808140.8850543,0.0,709.0
1718808141.0247855,0.0,709.0
1718808141.1640084,0.0,709.0
1718808141.3028116,0.0,709.0
1718808141.4421172,0.0,709.0
1718808141.5799723,0.0,709.0
1718808141.7198334,0.0,709.0
1718808141.8583217,0.0,709.0
1718808141.9972665,0.0,709.0
1718808142.137371,0.0,709.0
1718808142.275712,0.0,709.0
1718808142.4150612,0.0,709.0
1718808142.553182,0.0,709.0
1718808142.6921818,0.0,709.0
1718808142.8325596,0.0,709.0
1718808142.970812,0.0,709.0
1718808143.1098745,0.0,709.0
1718808143.249222,0.0,709.0
1718808143.3885422,0.0,709.0
1718808143.530177,0.0,709.0
1718808143.669254,0.0,709.0
1718808143.8093026,0.0,709.0
1718808143.9495187,0.0,709.0
1718808144.0903902,0.0,709.0
1718808144.230548,0.0,709.0
1718808144.3701186,0.0,709.0
1718808144.5169106,0.0,709.0
1718808144.6572645,0.0,709.0
1718808144.798044,0.0,709.0
1718808144.9368336,0.0,709.0
1718808145.075694,0.0,709.0
1718808145.214972,0.0,709.0
1718808145.3542109,0.0,709.0
1718808145.4964874,0.0,709.0
1718808145.6360364,0.0,709.0
1718808145.7747538,0.0,709.0
1718808145.9144824,0.0,709.0
1718808146.0542164,0.0,709.0
1718808146.1938848,0.0,709.0
1718808146.3340495,0.0,709.0
1718808146.4723094,0.0,709.0
1718808146.6106915,0.0,709.0
1718808146.7504635,0.0,709.0
1718808146.889844,0.0,709.0
1718808147.0298755,0.0,709.0
1718808147.1684427,0.0,709.0
1718808147.3081884,0.0,709.0
1718808147.4481547,0.0,709.0
1718808147.5891418,0.0,709.0
1718808147.728969,0.0,709.0
1718808147.8701324,0.0,709.0
1718808148.008979,0.0,709.0
1718808148.1485436,0.0,709.0
1718808148.2890399,0.0,709.0
1718808148.4279742,0.0,709.0
1718808148.566627,0.0,709.0
1718808148.7059708,0.0,709.0
1718808148.8444664,0.0,709.0
1718808148.9840944,0.0,709.0
1718808149.1236396,0.0,709.0
1718808149.2636218,0.0,709.0
1718808149.405047,0.0,709.0
1718808149.5453553,0.0,709.0
1718808149.684063,0.0,709.0
1718808149.82411,0.0,709.0
1718808149.9630382,0.0,709.0
1718808150.1015725,0.0,709.0
1718808150.240465,0.0,709.0
1718808150.378194,0.0,709.0
1718808150.516465,0.0,709.0
1718808150.6552224,0.0,709.0
1718808150.793738,0.0,709.0
1718808150.9317162,0.0,709.0
1718808151.0699966,0.0,709.0
1718808151.2085624,0.0,709.0
1718808151.348207,0.0,709.0
1718808151.487338,0.0,709.0
1718808151.6247642,0.0,709.0
1718808151.762834,0.0,709.0
1718808151.9016256,0.0,709.0
1718808152.0381944,0.0,709.0
1718808152.1759794,0.0,709.0
1718808152.313666,0.0,709.0
1718808152.4523053,0.0,709.0
1718808152.590863,0.0,709.0
1718808152.7282598,0.0,709.0
1718808152.8649821,0.0,709.0
1718808153.0012693,0.0,709.0
1718808153.137503,0.0,709.0
1718808153.2756186,0.0,709.0
1718808153.4130795,0.0,709.0
1718808153.5506852,0.0,709.0
1718808153.6889033,0.0,709.0
1718808153.8267076,0.0,709.0
1718808153.9649956,0.0,709.0
1718808154.1020424,0.0,709.0
1718808154.2402074,0.0,709.0
1718808154.378591,0.0,709.0
1718808154.5182266,0.0,709.0
1718808154.6550496,0.0,709.0
1718808154.793201,0.0,709.0
1718808154.9313571,0.0,709.0
1718808155.0695436,0.0,709.0
1718808155.2067258,0.0,709.0
1718808155.3464887,0.0,709.0
1718808155.4841712,0.0,709.0
1718808155.6242278,0.0,709.0
1718808155.760839,0.0,709.0
1718808155.898541,0.0,709.0
1718808156.0363564,0.0,709.0
1718808156.174147,0.0,709.0
1718808156.3115318,0.0,709.0
1718808156.4494448,0.0,709.0
1718808156.5883996,0.0,709.0
1718808156.7262657,0.0,709.0
1718808156.8645651,0.0,709.0
1718808157.003663,0.0,709.0
1718808157.1430464,0.0,709.0
1718808157.2836506,0.0,709.0
1718808157.4231315,0.0,709.0
1718808157.5616875,0.0,709.0
1718808157.7017572,0.0,709.0
1718808157.8412037,0.0,709.0
1718808157.9804251,0.0,709.0
1718808158.1203718,0.0,709.0
1718808158.258364,0.0,709.0
1718808158.39661,0.0,709.0
1718808158.534613,0.0,709.0
1718808158.6734645,0.0,709.0
1718808158.812916,0.0,709.0
1718808158.9506025,0.0,709.0
1718808159.0889857,0.0,709.0
1718808159.2296295,0.0,709.0
1718808159.3681672,0.0,709.0
1718808159.5090284,0.0,709.0
1718808159.6472814,0.0,709.0
1718808159.7867563,0.0,709.0
1718808159.9261029,0.0,709.0
1718808160.065184,0.0,709.0
1718808160.2047331,0.0,709.0
1718808160.3428202,0.0,709.0
1718808160.4812803,0.0,709.0
1718808160.619833,0.0,709.0
1718808160.7596188,0.0,709.0
1718808160.8971834,0.0,709.0
1718808161.036093,0.0,709.0
1718808161.1758235,0.0,709.0
1718808161.3140557,0.0,709.0
1718808161.453461,0.0,709.0
1718808161.5914383,0.0,709.0
1718808161.7296584,0.0,709.0
1718808161.8685088,0.0,709.0
1718808162.00751,0.0,709.0
1718808162.145949,0.0,709.0
1718808162.2854211,0.0,709.0
1718808162.4247012,0.0,709.0
1718808162.5628836,0.0,709.0
1718808162.7025187,0.0,709.0
1718808162.8402705,0.0,709.0
1718808162.9792829,0.0,709.0
1718808163.1185775,0.0,709.0
1718808163.2573233,0.0,709.0
1718808163.3963346,0.0,709.0
1718808163.5358295,0.0,709.0
1718808163.674519,0.0,709.0
1718808163.8132024,0.0,709.0
1718808163.9514992,0.0,709.0
1718808164.0898266,0.0,709.0
1718808164.2280815,0.0,709.0
1718808164.3655033,0.0,709.0
1718808164.5059783,0.0,709.0
1718808164.6436274,0.0,709.0
1718808164.781899,0.0,709.0
1718808164.9206247,0.0,709.0
1718808165.0608382,0.0,709.0
1718808165.1989875,0.0,709.0
1718808165.3363655,0.0,709.0
1718808165.4754155,0.0,709.0
1718808165.6143057,0.0,709.0
1718808165.7529778,0.0,709.0
1718808165.891173,0.0,709.0
1718808166.030298,0.0,709.0
1718808166.169825,0.0,709.0
1718808166.3193595,0.0,709.0
1718808166.4727085,0.0,709.0
1718808166.6263905,0.0,709.0
1718808166.7794113,0.0,709.0
1718808166.9539301,0.0,709.0
1718808167.1155672,0.0,709.0
1718808167.2552748,0.0,709.0
1718808167.4040956,0.0,709.0
1718808167.554871,0.0,709.0
1718808167.7031844,0.0,709.0
1718808167.851042,0.0,709.0
1718808168.0092757,0.0,709.0
1718808168.175144,0.0,709.0
1718808168.3275664,0.0,709.0
1718808168.4755464,0.0,709.0
1718808168.684129,0.0,709.0
1718808168.8917701,0.0,709.0
1718808169.1000874,0.0,709.0
1718808169.2646384,0.0,709.0
1718808169.456464,0.0,709.0
1718808169.6153808,0.0,709.0
1718808169.760576,0.0,709.0
1718808169.916687,0.0,709.0
1718808170.0849822,0.0,709.0
1718808170.2235386,0.0,709.0
1718808170.3609557,0.0,709.0
1718808170.5007796,0.0,709.0
1718808170.6380556,0.0,709.0
1718808170.7762623,0.0,709.0
1718808170.9139807,0.0,709.0
1718808171.0520303,0.0,709.0
1718808171.1907015,0.0,709.0
1718808171.351285,0.0,709.0
1718808171.5085084,0.0,709.0
1718808171.666822,0.0,709.0
1718808171.8458683,0.0,709.0
1718808172.0119915,0.0,709.0
1718808172.1944745,0.0,709.0
1718808172.3491051,0.0,709.0
1718808172.5084856,0.0,709.0
1718808172.6607373,0.0,709.0
1718808172.8100562,0.0,709.0
1718808172.9781451,0.0,709.0
1718808173.13958,0.0,709.0
1718808173.2999864,0.0,709.0
1718808173.4419887,0.0,709.0
1718808173.6364913,0.0,709.0
1718808173.8383899,0.0,709.0
1718808174.0513682,0.0,709.0
1718808174.2256906,0.0,709.0
1718808174.425443,0.0,709.0
1718808174.608518,0.0,709.0
1718808174.7744899,0.0,709.0
1718808174.935325,0.0,709.0
1718808175.0795362,0.0,709.0
1718808175.219062,0.0,709.0
1718808175.3576808,0.0,709.0
1718808175.4953222,0.0,709.0
1718808175.6324086,0.0,709.0
1718808175.770793,0.0,709.0
1718808175.9081066,0.0,709.0
1718808176.0461497,0.0,709.0
1718808176.230152,0.0,709.0
1718808176.4080436,0.0,709.0
1718808176.575033,0.0,709.0
1718808176.7441473,0.0,709.0
1718808176.915461,0.0,709.0
1718808177.0811546,0.0,709.0
1718808177.2536166,0.0,709.0
1718808177.4085965,0.0,709.0
1718808177.56204,0.0,709.0
1718808177.7072194,0.0,709.0
1718808177.869076,0.0,709.0
1718808178.032044,0.0,709.0
1718808178.1857717,0.0,709.0
1718808178.3352914,0.0,709.0
1718808178.5277934,0.0,709.0
1718808178.7250307,0.0,709.0
1718808178.9245806,0.0,709.0
1718808179.09198,0.0,709.0
1718808179.3022177,0.0,709.0
1718808179.454643,0.0,709.0
1718808179.6071248,0.0,709.0
1718808179.7793999,0.0,709.0
1718808179.9279752,0.0,709.0
1718808180.065622,0.0,709.0
1718808180.2036984,0.0,709.0
1718808180.3416026,0.0,709.0
1718808180.479435,0.0,709.0
1718808180.6195414,0.0,709.0
1718808180.757613,0.0,709.0
1718808180.8952355,0.0,709.0
1718808181.0413566,0.0,709.0
1718808181.202187,0.0,709.0
1718808181.3834982,0.0,709.0
1718808181.5499501,0.0,709.0
1718808181.7163854,0.0,709.0
1718808181.866285,0.0,709.0
1718808182.0289128,0.0,709.0
1718808182.1957617,0.0,709.0
1718808182.3475258,0.0,709.0
1718808182.4918628,0.0,709.0
1718808182.636814,0.0,709.0
1718808182.7950327,0.0,709.0
1718808182.954201,0.0,709.0
1718808183.114282,0.0,709.0
1718808183.257623,0.0,709.0
1718808183.4677753,0.0,709.0
1718808183.675771,0.0,709.0
1718808183.8850706,0.0,709.0
1718808184.0562313,0.0,709.0
1718808184.2543828,0.0,709.0
1718808184.4351373,0.0,709.0
1718808184.6132884,0.0,709.0
1718808184.7665877,0.0,709.0
1718808184.9187825,0.0,709.0
1718808185.0569513,0.0,709.0
1718808185.1951044,0.0,709.0
1718808185.3342702,0.0,709.0
1718808185.470725,0.0,709.0
1718808185.6083965,0.0,709.0
1718808185.7469473,0.0,709.0
1718808185.8835282,0.0,709.0
1718808186.0209966,0.0,709.0
1718808186.201138,0.0,709.0
1718808186.3793833,0.0,709.0
1718808186.5443149,0.0,709.0
1718808186.700935,0.0,709.0
1718808186.8794315,0.0,709.0
1718808187.0244956,0.0,709.0
1718808187.1901045,0.0,709.0
1718808187.3346536,0.0,709.0
1718808187.4924173,0.0,709.0
1718808187.6550436,0.0,709.0
1718808187.8104467,0.0,709.0
1718808187.9700713,0.0,709.0
1718808188.133596,0.0,709.0
1718808188.292833,0.0,709.0
1718808188.4944537,0.0,709.0
1718808188.6575851,0.0,709.0
1718808188.849206,0.0,709.0
1718808188.9985092,0.0,709.0
1718808189.2049892,0.0,709.0
1718808189.3688323,0.0,709.0
1718808189.539545,0.0,709.0
1718808189.6928327,0.0,709.0
1718808189.8380585,0.0,709.0
1718808189.9822173,0.0,709.0
1718808190.1229248,0.0,709.0
1718808190.2663717,0.0,709.0
1718808190.4057093,0.0,709.0
1718808190.549036,0.0,709.0
1718808190.6924875,0.0,709.0
1718808190.8303998,0.0,709.0
1718808190.9725165,0.0,709.0
1718808191.1304708,0.0,709.0
1718808191.2869413,0.0,709.0
1718808191.4371848,0.0,709.0
1718808191.5964496,0.0,709.0
1718808191.7420282,0.0,709.0
1718808191.9139025,0.0,709.0
1718808192.0780396,0.0,709.0
1718808192.22036,0.0,709.0
1718808192.3792539,0.0,709.0
1718808192.5234666,0.0,709.0
1718808192.6782846,0.0,709.0
1718808192.8327117,0.0,709.0
1718808193.0173466,0.0,709.0
1718808193.18065,0.0,709.0
1718808193.3278525,0.0,709.0
1718808193.5389867,0.0,709.0
1718808193.7472203,0.0,709.0
1718808193.950123,0.0,709.0
1718808194.1281662,0.0,709.0
1718808194.327314,0.0,709.0
1718808194.4988067,0.0,709.0
1718808194.6472054,0.0,709.0
1718808194.807234,0.0,709.0
1718808194.971575,0.0,709.0
1718808195.1095896,0.0,709.0
1718808195.2474396,0.0,709.0
1718808195.38616,0.0,709.0
1718808195.5237722,0.0,709.0
1718808195.6639776,0.0,709.0
1718808195.8031073,0.0,709.0
1718808195.9387672,0.0,709.0
1718808196.0810454,0.0,709.0
1718808196.2317371,0.0,709.0
1718808196.3951607,0.0,709.0
1718808196.5712028,0.0,709.0
1718808196.7330976,0.0,709.0
1718808196.9008422,0.0,709.0
1718808197.0816557,0.0,709.0
1718808197.2252204,0.0,709.0
1718808197.3836956,0.0,709.0
1718808197.5314205,0.0,709.0
1718808197.69634,0.0,709.0
1718808197.8614278,0.0,709.0
1718808198.028112,0.0,709.0
1718808198.1791744,0.0,709.0
1718808198.3271644,0.0,709.0
1718808198.5360944,0.0,709.0
1718808198.751159,0.0,709.0
1718808198.9554036,0.0,709.0
1718808199.1311536,0.0,709.0
1718808199.3523147,0.0,709.0
1718808199.5380633,0.0,709.0
1718808199.6987429,0.0,709.0
1718808199.8498578,0.0,709.0
1718808199.9942203,0.0,709.0
1718808200.133144,0.0,709.0
1718808200.272693,0.0,709.0
1718808200.4113696,0.0,709.0
1718808200.5551221,0.0,709.0
1718808200.693579,0.0,709.0
1718808200.8321116,0.0,709.0
1718808200.971486,0.0,709.0
1718808201.1107738,0.0,709.0
1718808201.2778614,0.0,709.0
1718808201.432835,0.0,709.0
1718808201.610693,0.0,709.0
1718808201.783519,0.0,709.0
1718808201.941687,0.0,709.0
1718808202.0960279,0.0,709.0
1718808202.276844,0.0,709.0
1718808202.4237554,0.0,709.0
1718808202.5790443,0.0,709.0
1718808202.7605193,0.0,709.0
1718808202.9200664,0.0,709.0
1718808203.0828178,0.0,709.0
1718808203.250602,0.0,709.0
1718808203.4273102,0.0,709.0
1718808203.6331534,0.0,709.0
1718808203.7863731,0.0,709.0
1718808203.97277,0.0,709.0
1718808204.1509397,0.0,709.0
1718808204.3578358,0.0,709.0
1718808204.5188298,0.0,709.0
1718808204.6784463,0.0,709.0
1718808204.8329794,0.0,709.0
1718808204.987774,0.0,709.0
1718808205.129343,0.0,709.0
1718808205.2725594,0.0,709.0
1718808205.4128761,0.0,709.0
1718808205.554968,0.0,709.0
1718808205.6978862,0.0,709.0
1718808205.836117,0.0,709.0
1718808205.9789631,0.0,709.0
1718808206.1228044,0.0,709.0
1718808206.2819219,0.0,709.0
1718808206.4447834,0.0,709.0
1718808206.5942442,0.0,709.0
1718808206.7746844,0.0,709.0
1718808206.9318542,0.0,709.0
1718808207.1204882,0.0,709.0
1718808207.2614882,0.0,709.0
1718808207.4160848,0.0,709.0
1718808207.5590231,0.0,709.0
1718808207.71035,0.0,709.0
1718808207.8574731,0.0,709.0
1718808208.0166006,0.0,709.0
1718808208.1866102,0.0,709.0
1718808208.3475416,0.0,709.0
1718808208.5521386,0.0,709.0
1718808208.756552,0.0,709.0
1718808208.9661708,0.0,709.0
1718808209.1702418,0.0,709.0
1718808209.3715816,0.0,709.0
1718808209.5517275,0.0,709.0
1718808209.7309113,0.0,709.0
1718808209.8966296,0.0,709.0
1718808210.04827,0.0,709.0
1718808210.1876762,0.0,709.0
1718808210.3270345,0.0,709.0
1718808210.46656,0.0,709.0
1718808210.605661,0.0,709.0
1718808210.744787,0.0,709.0
1718808210.883273,0.0,709.0
1718808211.023263,0.0,709.0
1718808211.1609762,0.0,709.0
1718808211.3077815,0.0,709.0
1718808211.466535,0.0,709.0
1718808211.6207404,0.0,709.0
1718808211.7844365,0.0,709.0
1718808211.9388754,0.0,709.0
1718808212.0936146,0.0,709.0
1718808212.2513173,0.0,709.0
1718808212.4079926,0.0,709.0
1718808212.569246,0.0,709.0
1718808212.7206483,0.0,709.0
1718808212.866829,0.0,709.0
1718808213.0200243,0.0,709.0
1718808213.1800985,0.0,709.0
1718808213.3302794,0.0,709.0
1718808213.4736092,0.0,709.0
1718808213.691128,0.0,709.0
1718808213.9007916,0.0,709.0
1718808214.115838,0.0,709.0
1718808214.262781,0.0,709.0
1718808214.4728334,0.0,709.0
1718808214.6333613,0.0,709.0
1718808214.790797,0.0,709.0
1718808214.9484756,0.0,709.0
1718808215.0979817,0.0,709.0
1718808215.237226,0.0,709.0
1718808215.374686,0.0,709.0
1718808215.5140882,0.0,709.0
1718808215.6526957,0.0,709.0
1718808215.791046,0.0,709.0
1718808215.9294896,0.0,709.0
1718808216.067717,0.0,709.0
1718808216.205626,0.0,709.0
1718808216.3562794,0.0,709.0
1718808216.5206342,0.0,709.0
1718808216.6950004,0.0,709.0
1718808216.8604555,0.0,709.0
1718808217.0309207,0.0,709.0
1718808217.2020032,0.0,709.0
1718808217.3603437,0.0,709.0
1718808217.5117064,0.0,709.0
1718808217.6590047,0.0,709.0
1718808217.805635,0.0,709.0
1718808217.955637,0.0,709.0
1718808218.134725,0.0,709.0
1718808218.2922444,0.0,709.0
1718808218.4383898,0.0,709.0
1718808218.6438487,0.0,709.0
1718808218.8551183,0.0,709.0
1718808219.0534565,0.0,709.0
1718808219.2175605,0.0,709.0
1718808219.4178994,0.0,709.0
1718808219.5976443,0.0,709.0
1718808219.7687411,0.0,709.0
1718808219.9306886,0.0,709.0
1718808220.0745716,0.0,709.0
1718808220.2147899,0.0,709.0
1718808220.3555293,0.0,709.0
1718808220.493434,0.0,709.0
1718808220.631829,0.0,709.0
1718808220.7708683,0.0,709.0
1718808220.909535,0.0,709.0
1718808221.0485454,0.0,709.0
1718808221.1855466,0.0,709.0
1718808221.3235302,0.0,709.0
1718808221.493035,0.0,709.0
1718808221.6617627,0.0,709.0
1718808221.8098786,0.0,709.0
1718808221.9766982,0.0,709.0
1718808222.1426141,0.0,709.0
1718808222.3063858,0.0,709.0
1718808222.472747,0.0,709.0
1718808222.619841,0.0,709.0
1718808222.7759767,0.0,709.0
1718808222.9194274,0.0,709.0
1718808223.0856724,0.0,709.0
1718808223.234223,0.0,709.0
1718808223.3873034,0.0,709.0
1718808223.5320456,0.0,709.0
1718808223.7468863,0.0,709.0
1718808223.9543085,0.0,709.0
1718808224.1514812,0.0,709.0
1718808224.313121,0.0,709.0
1718808224.5136366,0.0,709.0
1718808224.6647227,0.0,709.0
1718808224.8153024,0.0,709.0
1718808224.9797158,0.0,709.0
1718808225.1534998,0.0,709.0
1718808225.2934234,0.0,709.0
1718808225.4326055,0.0,709.0
1718808225.5697145,0.0,709.0
1718808225.7079394,0.0,709.0
1718808225.8463497,0.0,709.0
1718808225.9827244,0.0,709.0
1718808226.1216993,0.0,709.0
1718808226.260021,0.0,709.0
1718808226.4079988,0.0,709.0
1718808226.5669117,0.0,709.0
1718808226.7381108,0.0,709.0
1718808226.9005222,0.0,709.0
1718808227.080912,0.0,709.0
1718808227.2520776,0.0,709.0
1718808227.403135,0.0,709.0
1718808227.56321,0.0,709.0
1718808227.7088683,0.0,709.0
1718808227.8542032,0.0,709.0
1718808228.0044243,0.0,709.0
1718808228.1643395,0.0,709.0
1718808228.3291109,0.0,709.0
1718808228.4700322,0.0,709.0
1718808228.6764112,0.0,709.0
1718808228.8827732,0.0,709.0
1718808229.069059,0.0,709.0
1718808229.2587636,0.0,709.0
1718808229.4752498,0.0,709.0
1718808229.639289,0.0,709.0
1718808229.800292,0.0,709.0
1718808229.967693,0.0,709.0
1718808230.114021,0.0,709.0
1718808230.2570477,0.0,709.0
1718808230.3995612,0.0,709.0
1718808230.540011,0.0,709.0
1718808230.6837149,0.0,709.0
1718808230.821807,0.0,709.0
1718808230.959045,0.0,709.0
1718808231.0989614,0.0,709.0
1718808231.2404215,0.0,709.0
1718808231.4190598,0.0,709.0
1718808231.5899146,0.0,709.0
1718808231.7432334,0.0,709.0
1718808231.9088447,0.0,709.0
1718808232.0628138,0.0,709.0
1718808232.2481031,0.0,709.0
1718808232.3910015,0.0,709.0
1718808232.5626988,0.0,709.0
1718808232.7149565,0.0,709.0
1718808232.872094,0.0,709.0
1718808233.025582,0.0,709.0
1718808233.1850348,0.0,709.0
1718808233.3464682,0.0,709.0
1718808233.4974003,0.0,709.0
1718808233.703048,0.0,709.0
1718808233.8991802,0.0,709.0
1718808234.1031096,0.0,709.0
1718808234.310167,0.0,709.0
1718808234.5124156,0.0,709.0
1718808234.6894605,0.0,709.0
1718808234.8405423,0.0,709.0
1718808234.9900515,0.0,709.0
1718808235.1403697,0.0,709.0
1718808235.2806785,0.0,709.0
1718808235.420547,0.0,709.0
1718808235.5588639,0.0,709.0
1718808235.698804,0.0,709.0
1718808235.8372571,0.0,709.0
1718808235.9759927,0.0,709.0
1718808236.1137385,0.0,709.0
1718808236.2525647,0.0,709.0
1718808236.4022417,0.0,709.0
1718808236.558819,0.0,709.0
1718808236.737017,0.0,709.0
1718808236.8931863,0.0,709.0
1718808237.0715637,0.0,709.0
1718808237.2743707,0.0,709.0
1718808237.4263325,0.0,709.0
1718808237.597791,0.0,709.0
1718808237.7599957,0.0,709.0
1718808237.9083946,0.0,709.0
1718808238.0693889,0.0,709.0
1718808238.2235706,0.0,709.0
1718808238.386164,0.0,709.0
1718808238.5327997,0.0,709.0
1718808238.7393186,0.0,709.0
1718808238.9388344,0.0,709.0
1718808239.138371,0.0,709.0
1718808239.30725,0.0,709.0
1718808239.5111063,0.0,709.0
1718808239.6750786,0.0,709.0
1718808239.8350902,0.0,709.0
1718808239.984415,0.0,709.0
1718808240.1312985,0.0,709.0
1718808240.2698383,0.0,709.0
1718808240.4091778,0.0,709.0
1718808240.547013,0.0,709.0
1718808240.6860857,0.0,709.0
1718808240.8232877,0.0,709.0
1718808240.9608624,0.0,709.0
1718808241.0993497,0.0,709.0
1718808241.2461088,0.0,709.0
1718808241.4118571,0.0,709.0
1718808241.5722935,0.0,709.0
1718808241.718981,0.0,709.0
1718808241.8754737,0.0,709.0
1718808242.0298636,0.0,709.0
1718808242.200003,0.0,709.0
1718808242.3435585,0.0,709.0
1718808242.4993362,0.0,709.0
1718808242.648324,0.0,709.0
1718808242.8078477,0.0,709.0
1718808242.9692676,0.0,709.0
1718808243.1325192,0.0,709.0
1718808243.2880805,0.0,709.0
1718808243.449217,0.0,709.0
1718808243.595191,0.0,709.0
1718808243.7827642,0.0,709.0
1718808243.9784834,0.0,709.0
1718808244.1863763,0.0,709.0
1718808244.3586857,0.0,709.0
1718808244.5637195,0.0,709.0
1718808244.7172518,0.0,709.0
1718808244.8725903,0.0,709.0
1718808245.0393248,0.0,709.0
1718808245.1838312,0.0,709.0
1718808245.3236752,0.0,709.0
1718808245.462229,0.0,709.0
1718808245.6016192,0.0,709.0
1718808245.7391982,0.0,709.0
1718808245.8766942,0.0,709.0
1718808246.0153062,0.0,709.0
1718808246.153565,0.0,709.0
1718808246.290406,0.0,709.0
1718808246.4434574,0.0,709.0
1718808246.6014912,0.0,709.0
1718808246.7691581,0.0,709.0
1718808246.9438546,0.0,709.0
1718808247.1043882,0.0,709.0
1718808247.2796755,0.0,709.0
1718808247.4255848,0.0,709.0
1718808247.5954862,0.0,709.0
1718808247.7564032,0.0,709.0
1718808247.8992417,0.0,709.0
1718808248.0550182,0.0,709.0
1718808248.2295048,0.0,709.0
1718808248.3950315,0.0,709.0
1718808248.5388339,0.0,709.0
1718808248.7427742,0.0,709.0
1718808248.9403763,0.0,709.0
1718808249.1407275,0.0,709.0
1718808249.3019707,0.0,709.0
1718808249.4969456,0.0,709.0
1718808249.6553886,0.0,709.0
1718808249.8178456,0.0,709.0
1718808249.9812393,0.0,709.0
1718808250.1422775,0.0,709.0
1718808250.28261,0.0,709.0
1718808250.4207072,0.0,709.0
1718808250.5588608,0.0,709.0
1718808250.6969604,0.0,709.0
1718808250.8353577,0.0,709.0
1718808250.9728475,0.0,709.0
1718808251.1111574,0.0,709.0
1718808251.2502131,0.0,709.0
1718808251.388873,0.0,709.0
1718808251.5342507,0.0,709.0
1718808251.6903822,0.0,709.0
1718808251.8475475,0.0,709.0
1718808252.011662,0.0,709.0
1718808252.184042,0.0,709.0
1718808252.3494089,0.0,709.0
1718808252.496044,0.0,709.0
1718808252.659335,0.0,709.0
1718808252.8038216,0.0,709.0
1718808252.9648643,0.0,709.0
1718808253.1150072,0.0,709.0
1718808253.2833462,0.0,709.0
1718808253.4450974,0.0,709.0
1718808253.587988,0.0,709.0
1718808253.7842174,0.0,709.0
1718808253.9873059,0.0,709.0
1718808254.2005322,0.0,709.0
1718808254.374021,0.0,709.0
1718808254.5839984,0.0,709.0
1718808254.7500567,0.0,709.0
1718808254.9230435,0.0,709.0
1718808255.0835156,0.0,709.0
1718808255.229519,0.0,709.0
1718808255.370295,0.0,709.0
1718808255.5098407,0.0,709.0
1718808255.649782,0.0,709.0
1718808255.7881637,0.0,709.0
1718808255.925579,0.0,709.0
1718808256.064488,0.0,709.0
1718808256.2153647,0.0,709.0
1718808256.3968768,0.0,709.0
1718808256.5635984,0.0,709.0
1718808256.719616,0.0,709.0
1718808256.8840604,0.0,709.0
1718808257.0413792,0.0,709.0
1718808257.2048957,0.0,709.0
1718808257.3535163,0.0,709.0
1718808257.5003774,0.0,709.0
1718808257.6423979,0.0,709.0
1718808257.8118157,0.0,709.0
1718808257.967519,0.0,709.0
1718808258.1424768,0.0,709.0
1718808258.303278,0.0,709.0
1718808258.4520164,0.0,709.0
1718808258.6485133,0.0,709.0
1718808258.8595183,0.0,709.0
1718808259.0569065,0.0,709.0
1718808259.2571378,0.0,709.0
1718808259.4655583,0.0,709.0
1718808259.6198545,0.0,709.0
1718808259.7644677,0.0,709.0
1718808259.9224286,0.0,709.0
1718808260.0832129,0.0,709.0
1718808260.2230513,0.0,709.0
1718808260.3621569,0.0,709.0
1718808260.5008433,0.0,709.0
1718808260.6404567,0.0,709.0
1718808260.7785087,0.0,709.0
1718808260.9179587,0.0,709.0
1718808261.0560176,0.0,709.0
1718808261.195061,0.0,709.0
1718808261.352285,0.0,709.0
1718808261.5270555,0.0,709.0
1718808261.6767519,0.0,709.0
1718808261.8296924,0.0,709.0
1718808261.9934955,0.0,709.0
1718808262.1556509,0.0,709.0
1718808262.3072183,0.0,709.0
1718808262.4770985,0.0,709.0
1718808262.6349905,0.0,709.0
1718808262.7838461,0.0,709.0
1718808262.9466112,0.0,709.0
1718808263.094521,0.0,709.0
1718808263.2539291,0.0,709.0
1718808263.4129608,0.0,709.0
1718808263.5790284,0.0,709.0
1718808263.7779763,0.0,709.0
1718808263.933876,0.0,709.0
1718808264.145445,0.0,709.0
1718808264.3233466,0.0,709.0
1718808264.5199711,0.0,709.0
1718808264.6627238,0.0,709.0
1718808264.8315303,0.0,709.0
1718808264.986326,0.0,709.0
1718808265.1264684,0.0,709.0
1718808265.265171,0.0,709.0
1718808265.4033837,0.0,709.0
1718808265.5445328,0.0,709.0
1718808265.683976,0.0,709.0
1718808265.8225262,0.0,709.0
1718808265.9612603,0.0,709.0
1718808266.099342,0.0,709.0
1718808266.2376142,0.0,709.0
1718808266.412364,0.0,709.0
1718808266.5933535,0.0,709.0
1718808266.7631707,0.0,709.0
1718808266.9286964,0.0,709.0
1718808267.0968156,0.0,709.0
1718808267.2415273,0.0,709.0
1718808267.4008079,0.0,709.0
1718808267.5484326,0.0,709.0
1718808267.6990592,0.0,709.0
1718808267.854774,0.0,709.0
1718808268.0079632,0.0,709.0
1718808268.1746213,0.0,709.0
1718808268.3460963,0.0,709.0
1718808268.5506155,0.0,709.0
1718808268.7590725,0.0,709.0
1718808268.9624007,0.0,709.0
1718808269.1645768,0.0,709.0
1718808269.3832557,0.0,709.0
1718808269.54902,0.0,709.0
1718808269.701329,0.0,709.0
1718808269.8518465,0.0,709.0
1718808270.0004885,0.0,709.0
1718808270.1397321,0.0,709.0
1718808270.2796082,0.0,709.0
1718808270.4172466,0.0,709.0
1718808270.5548887,0.0,709.0
1718808270.6944554,0.0,709.0
1718808270.8338485,0.0,709.0
1718808270.9710062,0.0,709.0
1718808271.1105144,0.0,709.0
1718808271.2790623,0.0,709.0
1718808271.4407432,0.0,709.0
1718808271.6133776,0.0,709.0
1718808271.7668366,0.0,709.0
1718808271.9313903,0.0,709.0
1718808272.0860808,0.0,709.0
1718808272.2331555,0.0,709.0
1718808272.4006276,0.0,709.0
1718808272.54597,0.0,709.0
1718808272.6923318,0.0,709.0
1718808272.8463945,0.0,709.0
1718808273.0110354,0.0,709.0
1718808273.1674023,0.0,709.0
1718808273.3292668,0.0,709.0
1718808273.483415,0.0,709.0
1718808273.6912515,0.0,709.0
1718808273.8517365,0.0,709.0
1718808274.0491018,0.0,709.0
1718808274.200815,0.0,709.0
1718808274.4112473,0.0,709.0
1718808274.5675023,0.0,709.0
1718808274.716157,0.0,709.0
1718808274.8746698,0.0,709.0
1718808275.0269353,0.0,709.0
1718808275.1649663,0.0,709.0
1718808275.304578,0.0,709.0
1718808275.4432504,0.0,709.0
1718808275.582805,0.0,709.0
1718808275.7207386,0.0,709.0
1718808275.8587284,0.0,709.0
1718808276.0021389,0.0,709.0
1718808276.143585,0.0,709.0
1718808276.324761,0.0,709.0
1718808276.5014744,0.0,709.0
1718808276.6612246,0.0,709.0
1718808276.8272874,0.0,709.0
1718808276.9853022,0.0,709.0
1718808277.1534874,0.0,709.0
1718808277.298282,0.0,709.0
1718808277.4483492,0.0,709.0
1718808277.5908747,0.0,709.0
1718808277.7398367,0.0,709.0
1718808277.918928,0.0,709.0
1718808278.081798,0.0,709.0
1718808278.2357395,0.0,709.0
1718808278.3894742,0.0,709.0
1718808278.5963833,0.0,709.0
1718808278.7991846,0.0,709.0
1718808279.0083156,0.0,709.0
1718808279.202222,0.0,709.0
1718808279.414588,0.0,709.0
1718808279.582641,0.0,709.0
1718808279.7469916,0.0,709.0
1718808279.908401,0.0,709.0
1718808280.057798,0.0,709.0
1718808280.1965566,0.0,709.0
1718808280.3357685,0.0,709.0
1718808280.4789777,0.0,709.0
1718808280.6224382,0.0,709.0
1718808280.7600412,0.0,709.0
1718808280.9025948,0.0,709.0
1718808281.0392542,0.0,709.0
1718808281.1838427,0.0,709.0
1718808281.3389843,0.0,709.0
1718808281.5187685,0.0,709.0
1718808281.6911855,0.0,709.0
1718808281.8535142,0.0,709.0
1718808282.0090706,0.0,709.0
1718808282.1614668,0.0,709.0
1718808282.311212,0.0,709.0
1718808282.4818287,0.0,709.0
1718808282.6242464,0.0,709.0
1718808282.7900248,0.0,709.0
1718808282.9557352,0.0,709.0
1718808283.1240864,0.0,709.0
1718808283.29098,0.0,709.0
1718808283.4345613,0.0,709.0
1718808283.6553047,0.0,709.0
1718808283.862173,0.0,709.0
1718808284.0610154,0.0,709.0
1718808284.2206638,0.0,709.0
1718808284.4356506,0.0,709.0
1718808284.6053452,0.0,709.0
1718808284.7772963,0.0,709.0
1718808284.9410663,0.0,709.0
1718808285.0830667,0.0,709.0
1718808285.2249727,0.0,709.0
1718808285.3626597,0.0,709.0
1718808285.499625,0.0,709.0
1718808285.6383297,0.0,709.0
1718808285.7765079,0.0,709.0
1718808285.9128835,0.0,709.0
1718808286.0507414,0.0,709.0
1718808286.19022,0.0,709.0
1718808286.3449464,0.0,709.0
1718808286.5137508,0.0,709.0
1718808286.6748922,0.0,709.0
1718808286.8476357,0.0,709.0
1718808287.0168164,0.0,709.0
1718808287.1989524,0.0,709.0
1718808287.3550842,0.0,709.0
1718808287.504023,0.0,709.0
1718808287.6603136,0.0,709.0
1718808287.8261561,0.0,709.0
1718808287.9895737,0.0,709.0
1718808288.142228,0.0,709.0
1718808288.3122993,0.0,709.0
1718808288.5150144,0.0,709.0
1718808288.7218683,0.0,709.0
1718808288.926735,0.0,709.0
1718808289.1307745,0.0,709.0
1718808289.33925,0.0,709.0
1718808289.524985,0.0,709.0
1718808289.6830177,0.0,709.0
1718808289.837052,0.0,709.0
1718808289.9781086,0.0,709.0
1718808290.1225326,0.0,709.0
1718808290.2628405,0.0,709.0
1718808290.3989503,0.0,709.0
1718808290.5352283,0.0,709.0
1718808290.6741445,0.0,709.0
1718808290.8118353,0.0,709.0
1718808290.951317,0.0,709.0
1718808291.1176858,0.0,709.0
1718808291.2746177,0.0,709.0
1718808291.4334917,0.0,709.0
1718808291.5950825,0.0,709.0
1718808291.7446303,0.0,709.0
1718808291.9203706,0.0,709.0
1718808292.0630624,0.0,709.0
1718808292.2351027,0.0,709.0
1718808292.3858626,0.0,709.0
1718808292.5432765,0.0,709.0
1718808292.698356,0.0,709.0
1718808292.8464713,0.0,709.0
1718808293.0013237,0.0,709.0
1718808293.1431065,0.0,709.0
1718808293.359461,0.0,709.0
1718808293.5605567,0.0,709.0
1718808293.7523372,0.0,709.0
1718808293.9410865,0.0,709.0
1718808294.1372316,0.0,709.0
1718808294.3107002,0.0,709.0
1718808294.4821322,0.0,709.0
1718808294.6438296,0.0,709.0
1718808294.786631,0.0,709.0
1718808294.932676,0.0,709.0
1718808295.0706298,0.0,709.0
1718808295.2081604,0.0,709.0
1718808295.346932,0.0,709.0
1718808295.4856188,0.0,709.0
1718808295.6248212,0.0,709.0
1718808295.7638316,0.0,709.0
1718808295.903508,0.0,709.0
1718808296.073977,0.0,709.0
1718808296.2402337,0.0,709.0
1718808296.4089062,0.0,709.0
1718808296.5730064,0.0,709.0
1718808296.751369,0.0,709.0
1718808296.897444,0.0,709.0
1718808297.0566194,0.0,709.0
1718808297.1941283,0.0,709.0
1718808297.3467512,0.0,709.0
1718808297.507998,0.0,709.0
1718808297.6575065,0.0,709.0
1718808297.8273273,0.0,709.0
1718808297.9783597,0.0,709.0
1718808298.188652,0.0,709.0
1718808298.398681,0.0,709.0
1718808298.603699,0.0,709.0
1718808298.7797313,0.0,709.0
1718808298.9725986,0.0,709.0
1718808299.1662896,0.0,709.0
1718808299.3324518,0.0,709.0
1718808299.4823613,0.0,709.0
1718808299.626219,0.0,709.0
1718808299.7657337,0.0,709.0
1718808299.9035423,0.0,709.0
1718808300.0408857,0.0,709.0
1718808300.1793497,0.0,709.0
1718808300.3178473,0.0,709.0
1718808300.456056,0.0,709.0
1718808300.5960536,0.0,709.0
1718808300.7335072,0.0,709.0
1718808300.9035008,0.0,709.0
1718808301.0737736,0.0,709.0
1718808301.2287006,0.0,709.0
1718808301.400066,0.0,709.0
1718808301.576382,0.0,709.0
1718808301.7441351,0.0,709.0
1718808301.9078248,0.0,709.0
1718808302.0623417,0.0,709.0
1718808302.2102947,0.0,709.0
1718808302.3587136,0.0,709.0
1718808302.5285892,0.0,709.0
1718808302.698499,0.0,709.0
1718808302.8516345,0.0,709.0
1718808302.993301,0.0,709.0
1718808303.2066832,0.0,709.0
1718808303.4102104,0.0,709.0
1718808303.6152554,0.0,709.0
1718808303.7762928,0.0,709.0
1718808303.9805422,0.0,709.0
1718808304.1536586,0.0,709.0
1718808304.3325267,0.0,709.0
1718808304.491072,0.0,709.0
1718808304.6314902,0.0,709.0
1718808304.7713287,0.0,709.0
1718808304.9103575,0.0,709.0
1718808305.046587,0.0,709.0
1718808305.18515,0.0,709.0
1718808305.3231883,0.0,709.0
1718808305.460493,0.0,709.0
1718808305.5986767,0.0,709.0
1718808305.7495003,0.0,709.0
1718808305.9114075,0.0,709.0
1718808306.0609927,0.0,709.0
1718808306.236623,0.0,709.0
1718808306.3955822,0.0,709.0
1718808306.5856988,0.0,709.0
1718808306.7494838,0.0,709.0
1718808306.900649,0.0,709.0
1718808307.0454357,0.0,709.0
1718808307.190731,0.0,709.0
1718808307.3594115,0.0,709.0
1718808307.5122037,0.0,709.0
1718808307.6673605,0.0,709.0
1718808307.8100116,0.0,709.0
1718808308.0084076,0.0,709.0
1718808308.2123477,0.0,709.0
1718808308.426595,0.0,709.0
1718808308.6041186,0.0,709.0
1718808308.8242254,0.0,709.0
1718808308.9777179,0.0,709.0
1718808309.1505873,0.0,709.0
1718808309.2874177,0.0,709.0
1718808309.4534109,0.0,709.0
1718808309.5916557,0.0,709.0
1718808309.7326334,0.0,709.0
1718808309.8711076,0.0,709.0
1718808310.009335,0.0,709.0
1718808310.1465516,0.0,709.0
1718808310.286699,0.0,709.0
1718808310.4252744,0.0,709.0
1718808310.5627956,0.0,709.0
1718808310.7041295,0.0,709.0
1718808310.889098,0.0,709.0
1718808311.045443,0.0,709.0
1718808311.224498,0.0,709.0
1718808311.3777184,0.0,709.0
1718808311.5526817,0.0,709.0
1718808311.6998487,0.0,709.0
1718808311.8512719,0.0,709.0
1718808311.9982584,0.0,709.0
1718808312.1650734,0.0,709.0
1718808312.3306663,0.0,709.0
1718808312.4781232,0.0,709.0
1718808312.6344237,0.0,709.0
1718808312.7855985,0.0,709.0
1718808312.9914463,0.0,709.0
1718808313.1921782,0.0,709.0
1718808313.3851771,0.0,709.0
1718808313.5927842,0.0,709.0
1718808313.8052034,0.0,709.0
1718808313.9834244,0.0,709.0
1718808314.1319706,0.0,709.0
1718808314.2885404,0.0,709.0
1718808314.4553976,0.0,709.0
1718808314.5993724,0.0,709.0
1718808314.7406602,0.0,709.0
1718808314.8833077,0.0,709.0
1718808315.0257046,0.0,709.0
1718808315.172002,0.0,709.0
1718808315.318085,0.0,709.0
1718808315.4621298,0.0,709.0
1718808315.6123168,0.0,709.0
1718808315.7918577,0.0,709.0
1718808315.9517415,0.0,709.0
1718808316.120578,0.0,709.0
1718808316.287195,0.0,709.0
1718808316.462819,0.0,709.0
1718808316.6081352,0.0,709.0
1718808316.7854197,0.0,709.0
1718808316.9511812,0.0,709.0
1718808317.1070583,0.0,709.0
1718808317.2712972,0.0,709.0
1718808317.4344752,0.0,709.0
1718808317.5948913,0.0,709.0
1718808317.7544594,0.0,709.0
1718808317.9727511,0.0,709.0
1718808318.1536229,0.0,709.0
1718808318.3640628,0.0,709.0
1718808318.5661132,0.0,709.0
1718808318.735362,0.0,709.0
1718808318.87727,0.0,709.0
1718808319.0495162,0.0,709.0
1718808319.202184,0.0,709.0
1718808319.3424542,0.0,709.0
1718808319.4840155,0.0,709.0
1718808319.6230154,0.0,709.0
1718808319.7634704,0.0,709.0
1718808319.9021337,0.0,709.0
1718808320.0456333,0.0,709.0
1718808320.1878257,0.0,709.0
1718808320.3284662,0.0,709.0
1718808320.5028043,0.0,709.0
1718808320.6627347,0.0,709.0
1718808320.8147435,0.0,709.0
1718808320.991003,0.0,709.0
1718808321.1372888,0.0,709.0
1718808321.2889786,0.0,709.0
1718808321.4658964,0.0,709.0
1718808321.6086538,0.0,709.0
1718808321.7673051,0.0,709.0
1718808321.9107587,0.0,709.0
1718808322.0721679,0.0,709.0
1718808322.222876,0.0,709.0
1718808322.3927245,0.0,709.0
1718808322.5471573,0.0,709.0
1718808322.6956904,0.0,709.0
1718808322.8852687,0.0,709.0
1718808323.1055994,0.0,709.0
1718808323.3187242,0.0,709.0
1718808323.4958484,0.0,709.0
1718808323.6976733,0.0,709.0
1718808323.8731587,0.0,709.0
1718808324.0311875,0.0,709.0
1718808324.18733,0.0,709.0
1718808324.340147,0.0,709.0
1718808324.478726,0.0,709.0
1718808324.6195338,0.0,709.0
1718808324.7579272,0.0,709.0
1718808324.8957467,0.0,709.0
1718808325.035736,0.0,709.0
1718808325.1736395,0.0,709.0
1718808325.3130164,0.0,709.0
1718808325.46986,0.0,709.0
1718808325.6358252,0.0,709.0
1718808325.8066964,0.0,709.0
1718808325.976844,0.0,709.0
1718808326.1248538,0.0,709.0
1718808326.3197114,0.0,709.0
1718808326.4644217,0.0,709.0
1718808326.6246107,0.0,709.0
1718808326.7657766,0.0,709.0
1718808326.9336514,0.0,709.0
1718808327.0816505,0.0,709.0
1718808327.2499983,0.0,709.0
1718808327.4038491,0.0,709.0
1718808327.5665615,0.0,709.0
1718808327.7716737,0.0,709.0
1718808327.9781742,0.0,709.0
1718808328.161108,0.0,709.0
1718808328.3734252,0.0,709.0
1718808328.5770438,0.0,709.0
1718808328.7416415,0.0,709.0
1718808328.884537,0.0,709.0
1718808329.0509212,0.0,709.0
1718808329.2137077,0.0,709.0
1718808329.354659,0.0,709.0
1718808329.4952295,0.0,709.0
1718808329.637713,0.0,709.0
1718808329.777319,0.0,709.0
1718808329.9175243,0.0,709.0
1718808330.0577621,0.0,709.0
1718808330.198033,0.0,709.0
1718808330.3399758,0.0,709.0
1718808330.5163238,0.0,709.0
1718808330.6742592,0.0,709.0
1718808330.8302345,0.0,709.0
1718808331.013013,0.0,709.0
1718808331.1816237,0.0,709.0
1718808331.360989,0.0,709.0
1718808331.5065649,0.0,709.0
1718808331.6826088,0.0,709.0
1718808331.8314278,0.0,709.0
1718808331.978326,0.0,709.0
1718808332.1365988,0.0,709.0
1718808332.2962961,0.0,709.0
1718808332.4579754,0.0,709.0
1718808332.610509,0.0,709.0
1718808332.8151412,0.0,709.0
1718808333.0230553,0.0,709.0
1718808333.2101755,0.0,709.0
1718808333.4109612,0.0,709.0
1718808333.6113198,0.0,709.0
1718808333.7991056,0.0,709.0
1718808333.9838564,0.0,709.0
1718808334.1589935,0.0,709.0
1718808334.2972708,0.0,709.0
1718808334.4363375,0.0,709.0
1718808334.5782943,0.0,709.0
1718808334.7182138,0.0,709.0
1718808334.858955,0.0,709.0
1718808334.999824,0.0,709.0
1718808335.1403654,0.0,709.0
1718808335.2857685,0.0,709.0
1718808335.4491477,0.0,709.0
1718808335.6020608,0.0,709.0
1718808335.7623298,0.0,709.0
1718808335.941205,0.0,709.0
1718808336.1072626,0.0,709.0
1718808336.2913349,0.0,709.0
1718808336.4397845,0.0,709.0
1718808336.6064622,0.0,709.0
1718808336.760875,0.0,709.0
1718808336.9075222,0.0,709.0
1718808337.0612237,0.0,709.0
1718808337.2328758,0.0,709.0
1718808337.4131217,0.0,709.0
1718808337.567697,0.0,709.0
1718808337.7639706,0.0,709.0
1718808337.9641392,0.0,709.0
1718808338.1636858,0.0,709.0
1718808338.3396597,0.0,709.0
1718808338.5563471,0.0,709.0
1718808338.7112386,0.0,709.0
1718808338.878659,0.0,709.0
1718808339.0325434,0.0,709.0
1718808339.172361,0.0,709.0
1718808339.3112926,0.0,709.0
1718808339.4489686,0.0,709.0
1718808339.5878298,0.0,709.0
1718808339.7263417,0.0,709.0
1718808339.864921,0.0,709.0
1718808340.0022528,0.0,709.0
1718808340.1404064,0.0,709.0
1718808340.2797172,0.0,709.0
1718808340.4324555,0.0,709.0
1718808340.6062212,0.0,709.0
1718808340.766198,0.0,709.0
1718808340.9319606,0.0,709.0
1718808341.091244,0.0,709.0
1718808341.239213,0.0,709.0
1718808341.4041882,0.0,709.0
1718808341.5504847,0.0,709.0
1718808341.7053118,0.0,709.0
1718808341.8772395,0.0,709.0
1718808342.039453,0.0,709.0
1718808342.1918428,0.0,709.0
1718808342.348915,0.0,709.0
1718808342.554373,0.0,709.0
1718808342.753792,0.0,709.0
1718808342.963275,0.0,709.0
1718808343.159961,0.0,709.0
1718808343.3555965,0.0,709.0
1718808343.5370486,0.0,709.0
1718808343.691803,0.0,709.0
1718808343.8555098,0.0,709.0
1718808344.0018094,0.0,709.0
1718808344.1416185,0.0,709.0
1718808344.2806885,0.0,709.0
1718808344.4177136,0.0,709.0
1718808344.556648,0.0,709.0
1718808344.6962078,0.0,709.0
1718808344.8346684,0.0,709.0
1718808344.9724255,0.0,709.0
1718808345.1121356,0.0,709.0
1718808345.253255,0.0,709.0
1718808345.4158537,0.0,709.0
1718808345.5784397,0.0,709.0
1718808345.7234128,0.0,709.0
1718808345.876193,0.0,709.0
1718808346.0229948,0.0,709.0
1718808346.2088916,0.0,709.0
1718808346.355839,0.0,709.0
1718808346.5175712,0.0,709.0
1718808346.6722124,0.0,709.0
1718808346.8255005,0.0,709.0
1718808346.9887502,0.0,709.0
1718808347.1363053,0.0,709.0
1718808347.299313,0.0,709.0
1718808347.460804,0.0,709.0
1718808347.671132,0.0,709.0
1718808347.8793027,0.0,709.0
1718808348.090007,0.0,709.0
1718808348.2862854,0.0,709.0
1718808348.4850445,0.0,709.0
1718808348.6571739,0.0,709.0
1718808348.8071573,0.0,709.0
1718808348.9757054,0.0,709.0
1718808349.1295187,0.0,709.0
1718808349.2697203,0.0,709.0
1718808349.4085445,0.0,709.0
1718808349.5480664,0.0,709.0
1718808349.6884203,0.0,709.0
1718808349.8265545,0.0,709.0
1718808349.9648802,0.0,709.0
1718808350.1043534,0.0,709.0
1718808350.2431016,0.0,709.0
1718808350.411097,0.0,709.0
1718808350.5747142,0.0,709.0
1718808350.7302406,0.0,709.0
1718808350.9118037,0.0,709.0
1718808351.0640829,0.0,709.0
1718808351.2315607,0.0,709.0
1718808351.3765266,0.0,709.0
1718808351.5346243,0.0,709.0
1718808351.6755464,0.0,709.0
1718808351.8238556,0.0,709.0
1718808351.9734006,0.0,709.0
1718808352.1383777,0.0,709.0
1718808352.3050559,0.0,709.0
1718808352.451838,0.0,709.0
1718808352.6644573,0.0,709.0
1718808352.874978,0.0,709.0
1718808353.0918233,0.0,709.0
1718808353.2600212,0.0,709.0
1718808353.4701257,0.0,709.0
1718808353.6261797,0.0,709.0
1718808353.8071077,0.0,709.0
1718808353.9631073,0.0,709.0
1718808354.108522,0.0,709.0
1718808354.2517607,0.0,709.0
1718808354.3944976,0.0,709.0
1718808354.5320127,0.0,709.0
1718808354.6731246,0.0,709.0
1718808354.8182654,0.0,709.0
1718808354.965696,0.0,709.0
1718808355.1110032,0.0,709.0
1718808355.2717748,0.0,709.0
1718808355.4480743,0.0,709.0
1718808355.5983415,0.0,709.0
1718808355.7588527,0.0,709.0
1718808355.923843,0.0,709.0
1718808356.0887625,0.0,709.0
1718808356.2357066,0.0,709.0
1718808356.3988483,0.0,709.0
1718808356.5505974,0.0,709.0
1718808356.7072775,0.0,709.0
1718808356.8804986,0.0,709.0
1718808357.056906,0.0,709.0
1718808357.212241,0.0,709.0
1718808357.366851,0.0,709.0
1718808357.5737128,0.0,709.0
1718808357.790643,0.0,709.0
1718808358.0009558,0.0,709.0
1718808358.179338,0.0,709.0
1718808358.3875232,0.0,709.0
1718808358.5530267,0.0,709.0
1718808358.7165458,0.0,709.0
1718808358.88324,0.0,709.0
1718808359.026334,0.0,709.0
1718808359.165574,0.0,709.0
1718808359.3091705,0.0,709.0
1718808359.447753,0.0,709.0
1718808359.5849507,0.0,709.0
1718808359.7228296,0.0,709.0
1718808359.8613772,0.0,709.0
1718808360.0001967,0.0,709.0
1718808360.1376872,0.0,709.0
1718808360.2807162,0.0,709.0
1718808360.4429164,0.0,709.0
1718808360.5981157,0.0,709.0
1718808360.7509208,0.0,709.0
1718808360.9173548,0.0,709.0
1718808361.0836058,0.0,709.0
1718808361.2345746,0.0,709.0
1718808361.4171522,0.0,709.0
1718808361.5643485,0.0,709.0
1718808361.7203712,0.0,709.0
1718808361.8898365,0.0,709.0
1718808362.048845,0.0,709.0
1718808362.2052913,0.0,709.0
1718808362.3584158,0.0,709.0
1718808362.5636,0.0,709.0
1718808362.7586317,0.0,709.0
1718808362.9681342,0.0,709.0
1718808363.177632,0.0,709.0
1718808363.3808105,0.0,709.0
1718808363.5623684,0.0,709.0
1718808363.720286,0.0,709.0
1718808363.8793628,0.0,709.0
1718808364.0261078,0.0,709.0
1718808364.1630924,0.0,709.0
1718808364.3010192,0.0,709.0
1718808364.4386601,0.0,709.0
1718808364.5753207,0.0,709.0
1718808364.7121463,0.0,709.0
1718808364.8496032,0.0,709.0
1718808364.9868057,0.0,709.0
1718808365.1567647,0.0,709.0
1718808365.317638,0.0,709.0
1718808365.474474,0.0,709.0
1718808365.6380708,0.0,709.0
1718808365.8073044,0.0,709.0
1718808365.9605842,0.0,709.0
1718808366.134668,0.0,709.0
1718808366.2802682,0.0,709.0
1718808366.4456837,0.0,709.0
1718808366.6175148,0.0,709.0
1718808366.772004,0.0,709.0
1718808366.9353883,0.0,709.0
1718808367.094479,0.0,709.0
1718808367.3005548,0.0,709.0
1718808367.510751,0.0,709.0
1718808367.7162116,0.0,709.0
1718808367.9142148,0.0,709.0
1718808368.1215858,0.0,709.0
1718808368.2919662,0.0,709.0
1718808368.4494672,0.0,709.0
1718808368.6081784,0.0,709.0
1718808368.750876,0.0,709.0
1718808368.88759,0.0,709.0
1718808369.0264606,0.0,709.0
1718808369.1641364,0.0,709.0
1718808369.3017223,0.0,709.0
1718808369.4385958,0.0,709.0
1718808369.5762136,0.0,709.0
1718808369.7147312,0.0,709.0
1718808369.8511639,0.0,709.0
1718808370.0078533,0.0,709.0
1718808370.174734,0.0,709.0
1718808370.341319,0.0,709.0
1718808370.4972389,0.0,709.0
1718808370.660154,0.0,709.0
1718808370.8066921,0.0,709.0
1718808370.9561322,0.0,709.0
1718808371.11561,0.0,709.0
1718808371.2702167,0.0,709.0
1718808371.41773,0.0,709.0
1718808371.5822666,0.0,709.0
1718808371.740407,0.0,709.0
1718808371.9000354,0.0,709.0
1718808372.0494757,0.0,709.0
1718808372.243024,0.0,709.0
1718808372.4460611,0.0,709.0
1718808372.6498852,0.0,709.0
1718808372.8134432,0.0,709.0
1718808373.016728,0.0,709.0
1718808373.1704605,0.0,709.0
1718808373.3221076,0.0,709.0
1718808373.479816,0.0,709.0
1718808373.623859,0.0,709.0
1718808373.7672894,0.0,709.0
1718808373.9045255,0.0,709.0
1718808374.0409918,0.0,709.0
1718808374.1785364,0.0,709.0
1718808374.3164716,0.0,709.0
1718808374.4544575,0.0,709.0
1718808374.5926359,0.0,709.0
1718808374.7309484,0.0,709.0
1718808374.8874564,0.0,709.0
1718808375.0483496,0.0,709.0
1718808375.199847,0.0,709.0
1718808375.3642755,0.0,709.0
1718808375.522374,0.0,709.0
1718808375.6838403,0.0,709.0
1718808375.839141,0.0,709.0
1718808376.0001755,0.0,709.0
1718808376.1432958,0.0,709.0
1718808376.294484,0.0,709.0
1718808376.464084,0.0,709.0
1718808376.6272213,0.0,709.0
1718808376.7817216,0.0,709.0
1718808376.9324112,0.0,709.0
1718808377.1342096,0.0,709.0
1718808377.330035,0.0,709.0
1718808377.5194554,0.0,709.0
1718808377.6846876,0.0,709.0
1718808377.8877852,0.0,709.0
1718808378.0443132,0.0,709.0
1718808378.2220488,0.0,709.0
1718808378.3924139,0.0,709.0
1718808378.5340557,0.0,709.0
1718808378.672639,0.0,709.0
1718808378.813177,0.0,709.0
1718808378.9519906,0.0,709.0
1718808379.0895226,0.0,709.0
1718808379.2273676,0.0,709.0
1718808379.3654068,0.0,709.0
1718808379.5035257,0.0,709.0
1718808379.6605477,0.0,709.0
1718808379.817483,0.0,709.0
1718808379.9714677,0.0,709.0
1718808380.1293619,0.0,709.0
1718808380.2852318,0.0,709.0
1718808380.4601686,0.0,709.0
1718808380.606358,0.0,709.0
1718808380.7706153,0.0,709.0
1718808380.9143727,0.0,709.0
1718808381.0614803,0.0,709.0
1718808381.2290268,0.0,709.0
1718808381.3775682,0.0,709.0
1718808381.5405235,0.0,709.0
1718808381.6878035,0.0,709.0
1718808381.894329,0.0,709.0
1718808382.0992548,0.0,709.0
1718808382.3073,0.0,709.0
1718808382.512059,0.0,709.0
1718808382.6994967,0.0,709.0
1718808382.8794105,0.0,709.0
1718808383.0387802,0.0,709.0
1718808383.1863496,0.0,709.0
1718808383.3424978,0.0,709.0
1718808383.4794333,0.0,709.0
1718808383.6181555,0.0,709.0
1718808383.7577932,0.0,709.0
1718808383.8972864,0.0,709.0
1718808384.035977,0.0,709.0
1718808384.1765878,0.0,709.0
1718808384.316864,0.0,709.0
1718808384.4572504,0.0,709.0
1718808384.6071165,0.0,709.0
1718808384.7642148,0.0,709.0
1718808384.9175313,0.0,709.0
1718808385.0788097,0.0,709.0
1718808385.2347353,0.0,709.0
1718808385.4323893,0.0,709.0
1718808385.5794077,0.0,709.0
1718808385.743844,0.0,709.0
1718808385.8907716,0.0,709.0
1718808386.0353043,0.0,709.0
1718808386.208468,0.0,709.0
1718808386.3688464,0.0,709.0
1718808386.5214086,0.0,709.0
1718808386.6692839,0.0,709.0
1718808386.8644936,0.0,709.0
1718808387.0560684,0.0,709.0
1718808387.2540767,0.0,709.0
1718808387.4301145,0.0,709.0
1718808387.6411297,0.0,709.0
1718808387.785581,0.0,709.0
1718808387.952772,0.0,709.0
1718808388.1126063,0.0,709.0
1718808388.2662888,0.0,709.0
1718808388.4085839,0.0,709.0
1718808388.5478277,0.0,709.0
1718808388.6879597,0.0,709.0
1718808388.8261693,0.0,709.0
1718808388.963591,0.0,709.0
1718808389.1021957,0.0,709.0
1718808389.2404258,0.0,709.0
1718808389.3810601,0.0,709.0
1718808389.54088,0.0,709.0
1718808389.7096446,0.0,709.0
1718808389.8610847,0.0,709.0
1718808390.0108445,0.0,709.0
1718808390.1772058,0.0,709.0
1718808390.370177,0.0,709.0
1718808390.5207841,0.0,709.0
1718808390.6828084,0.0,709.0
1718808390.8293424,0.0,709.0
1718808390.9879541,0.0,709.0
1718808391.1535766,0.0,709.0
1718808391.3101914,0.0,709.0
1718808391.4791174,0.0,709.0
1718808391.6289473,0.0,709.0
1718808391.8352866,0.0,709.0
1718808392.0551636,0.0,709.0
1718808392.2660043,0.0,709.0
1718808392.428136,0.0,709.0
1718808392.6198406,0.0,709.0
1718808392.771718,0.0,709.0
1718808392.92074,0.0,709.0
1718808393.0808818,0.0,709.0
1718808393.2299643,0.0,709.0
1718808393.3710325,0.0,709.0
1718808393.5103843,0.0,709.0
1718808393.651428,0.0,709.0
1718808393.7897575,0.0,709.0
1718808393.927503,0.0,709.0
1718808394.0665138,0.0,709.0
1718808394.2052665,0.0,709.0
1718808394.3442955,0.0,709.0
1718808394.5131114,0.0,709.0
1718808394.6657457,0.0,709.0
1718808394.8199832,0.0,709.0
1718808395.0054338,0.0,709.0
1718808395.1663454,0.0,709.0
1718808395.3227994,0.0,709.0
1718808395.4974494,0.0,709.0
1718808395.6422179,0.0,709.0
1718808395.791266,0.0,709.0
1718808395.9583666,0.0,709.0
1718808396.1083865,0.0,709.0
1718808396.2788227,0.0,709.0
1718808396.4398046,0.0,709.0
1718808396.5938594,0.0,709.0
1718808396.7853506,0.0,709.0
1718808396.9840472,0.0,709.0
1718808397.1838293,0.0,709.0
1718808397.3521914,0.0,709.0
1718808397.5624216,0.0,709.0
1718808397.715234,0.0,709.0
1718808397.8715086,0.0,709.0
1718808398.0293763,0.0,709.0
1718808398.1725686,0.0,709.0
1718808398.3158026,0.0,709.0
1718808398.4588997,0.0,709.0
1718808398.5962236,0.0,709.0
1718808398.7335048,0.0,709.0
1718808398.8714209,0.0,709.0
1718808399.0112693,0.0,709.0
1718808399.1491888,0.0,709.0
1718808399.287839,0.0,709.0
1718808399.451136,0.0,709.0
1718808399.6055033,0.0,709.0
1718808399.7708013,0.0,709.0
1718808399.9308672,0.0,709.0
1718808400.0783572,0.0,709.0
1718808400.238006,0.0,709.0
1718808400.3835204,0.0,709.0
1718808400.5337844,0.0,709.0
1718808400.676412,0.0,709.0
1718808400.8364592,0.0,709.0
1718808401.0012267,0.0,709.0
1718808401.1747003,0.0,709.0
1718808401.3436618,0.0,709.0
1718808401.4931304,0.0,709.0
1718808401.7035344,0.0,709.0
1718808401.8979974,0.0,709.0
1718808402.0957766,0.0,709.0
1718808402.263199,0.0,709.0
1718808402.4643853,0.0,709.0
1718808402.6181276,0.0,709.0
1718808402.7830453,0.0,709.0
1718808402.942947,0.0,709.0
1718808403.102239,0.0,709.0
1718808403.2535017,0.0,709.0
1718808403.3994033,0.0,709.0
1718808403.537513,0.0,709.0
1718808403.677856,0.0,709.0
1718808403.8156564,0.0,709.0
1718808403.9551847,0.0,709.0
1718808404.0945787,0.0,709.0
1718808404.2343464,0.0,709.0
1718808404.3742661,0.0,709.0
1718808404.5201309,0.0,709.0
1718808404.6896906,0.0,709.0
1718808404.873329,0.0,709.0
1718808405.0276349,0.0,709.0
1718808405.1859145,0.0,709.0
1718808405.3466237,0.0,709.0
1718808405.5254042,0.0,709.0
1718808405.6672676,0.0,709.0
1718808405.8257053,0.0,709.0
1718808405.9747798,0.0,709.0
1718808406.1350796,0.0,709.0
1718808406.305732,0.0,709.0
1718808406.451745,0.0,709.0
1718808406.6078455,0.0,709.0
1718808406.7607222,0.0,709.0
1718808406.9067507,0.0,709.0
1718808407.1264818,0.0,709.0
1718808407.3228097,0.0,709.0
1718808407.5203185,0.0,709.0
1718808407.68933,0.0,709.0
1718808407.8964427,0.0,709.0
1718808408.053624,0.0,709.0
1718808408.2126698,0.0,709.0
1718808408.3712242,0.0,709.0
1718808408.514056,0.0,709.0
1718808408.6516278,0.0,709.0
1718808408.7899394,0.0,709.0
1718808408.9275901,0.0,709.0
1718808409.0652518,0.0,709.0
1718808409.2037158,0.0,709.0
1718808409.3424346,0.0,709.0
1718808409.47962,0.0,709.0
1718808409.62714,0.0,709.0
1718808409.7852917,0.0,709.0
1718808409.960584,0.0,709.0
1718808410.1160827,0.0,709.0
1718808410.266173,0.0,709.0
1718808410.4342144,0.0,709.0
1718808410.616323,0.0,709.0
1718808410.7653959,0.0,709.0
1718808410.9341278,0.0,709.0
1718808411.0791872,0.0,709.0
1718808411.2290077,0.0,709.0
1718808411.3781455,0.0,709.0
1718808411.5328987,0.0,709.0
1718808411.7049725,0.0,709.0
1718808411.8576653,0.0,709.0
1718808412.0039992,0.0,709.0
1718808412.1970112,0.0,709.0
1718808412.3977783,0.0,709.0
1718808412.6184068,0.0,709.0
1718808412.7947829,0.0,709.0
1718808412.990085,0.0,709.0
1718808413.1306517,0.0,709.0
1718808413.2852066,0.0,709.0
1718808413.449126,0.0,709.0
1718808413.5931194,0.0,709.0
1718808413.7320433,0.0,709.0
1718808413.870636,0.0,709.0
1718808414.0098488,0.0,709.0
1718808414.148038,0.0,709.0
1718808414.2849813,0.0,709.0
1718808414.423554,0.0,709.0
1718808414.5624592,0.0,709.0
1718808414.7404227,0.0,709.0
1718808414.8967505,0.0,709.0
1718808415.0723345,0.0,709.0
1718808415.2481227,0.0,709.0
1718808415.4168704,0.0,709.0
1718808415.5953221,0.0,709.0
1718808415.7433434,0.0,709.0
1718808415.911827,0.0,709.0
1718808416.0570736,0.0,709.0
1718808416.204934,0.0,709.0
1718808416.3543599,0.0,709.0
1718808416.53002,0.0,709.0
1718808416.6795354,0.0,709.0
1718808416.8278556,0.0,709.0
1718808417.0390184,0.0,709.0
1718808417.2479994,0.0,709.0
1718808417.4365346,0.0,709.0
1718808417.6329737,0.0,709.0
1718808417.8450286,0.0,709.0
1718808418.0109637,0.0,709.0
1718808418.1580126,0.0,709.0
1718808418.3167768,0.0,709.0
1718808418.4758387,0.0,709.0
1718808418.6151073,0.0,709.0
1718808418.7574482,0.0,709.0
1718808418.8952658,0.0,709.0
1718808419.0338538,0.0,709.0
1718808419.172227,0.0,709.0
1718808419.3107858,0.0,709.0
1718808419.4503806,0.0,709.0
1718808419.5941052,0.0,709.0
1718808419.7500827,0.0,709.0
1718808419.905815,0.0,709.0
1718808420.0718532,0.0,709.0
1718808420.2278187,0.0,709.0
1718808420.4006476,0.0,709.0
1718808420.5602946,0.0,709.0
1718808420.7056592,0.0,709.0
1718808420.8645735,0.0,709.0
1718808421.0138228,0.0,709.0
1718808421.1577094,0.0,709.0
1718808421.3086722,0.0,709.0
1718808421.4763834,0.0,709.0
1718808421.6289828,0.0,709.0
1718808421.7706418,0.0,709.0
1718808421.9912887,0.0,709.0
1718808422.2006884,0.0,709.0
1718808422.400777,0.0,709.0
1718808422.5720797,0.0,709.0
1718808422.7885318,0.0,709.0
1718808422.934595,0.0,709.0
1718808423.0946708,0.0,709.0
1718808423.2573183,0.0,709.0
1718808423.3971019,0.0,709.0
1718808423.5362759,0.0,709.0
1718808423.6747406,0.0,709.0
1718808423.8130093,0.0,709.0
1718808423.9521055,0.0,709.0
1718808424.0904555,0.0,709.0
1718808424.227818,0.0,709.0
1718808424.3648322,0.0,709.0
1718808424.5268674,0.0,709.0
1718808424.6974263,0.0,709.0
1718808424.849139,0.0,709.0
1718808425.0158553,0.0,709.0
1718808425.1632643,0.0,709.0
1718808425.3365176,0.0,709.0
1718808425.485658,0.0,709.0
1718808425.6416118,0.0,709.0
1718808425.7900708,0.0,709.0
1718808425.954849,0.0,709.0
1718808426.1099982,0.0,709.0
1718808426.2590945,0.0,709.0
1718808426.4330873,0.0,709.0
1718808426.6042094,0.0,709.0
1718808426.7519732,0.0,709.0
1718808426.90611,0.0,709.0
1718808427.1114242,0.0,709.0
1718808427.3301587,0.0,709.0
1718808427.535247,0.0,709.0
1718808427.7127526,0.0,709.0
1718808427.9205904,0.0,709.0
1718808428.0828757,0.0,709.0
1718808428.229362,0.0,709.0
1718808428.3844762,0.0,709.0
1718808428.5501769,0.0,709.0
1718808428.6896894,0.0,709.0
1718808428.8282208,0.0,709.0
1718808428.968054,0.0,709.0
1718808429.1068554,0.0,709.0
1718808429.2467778,0.0,709.0
1718808429.3863091,0.0,709.0
1718808429.5244517,0.0,709.0
1718808429.6632226,0.0,709.0
1718808429.8263268,0.0,709.0
1718808430.0087533,0.0,709.0
1718808430.165264,0.0,709.0
1718808430.3158455,0.0,709.0
1718808430.4790533,0.0,709.0
1718808430.639314,0.0,709.0
1718808430.7869852,0.0,709.0
1718808430.9591727,0.0,709.0
1718808431.1166236,0.0,709.0
1718808431.276571,0.0,709.0
1718808431.4238243,0.0,709.0
1718808431.5779448,0.0,709.0
1718808431.747395,0.0,709.0
1718808431.9109998,0.0,709.0
1718808432.0734375,0.0,709.0
1718808432.2783034,0.0,709.0
1718808432.4671516,0.0,709.0
1718808432.6640003,0.0,709.0
1718808432.8234284,0.0,709.0
1718808433.043692,0.0,709.0
1718808433.2047815,0.0,709.0
1718808433.3717458,0.0,709.0
1718808433.5418262,0.0,709.0
1718808433.6931221,0.0,709.0
1718808433.8341472,0.0,709.0
1718808433.9762638,0.0,709.0
1718808434.117208,0.0,709.0
1718808434.2589788,0.0,709.0
1718808434.3989682,0.0,709.0
1718808434.53756,0.0,709.0
1718808434.6772742,0.0,709.0
1718808434.8550768,0.0,709.0
1718808435.0193858,0.0,709.0
1718808435.1855316,0.0,709.0
1718808435.3552651,0.0,709.0
1718808435.5246625,0.0,709.0
1718808435.6969872,0.0,709.0
1718808435.8427582,0.0,709.0
1718808435.999317,0.0,709.0
1718808436.1454012,0.0,709.0
1718808436.311587,0.0,709.0
1718808436.4654424,0.0,709.0
1718808436.641551,0.0,709.0
1718808436.7995028,0.0,709.0
1718808436.9460263,0.0,709.0
1718808437.145849,0.0,709.0
1718808437.3533287,0.0,709.0
1718808437.5713093,0.0,709.0
1718808437.743848,0.0,709.0
1718808437.940891,0.0,709.0
1718808438.1018538,0.0,709.0
1718808438.2489116,0.0,709.0
1718808438.4168377,0.0,709.0
1718808438.5790038,0.0,709.0
1718808438.7191808,0.0,709.0
1718808438.8612912,0.0,709.0
1718808438.9988375,0.0,709.0
1718808439.1363108,0.0,709.0
1718808439.2753186,0.0,709.0
1718808439.414144,0.0,709.0
1718808439.5514174,0.0,709.0
1718808439.6918476,0.0,709.0
1718808439.8655226,0.0,709.0
1718808440.0531561,0.0,709.0
1718808440.227582,0.0,709.0
1718808440.3821282,0.0,709.0
1718808440.5763144,0.0,709.0
1718808440.7238462,0.0,709.0
1718808440.8898544,0.0,709.0
1718808441.0330691,0.0,709.0
1718808441.1870723,0.0,709.0
1718808441.3634274,0.0,709.0
1718808441.5285966,0.0,709.0
1718808441.6878476,0.0,709.0
1718808441.839429,0.0,709.0
1718808441.9994662,0.0,709.0
1718808442.2039452,0.0,709.0
1718808442.3800225,0.0,709.0
1718808442.5907567,0.0,709.0
1718808442.7466264,0.0,709.0
1718808442.945164,0.0,709.0
1718808443.0982487,0.0,709.0
1718808443.2632854,0.0,709.0
1718808443.421789,0.0,709.0
1718808443.566818,0.0,709.0
1718808443.705906,0.0,709.0
1718808443.8444843,0.0,709.0
1718808443.9832761,0.0,709.0
1718808444.1217086,0.0,709.0
1718808444.2595322,0.0,709.0
1718808444.3976548,0.0,709.0
1718808444.5365834,0.0,709.0
1718808444.7138722,0.0,709.0
1718808444.8752573,0.0,709.0
1718808445.0432415,0.0,709.0
1718808445.2071428,0.0,709.0
1718808445.3798456,0.0,709.0
1718808445.5617268,0.0,709.0
1718808445.7074804,0.0,709.0
1718808445.8666635,0.0,709.0
1718808446.0119834,0.0,709.0
1718808446.161698,0.0,709.0
1718808446.31623,0.0,709.0
1718808446.491483,0.0,709.0
1718808446.6505768,0.0,709.0
1718808446.8032086,0.0,709.0
1718808446.9954777,0.0,709.0
1718808447.211802,0.0,709.0
1718808447.383381,0.0,709.0
1718808447.5905116,0.0,709.0
1718808447.7890742,0.0,709.0
1718808447.9400012,0.0,709.0
1718808448.115552,0.0,709.0
1718808448.2732425,0.0,709.0
1718808448.4527812,0.0,709.0
1718808448.5938425,0.0,709.0
1718808448.7338507,0.0,709.0
1718808448.8732545,0.0,709.0
1718808449.0133414,0.0,709.0
1718808449.151026,0.0,709.0
1718808449.2902458,0.0,709.0
1718808449.4295757,0.0,709.0
1718808449.568397,0.0,709.0
1718808449.7353878,0.0,709.0
1718808449.9030585,0.0,709.0
1718808450.0629668,0.0,709.0
1718808450.2323637,0.0,709.0
1718808450.3805878,0.0,709.0
1718808450.5557916,0.0,709.0
1718808450.6987314,0.0,709.0
1718808450.860874,0.0,709.0
1718808451.0232353,0.0,709.0
1718808451.1793706,0.0,709.0
1718808451.3558035,0.0,709.0
1718808451.4989998,0.0,709.0
1718808451.65913,0.0,709.0
1718808451.8064444,0.0,709.0
1718808451.9542642,0.0,709.0
1718808452.1594975,0.0,709.0
1718808452.3403013,0.0,709.0
1718808452.5366771,0.0,709.0
1718808452.718294,0.0,709.0
1718808452.922819,0.0,709.0
1718808453.0645847,0.0,709.0
1718808453.2399836,0.0,709.0
1718808453.3940923,0.0,709.0
1718808453.5351274,0.0,709.0
1718808453.6730368,0.0,709.0
1718808453.8111002,0.0,709.0
1718808453.9496884,0.0,709.0
1718808454.0878172,0.0,709.0
1718808454.2247915,0.0,709.0
1718808454.363449,0.0,709.0
1718808454.5021515,0.0,709.0
1718808454.6683886,0.0,709.0
1718808454.8222413,0.0,709.0
1718808454.977593,0.0,709.0
1718808455.1309104,0.0,709.0
1718808455.2915123,0.0,709.0
1718808455.4663625,0.0,709.0
1718808455.614967,0.0,709.0
1718808455.7798505,0.0,709.0
1718808455.9303703,0.0,709.0
1718808456.0732229,0.0,709.0
1718808456.2232058,0.0,709.0
1718808456.3874645,0.0,709.0
1718808456.5464146,0.0,709.0
1718808456.7001374,0.0,709.0
1718808456.8506024,0.0,709.0
1718808457.0531142,0.0,709.0
1718808457.241745,0.0,709.0
1718808457.447284,0.0,709.0
1718808457.5986373,0.0,709.0
1718808457.8036408,0.0,709.0
1718808457.966311,0.0,709.0
1718808458.1206613,0.0,709.0
1718808458.2902591,0.0,709.0
1718808458.4342906,0.0,709.0
1718808458.573873,0.0,709.0
1718808458.7141645,0.0,709.0
1718808458.853413,0.0,709.0
1718808458.9913096,0.0,709.0
1718808459.129755,0.0,709.0
1718808459.2689438,0.0,709.0
1718808459.408092,0.0,709.0
1718808459.5487685,0.0,709.0
1718808459.71536,0.0,709.0
1718808459.900405,0.0,709.0
1718808460.0557792,0.0,709.0
1718808460.244738,0.0,709.0
1718808460.3995771,0.0,709.0
1718808460.5836134,0.0,709.0
1718808460.7333248,0.0,709.0
1718808460.8868139,0.0,709.0
1718808461.0281744,0.0,709.0
1718808461.178288,0.0,709.0
1718808461.335301,0.0,709.0
1718808461.5019307,0.0,709.0
1718808461.6674132,0.0,709.0
1718808461.8112555,0.0,709.0
1718808462.0064933,0.0,709.0
1718808462.213307,0.0,709.0
1718808462.4138575,0.0,709.0
1718808462.6110024,0.0,709.0
1718808462.806626,0.0,709.0
1718808462.98832,0.0,709.0
1718808463.1607537,0.0,709.0
1718808463.3107624,0.0,709.0
1718808463.4783895,0.0,709.0
1718808463.617416,0.0,709.0
1718808463.759559,0.0,709.0
1718808463.8978379,0.0,709.0
1718808464.036008,0.0,709.0
1718808464.1745403,0.0,709.0
1718808464.3134978,0.0,709.0
1718808464.4513066,0.0,709.0
1718808464.5901375,0.0,709.0
1718808464.7335703,0.0,709.0
1718808464.895662,0.0,709.0
1718808465.0724206,0.0,709.0
1718808465.251756,0.0,709.0
1718808465.4327977,0.0,709.0
1718808465.6147072,0.0,709.0
1718808465.7614834,0.0,709.0
1718808465.92085,0.0,709.0
1718808466.0630653,0.0,709.0
1718808466.2138543,0.0,709.0
1718808466.3701715,0.0,709.0
1718808466.5321026,0.0,709.0
1718808466.6868305,0.0,709.0
1718808466.831854,0.0,709.0
1718808467.0469873,0.0,709.0
1718808467.240692,0.0,709.0
1718808467.4488788,0.0,709.0
1718808467.635999,0.0,709.0
1718808467.8368576,0.0,709.0
1718808468.0163314,0.0,709.0
1718808468.1961188,0.0,709.0
1718808468.3505287,0.0,709.0
1718808468.4933436,0.0,709.0
1718808468.6328118,0.0,709.0
1718808468.7729838,0.0,709.0
1718808468.9109583,0.0,709.0
1718808469.0492833,0.0,709.0
1718808469.1883874,0.0,709.0
1718808469.3277118,0.0,709.0
1718808469.46684,0.0,709.0
1718808469.6044457,0.0,709.0
1718808469.7790384,0.0,709.0
1718808469.9366171,0.0,709.0
1718808470.1028981,0.0,709.0
1718808470.264343,0.0,709.0
1718808470.4248476,0.0,709.0
1718808470.6134555,0.0,709.0
1718808470.7671072,0.0,709.0
1718808470.9269884,0.0,709.0
1718808471.0832856,0.0,709.0
1718808471.238011,0.0,709.0
1718808471.4123948,0.0,709.0
1718808471.5791988,0.0,709.0
1718808471.733236,0.0,709.0
1718808471.8811245,0.0,709.0
1718808472.0923936,0.0,709.0
1718808472.2727644,0.0,709.0
1718808472.4768841,0.0,709.0
1718808472.6278331,0.0,709.0
1718808472.8360963,0.0,709.0
1718808473.0024896,0.0,709.0
1718808473.1562681,0.0,709.0
1718808473.309738,0.0,709.0
1718808473.4647458,0.0,709.0
1718808473.6057441,0.0,709.0
1718808473.7457829,0.0,709.0
1718808473.8836458,0.0,709.0
1718808474.0215712,0.0,709.0
1718808474.1601164,0.0,709.0
1718808474.2993193,0.0,709.0
1718808474.4371016,0.0,709.0
1718808474.5753272,0.0,709.0
1718808474.7357395,0.0,709.0
1718808474.897536,0.0,709.0
1718808475.0522695,0.0,709.0
1718808475.2110484,0.0,709.0
1718808475.371245,0.0,709.0
1718808475.5423882,0.0,709.0
1718808475.6906164,0.0,709.0
1718808475.8540304,0.0,709.0
1718808475.998437,0.0,709.0
1718808476.1523402,0.0,709.0
1718808476.3122187,0.0,709.0
1718808476.452548,0.0,709.0
1718808476.599103,0.0,709.0
1718808476.7563972,0.0,709.0
1718808476.9189968,0.0,709.0
1718808477.0711029,0.0,709.0
1718808477.2663634,0.0,709.0
1718808477.4726999,0.0,709.0
1718808477.6720552,0.0,709.0
1718808477.825842,0.0,709.0
1718808478.040529,0.0,709.0
1718808478.1931884,0.0,709.0
1718808478.358564,0.0,709.0
1718808478.5323336,0.0,709.0
1718808478.679752,0.0,709.0
1718808478.8211718,0.0,709.0
1718808478.964596,0.0,709.0
1718808479.103791,0.0,709.0
1718808479.2417226,0.0,709.0
1718808479.3805861,0.0,709.0
1718808479.5200346,0.0,709.0
1718808479.6584678,0.0,709.0
1718808479.7977722,0.0,709.0
1718808479.9706125,0.0,709.0
1718808480.135999,0.0,709.0
1718808480.2914474,0.0,709.0
1718808480.4427774,0.0,709.0
1718808480.609901,0.0,709.0
1718808480.7997897,0.0,709.0
1718808480.942544,0.0,709.0
1718808481.0909908,0.0,709.0
1718808481.2384007,0.0,709.0
1718808481.3854477,0.0,709.0
1718808481.5401976,0.0,709.0
1718808481.68942,0.0,709.0
1718808481.8445458,0.0,709.0
1718808481.9961767,0.0,709.0
1718808482.1589596,0.0,709.0
1718808482.3219855,0.0,709.0
1718808482.5238469,0.0,709.0
1718808482.7068682,0.0,709.0
1718808482.9089792,0.0,709.0
1718808483.0649874,0.0,709.0
1718808483.2580318,0.0,709.0
1718808483.4208357,0.0,709.0
1718808483.5762405,0.0,709.0
1718808483.731454,0.0,709.0
1718808483.8846052,0.0,709.0
1718808484.0261474,0.0,709.0
1718808484.1658585,0.0,709.0
1718808484.3062954,0.0,709.0
1718808484.4446456,0.0,709.0
1718808484.5821884,0.0,709.0
1718808484.7222939,0.0,709.0
1718808484.8611503,0.0,709.0
1718808485.0002434,0.0,709.0
1718808485.1628277,0.0,709.0
1718808485.3273,0.0,709.0
1718808485.4942672,0.0,709.0
1718808485.668762,0.0,709.0
1718808485.8417027,0.0,709.0
1718808486.0191956,0.0,709.0
1718808486.174691,0.0,709.0
1718808486.3255584,0.0,709.0
1718808486.4836757,0.0,709.0
1718808486.6322725,0.0,709.0
1718808486.8008702,0.0,709.0
1718808486.9705596,0.0,709.0
1718808487.1348233,0.0,709.0
1718808487.2868505,0.0,709.0
1718808487.4925053,0.0,709.0
1718808487.6728866,0.0,709.0
1718808487.8680444,0.0,709.0
1718808488.014706,0.0,709.0
1718808488.2064204,0.0,709.0
1718808488.372254,0.0,709.0
1718808488.5342271,0.0,709.0
1718808488.696823,0.0,709.0
1718808488.8420122,0.0,709.0
1718808488.9879806,0.0,709.0
1718808489.1277459,0.0,709.0
1718808489.2673576,0.0,709.0
1718808489.404702,0.0,709.0
1718808489.542848,0.0,709.0
1718808489.682578,0.0,709.0
1718808489.8213959,0.0,709.0
1718808489.960253,0.0,709.0
1718808490.1191378,0.0,709.0
1718808490.2762618,0.0,709.0
1718808490.4443262,0.0,709.0
1718808490.5997002,0.0,709.0
1718808490.7543554,0.0,709.0
1718808490.9347122,0.0,709.0
1718808491.0799797,0.0,709.0
1718808491.2428913,0.0,709.0
1718808491.3858075,0.0,709.0
1718808491.541438,0.0,709.0
1718808491.7131343,0.0,709.0
1718808491.89958,0.0,709.0
1718808492.0629888,0.0,709.0
1718808492.207841,0.0,709.0
1718808492.4111874,0.0,709.0
1718808492.6186676,0.0,709.0
1718808492.8165057,0.0,709.0
1718808492.995127,0.0,709.0
1718808493.1981394,0.0,709.0
1718808493.3640249,0.0,709.0
1718808493.532577,0.0,709.0
1718808493.6893585,0.0,709.0
1718808493.832531,0.0,709.0
1718808493.970273,0.0,709.0
1718808494.1085896,0.0,709.0
1718808494.2467618,0.0,709.0
1718808494.384406,0.0,709.0
1718808494.5218618,0.0,709.0
1718808494.6603265,0.0,709.0
1718808494.798736,0.0,709.0
1718808494.9381833,0.0,709.0
1718808495.1346905,0.0,709.0
1718808495.287957,0.0,709.0
1718808495.4590008,0.0,709.0
1718808495.6211414,0.0,709.0
1718808495.8074608,0.0,709.0
1718808495.9571178,0.0,709.0
1718808496.1186376,0.0,709.0
1718808496.266485,0.0,709.0
1718808496.4176545,0.0,709.0
1718808496.5917752,0.0,709.0
1718808496.757033,0.0,709.0
1718808496.9175813,0.0,709.0
1718808497.069421,0.0,709.0
1718808497.2164218,0.0,709.0
1718808497.4274123,0.0,709.0
1718808497.629031,0.0,709.0
1718808497.8182228,0.0,709.0
1718808497.976019,0.0,709.0
1718808498.1774085,0.0,709.0
1718808498.3388963,0.0,709.0
1718808498.4940422,0.0,709.0
1718808498.6525514,0.0,709.0
1718808498.8125684,0.0,709.0
1718808498.9510398,0.0,709.0
1718808499.088251,0.0,709.0
1718808499.2267888,0.0,709.0
1718808499.3643234,0.0,709.0
1718808499.5037584,0.0,709.0
1718808499.6415334,0.0,709.0
1718808499.7789493,0.0,709.0
1718808499.9233892,0.0,709.0
1718808500.1054187,0.0,709.0
1718808500.269602,0.0,709.0
1718808500.4249895,0.0,709.0
1718808500.5841691,0.0,709.0
1718808500.7459512,0.0,709.0
1718808500.9134479,0.0,709.0
1718808501.0827243,0.0,709.0
1718808501.2258558,0.0,709.0
1718808501.3933856,0.0,709.0
1718808501.5372505,0.0,709.0
1718808501.6881719,0.0,709.0
1718808501.8424828,0.0,709.0
1718808502.0193527,0.0,709.0
1718808502.1897707,0.0,709.0
1718808502.3382964,0.0,709.0
1718808502.5374367,0.0,709.0
1718808502.747237,0.0,709.0
1718808502.945558,0.0,709.0
1718808503.1284912,0.0,709.0
1718808503.3377256,0.0,709.0
1718808503.4883344,0.0,709.0
1718808503.6328096,0.0,709.0
1718808503.7860715,0.0,709.0
1718808503.9481344,0.0,709.0
1718808504.0862105,0.0,709.0
1718808504.2233481,0.0,709.0
1718808504.3624978,0.0,709.0
1718808504.5003319,0.0,709.0
1718808504.6372874,0.0,709.0
1718808504.7746046,0.0,709.0
1718808504.9130838,0.0,709.0
1718808505.0500894,0.0,709.0
1718808505.2010288,0.0,709.0
1718808505.3546429,0.0,709.0
1718808505.5053432,0.0,709.0
1718808505.6758413,0.0,709.0
1718808505.8265944,0.0,709.0
1718808505.9778364,0.0,709.0
1718808506.1193457,0.0,709.0
1718808506.271559,0.0,709.0
1718808506.426312,0.0,709.0
1718808506.572349,0.0,709.0
1718808506.7207148,0.0,709.0
1718808506.8834133,0.0,709.0
1718808507.0582194,0.0,709.0
1718808507.21432,0.0,709.0
1718808507.3634508,0.0,709.0
1718808507.5958495,0.0,709.0
1718808507.7655652,0.0,709.0
1718808507.9655578,0.0,709.0
1718808508.10884,0.0,709.0
1718808508.312367,0.0,709.0
1718808508.4777799,0.0,709.0
1718808508.6508539,0.0,709.0
1718808508.815333,0.0,709.0
1718808508.961515,0.0,709.0
1718808509.0996,0.0,709.0
1718808509.2387288,0.0,709.0
1718808509.3787935,0.0,709.0
1718808509.5164545,0.0,709.0
1718808509.6548011,0.0,709.0
1718808509.7948475,0.0,709.0
1718808509.9320967,0.0,709.0
1718808510.070215,0.0,709.0
1718808510.2337453,0.0,709.0
1718808510.4017873,0.0,709.0
1718808510.5520284,0.0,709.0
1718808510.724389,0.0,709.0
1718808510.884449,0.0,709.0
1718808511.0667105,0.0,709.0
1718808511.2107248,0.0,709.0
1718808511.3788767,0.0,709.0
1718808511.5255313,0.0,709.0
1718808511.696943,0.0,709.0
1718808511.844952,0.0,709.0
1718808512.0118368,0.0,709.0
1718808512.17603,0.0,709.0
1718808512.324869,0.0,709.0
1718808512.526487,0.0,709.0
1718808512.7361455,0.0,709.0
1718808512.9367864,0.0,709.0
1718808513.1283114,0.0,709.0
1718808513.3267806,0.0,709.0
1718808513.4851267,0.0,709.0
1718808513.6368895,0.0,709.0
1718808513.7976918,0.0,709.0
1718808513.966277,0.0,709.0
1718808514.1060257,0.0,709.0
1718808514.2474608,0.0,709.0
1718808514.3869166,0.0,709.0
1718808514.5251143,0.0,709.0
1718808514.6644766,0.0,709.0
1718808514.8040853,0.0,709.0
1718808514.942865,0.0,709.0
1718808515.0911195,0.0,709.0
1718808515.2693114,0.0,709.0
1718808515.4425676,0.0,709.0
1718808515.6247427,0.0,709.0
1718808515.776205,0.0,709.0
1718808515.9615567,0.0,709.0
1718808516.104982,0.0,709.0
1718808516.259822,0.0,709.0
1718808516.4097672,0.0,709.0
1718808516.5660846,0.0,709.0
1718808516.7230628,0.0,709.0
1718808516.8704348,0.0,709.0
1718808517.0272794,0.0,709.0
1718808517.197918,0.0,709.0
1718808517.3442407,0.0,709.0
1718808517.5569987,0.0,709.0
1718808517.7578084,0.0,709.0
1718808517.9602993,0.0,709.0
1718808518.1247573,0.0,709.0
1718808518.3422477,0.0,709.0
1718808518.5022328,0.0,709.0
1718808518.6778853,0.0,709.0
1718808518.8310814,0.0,709.0
1718808518.9799814,0.0,709.0
1718808519.119421,0.0,709.0
1718808519.2604465,0.0,709.0
1718808519.4021437,0.0,709.0
1718808519.5414233,0.0,709.0
1718808519.6830392,0.0,709.0
1718808519.826131,0.0,709.0
1718808519.9663718,0.0,709.0
1718808520.104995,0.0,709.0
1718808520.296418,0.0,709.0
1718808520.4666452,0.0,709.0
1718808520.6329606,0.0,709.0
1718808520.7987385,0.0,709.0
1718808520.9566736,0.0,709.0
1718808521.158975,0.0,709.0
1718808521.3080578,0.0,709.0
1718808521.4706147,0.0,709.0
1718808521.6105165,0.0,709.0
1718808521.7743213,0.0,709.0
1718808521.924251,0.0,709.0
1718808522.1127007,0.0,709.0
1718808522.269824,0.0,709.0
1718808522.4303951,0.0,709.0
1718808522.6347427,0.0,709.0
1718808522.8393924,0.0,709.0
1718808523.0023189,0.0,709.0
1718808523.209985,0.0,709.0
1718808523.4095383,0.0,709.0
1718808523.575632,0.0,709.0
1718808523.7245123,0.0,709.0
1718808523.8827033,0.0,709.0
1718808524.0554092,0.0,709.0
1718808524.1937447,0.0,709.0
1718808524.3324225,0.0,709.0
1718808524.470548,0.0,709.0
1718808524.6062477,0.0,709.0
1718808524.7433527,0.0,709.0
1718808524.8816793,0.0,709.0
1718808525.018141,0.0,709.0
1718808525.156197,0.0,709.0
1718808525.3471718,0.0,709.0
1718808525.5070407,0.0,709.0
1718808525.6598268,0.0,709.0
1718808525.814527,0.0,709.0
1718808525.9754286,0.0,709.0
1718808526.1519754,0.0,709.0
1718808526.2938359,0.0,709.0
1718808526.4557955,0.0,709.0
1718808526.602943,0.0,709.0
1718808526.7582967,0.0,709.0
1718808526.9159837,0.0,709.0
1718808527.0703263,0.0,709.0
1718808527.2241294,0.0,709.0
1718808527.3797958,0.0,709.0
1718808527.5847971,0.0,709.0
1718808527.7784057,0.0,709.0
1718808527.9920528,0.0,709.0
1718808528.1984553,0.0,709.0
1718808528.4049149,0.0,709.0
1718808528.5774333,0.0,709.0
1718808528.7352264,0.0,709.0
1718808528.8916252,0.0,709.0
1718808529.0392127,0.0,709.0
1718808529.1769776,0.0,709.0
1718808529.3158276,0.0,709.0
1718808529.4527118,0.0,709.0
1718808529.589995,0.0,709.0
1718808529.7301233,0.0,709.0
1718808529.868763,0.0,709.0
1718808530.0049999,0.0,709.0
1718808530.1465366,0.0,709.0
1718808530.3118446,0.0,709.0
1718808530.48982,0.0,709.0
1718808530.6525908,0.0,709.0
1718808530.8102813,0.0,709.0
1718808530.987243,0.0,709.0
1718808531.150475,0.0,709.0
1718808531.2989342,0.0,709.0
1718808531.454212,0.0,709.0
1718808531.6122625,0.0,709.0
1718808531.7580566,0.0,709.0
1718808531.9173536,0.0,709.0
1718808532.0814886,0.0,709.0
1718808532.229869,0.0,709.0
1718808532.3727858,0.0,709.0
1718808532.5791001,0.0,709.0
1718808532.7940245,0.0,709.0
1718808532.987574,0.0,709.0
1718808533.1478243,0.0,709.0
1718808533.353552,0.0,709.0
1718808533.5117047,0.0,709.0
1718808533.6665778,0.0,709.0
1718808533.8314016,0.0,709.0
1718808533.978565,0.0,709.0
1718808534.115825,0.0,709.0
1718808534.2540514,0.0,709.0
1718808534.3927956,0.0,709.0
1718808534.530587,0.0,709.0
1718808534.6669946,0.0,709.0
1718808534.8046575,0.0,709.0
1718808534.9433203,0.0,709.0
1718808535.1285014,0.0,709.0
1718808535.2836566,0.0,709.0
1718808535.4437644,0.0,709.0
1718808535.6068225,0.0,709.0
1718808535.763667,0.0,709.0
1718808535.915674,0.0,709.0
1718808536.0662344,0.0,709.0
1718808536.223449,0.0,709.0
1718808536.3684855,0.0,709.0
1718808536.5116487,0.0,709.0
1718808536.6714253,0.0,709.0
1718808536.828129,0.0,709.0
1718808536.9924595,0.0,709.0
1718808537.136743,0.0,709.0
1718808537.3165996,0.0,709.0
1718808537.5231023,0.0,709.0
1718808537.7265017,0.0,709.0
1718808537.9101963,0.0,709.0
1718808538.1082253,0.0,709.0
1718808538.2777023,0.0,709.0
1718808538.4477124,0.0,709.0
1718808538.6161275,0.0,709.0
1718808538.7570336,0.0,709.0
1718808538.8954322,0.0,709.0
1718808539.0340838,0.0,709.0
1718808539.1708345,0.0,709.0
1718808539.3097157,0.0,709.0
1718808539.4505785,0.0,709.0
1718808539.587179,0.0,709.0
1718808539.7272134,0.0,709.0
1718808539.8838599,0.0,709.0
1718808540.048702,0.0,709.0
1718808540.2060504,0.0,709.0
1718808540.3885267,0.0,709.0
1718808540.552151,0.0,709.0
1718808540.7336273,0.0,709.0
1718808540.8783875,0.0,709.0
1718808541.0436614,0.0,709.0
1718808541.184832,0.0,709.0
1718808541.3342602,0.0,709.0
1718808541.505336,0.0,709.0
1718808541.6790094,0.0,709.0
1718808541.8378284,0.0,709.0
1718808541.980826,0.0,709.0
1718808542.1985602,0.0,709.0
1718808542.40216,0.0,709.0
1718808542.6218183,0.0,709.0
1718808542.7814538,0.0,709.0
1718808542.979994,0.0,709.0
1718808543.160313,0.0,709.0
1718808543.3364434,0.0,709.0
1718808543.510201,0.0,709.0
1718808543.6511295,0.0,709.0
1718808543.790184,0.0,709.0
1718808543.930391,0.0,709.0
1718808544.0701978,0.0,709.0
1718808544.2076554,0.0,709.0
1718808544.3446496,0.0,709.0
1718808544.4832096,0.0,709.0
1718808544.621005,0.0,709.0
1718808544.7650948,0.0,709.0
1718808544.9351697,0.0,709.0
1718808545.0871966,0.0,709.0
1718808545.239132,0.0,709.0
1718808545.3943079,0.0,709.0
1718808545.5485718,0.0,709.0
1718808545.7288468,0.0,709.0
1718808545.8722582,0.0,709.0
1718808546.0351317,0.0,709.0
1718808546.1802857,0.0,709.0
1718808546.3460233,0.0,709.0
1718808546.4917226,0.0,709.0
1718808546.6681066,0.0,709.0
1718808546.8190985,0.0,709.0
1718808546.963588,0.0,709.0
1718808547.1534693,0.0,709.0
1718808547.3555167,0.0,709.0
1718808547.559845,0.0,709.0
1718808547.7526395,0.0,709.0
1718808547.9536047,0.0,709.0
1718808548.11038,0.0,709.0
1718808548.2802186,0.0,709.0
1718808548.4496784,0.0,709.0
1718808548.5924206,0.0,709.0
1718808548.7315633,0.0,709.0
1718808548.870066,0.0,709.0
1718808549.0072536,0.0,709.0
1718808549.1449366,0.0,709.0
1718808549.2831435,0.0,709.0
1718808549.4203165,0.0,709.0
1718808549.5575576,0.0,709.0
1718808549.6967986,0.0,709.0
1718808549.8667161,0.0,709.0
1718808550.0237584,0.0,709.0
1718808550.179085,0.0,709.0
1718808550.3376095,0.0,709.0
1718808550.4837377,0.0,709.0
1718808550.6754816,0.0,709.0
1718808550.8216872,0.0,709.0
1718808550.9995792,0.0,709.0
1718808551.1469796,0.0,709.0
1718808551.2921305,0.0,709.0
1718808551.4549668,0.0,709.0
1718808551.6210096,0.0,709.0
1718808551.785082,0.0,709.0
1718808551.958356,0.0,709.0
1718808552.1586568,0.0,709.0
1718808552.3203337,0.0,709.0
1718808552.5368106,0.0,709.0
1718808552.6953561,0.0,709.0
1718808552.8907175,0.0,709.0
1718808553.0342188,0.0,709.0
1718808553.1990976,0.0,709.0
1718808553.363271,0.0,709.0
1718808553.505785,0.0,709.0
1718808553.6445122,0.0,709.0
1718808553.7835271,0.0,709.0
1718808553.9213836,0.0,709.0
1718808554.0585244,0.0,709.0
1718808554.1962075,0.0,709.0
1718808554.333334,0.0,709.0
1718808554.4748986,0.0,709.0
1718808554.663104,0.0,709.0
1718808554.8169024,0.0,709.0
1718808554.977401,0.0,709.0
1718808555.1512933,0.0,709.0
1718808555.3139894,0.0,709.0
1718808555.5035558,0.0,709.0
1718808555.6671007,0.0,709.0
1718808555.8221614,0.0,709.0
1718808555.9703321,0.0,709.0
1718808556.113219,0.0,709.0
1718808556.2823167,0.0,709.0
1718808556.450265,0.0,709.0
1718808556.5998428,0.0,709.0
1718808556.7555444,0.0,709.0
1718808556.9475174,0.0,709.0
1718808557.1539443,0.0,709.0
1718808557.3576696,0.0,709.0
1718808557.514577,0.0,709.0
1718808557.72741,0.0,709.0
1718808557.8827605,0.0,709.0
1718808558.0380044,0.0,709.0
1718808558.1863966,0.0,709.0
1718808558.346358,0.0,709.0
1718808558.48669,0.0,709.0
1718808558.6257272,0.0,709.0
1718808558.7645535,0.0,709.0
1718808558.905282,0.0,709.0
1718808559.0452344,0.0,709.0
1718808559.183678,0.0,709.0
1718808559.3234587,0.0,709.0
1718808559.4659345,0.0,709.0
1718808559.6394734,0.0,709.0
1718808559.8074105,0.0,709.0
1718808559.9903665,0.0,709.0
1718808560.155857,0.0,709.0
1718808560.3383455,0.0,709.0
1718808560.4845443,0.0,709.0
1718808560.6513374,0.0,709.0
1718808560.7937741,0.0,709.0
1718808560.9549987,0.0,709.0
1718808561.1066515,0.0,709.0
1718808561.2551203,0.0,709.0
1718808561.4137743,0.0,709.0
1718808561.5743256,0.0,709.0
1718808561.779331,0.0,709.0
1718808561.9821684,0.0,709.0
1718808562.1993036,0.0,709.0
1718808562.3905957,0.0,709.0
1718808562.5984585,0.0,709.0
1718808562.7651105,0.0,709.0
1718808562.9147372,0.0,709.0
1718808563.0730226,0.0,709.0
1718808563.2416117,0.0,709.0
1718808563.3785474,0.0,709.0
1718808563.5170915,0.0,709.0
1718808563.6560838,0.0,709.0
1718808563.7945619,0.0,709.0
1718808563.931825,0.0,709.0
1718808564.0702972,0.0,709.0
1718808564.208204,0.0,709.0
1718808564.346013,0.0,709.0
1718808564.5147398,0.0,709.0
1718808564.6803806,0.0,709.0
1718808564.843077,0.0,709.0
1718808564.998853,0.0,709.0
1718808565.152054,0.0,709.0
1718808565.3156006,0.0,709.0
1718808565.4672327,0.0,709.0
1718808565.6346586,0.0,709.0
1718808565.7798488,0.0,709.0
1718808565.925351,0.0,709.0
1718808566.0880065,0.0,709.0
1718808566.2573323,0.0,709.0
1718808566.4180908,0.0,709.0
1718808566.559629,0.0,709.0
1718808566.7606738,0.0,709.0
1718808566.9675622,0.0,709.0
1718808567.173427,0.0,709.0
1718808567.3499398,0.0,709.0
1718808567.5514994,0.0,709.0
1718808567.7188268,0.0,709.0
1718808567.8851476,0.0,709.0
1718808568.0432339,0.0,709.0
1718808568.1859515,0.0,709.0
1718808568.3221107,0.0,709.0
1718808568.4604723,0.0,709.0
1718808568.599546,0.0,709.0
1718808568.7412186,0.0,709.0
1718808568.8826303,0.0,709.0
1718808569.0207539,0.0,709.0
1718808569.1579957,0.0,709.0
1718808569.295839,0.0,709.0
1718808569.4636164,0.0,709.0
1718808569.6180775,0.0,709.0
1718808569.7778313,0.0,709.0
1718808569.9485192,0.0,709.0
1718808570.0980947,0.0,709.0
1718808570.275532,0.0,709.0
1718808570.41722,0.0,709.0
1718808570.5710351,0.0,709.0
1718808570.720367,0.0,709.0
1718808570.879505,0.0,709.0
1718808571.0339065,0.0,709.0
1718808571.1847763,0.0,709.0
1718808571.3436265,0.0,709.0
1718808571.4984994,0.0,709.0
1718808571.6510065,0.0,709.0
1718808571.8092983,0.0,709.0
1718808571.9662397,0.0,709.0
1718808572.1765926,0.0,709.0
1718808572.364763,0.0,709.0
1718808572.5648537,0.0,709.0
1718808572.720701,0.0,709.0
1718808572.923985,0.0,709.0
1718808573.0991066,0.0,709.0
1718808573.264814,0.0,709.0
1718808573.4311845,0.0,709.0
1718808573.5821888,0.0,709.0
1718808573.726002,0.0,709.0
1718808573.8665855,0.0,709.0
1718808574.007351,0.0,709.0
1718808574.1483088,0.0,709.0
1718808574.288199,0.0,709.0
1718808574.4307258,0.0,709.0
1718808574.57032,0.0,709.0
1718808574.712659,0.0,709.0
1718808574.8692834,0.0,709.0
1718808575.049754,0.0,709.0
1718808575.2181385,0.0,709.0
1718808575.3662746,0.0,709.0
1718808575.5406754,0.0,709.0
1718808575.710314,0.0,709.0
1718808575.8706672,0.0,709.0
1718808576.0225463,0.0,709.0
1718808576.2003396,0.0,709.0
1718808576.3413243,0.0,709.0
1718808576.4921467,0.0,709.0
1718808576.6547918,0.0,709.0
1718808576.8273,0.0,709.0
1718808576.9993618,0.0,709.0
1718808577.1685452,0.0,709.0
1718808577.3286734,0.0,709.0
1718808577.5358448,0.0,709.0
1718808577.6965423,0.0,709.0
1718808577.8957036,0.0,709.0
1718808578.0499318,0.0,709.0
1718808578.2677436,0.0,709.0
1718808578.4230084,0.0,709.0
1718808578.5745177,0.0,709.0
1718808578.7370398,0.0,709.0
1718808578.9138753,0.0,709.0
1718808579.0525708,0.0,709.0
1718808579.1929786,0.0,709.0
1718808579.3340642,0.0,709.0
1718808579.4753933,0.0,709.0
1718808579.6170807,0.0,709.0
1718808579.7589579,0.0,709.0
1718808579.8986783,0.0,709.0
1718808580.03906,0.0,709.0
1718808580.1775985,0.0,709.0
1718808580.3511612,0.0,709.0
1718808580.513455,0.0,709.0
1718808580.6652792,0.0,709.0
1718808580.8325047,0.0,709.0
1718808581.0086796,0.0,709.0
1718808581.1995988,0.0,709.0
1718808581.3502872,0.0,709.0
1718808581.4955854,0.0,709.0
1718808581.648983,0.0,709.0
1718808581.810279,0.0,709.0
1718808581.9764454,0.0,709.0
1718808582.134871,0.0,709.0
1718808582.2960343,0.0,709.0
1718808582.4592857,0.0,709.0
1718808582.6112947,0.0,709.0
1718808582.830127,0.0,709.0
1718808583.0199718,0.0,709.0
1718808583.231512,0.0,709.0
1718808583.3808806,0.0,709.0
1718808583.5867412,0.0,709.0
1718808583.737113,0.0,709.0
1718808583.912166,0.0,709.0
1718808584.0788314,0.0,709.0
1718808584.2221463,0.0,709.0
1718808584.3642442,0.0,709.0
1718808584.503136,0.0,709.0
1718808584.640952,0.0,709.0
1718808584.7785063,0.0,709.0
1718808584.9169555,0.0,709.0
1718808585.0576234,0.0,709.0
1718808585.1954532,0.0,709.0
1718808585.3348682,0.0,709.0
1718808585.4837675,0.0,709.0
1718808585.6430612,0.0,709.0
1718808585.811291,0.0,709.0
1718808585.9676974,0.0,709.0
1718808586.1347165,0.0,709.0
1718808586.2871428,0.0,709.0
1718808586.4523554,0.0,709.0
1718808586.6191518,0.0,709.0
1718808586.76813,0.0,709.0
1718808586.9288678,0.0,709.0
1718808587.0737088,0.0,709.0
1718808587.236714,0.0,709.0
1718808587.393761,0.0,709.0
1718808587.56337,0.0,709.0
1718808587.7057962,0.0,709.0
1718808587.9083931,0.0,709.0
1718808588.1198492,0.0,709.0
1718808588.3360991,0.0,709.0
1718808588.4984012,0.0,709.0
1718808588.7081223,0.0,709.0
1718808588.884192,0.0,709.0
1718808589.0542824,0.0,709.0
1718808589.2190032,0.0,709.0
1718808589.3626704,0.0,709.0
1718808589.5025196,0.0,709.0
1718808589.6412444,0.0,709.0
1718808589.780207,0.0,709.0
1718808589.918719,0.0,709.0
1718808590.057639,0.0,709.0
1718808590.1970007,0.0,709.0
1718808590.3353038,0.0,709.0
1718808590.4741638,0.0,709.0
1718808590.629959,0.0,709.0
1718808590.7842565,0.0,709.0
1718808590.9556482,0.0,709.0
1718808591.1146016,0.0,709.0
1718808591.2951248,0.0,709.0
1718808591.4480684,0.0,709.0
1718808591.6101525,0.0,709.0
1718808591.7563818,0.0,709.0
1718808591.9152794,0.0,709.0
1718808592.0645297,0.0,709.0
1718808592.2230806,0.0,709.0
1718808592.3815908,0.0,709.0
1718808592.5494392,0.0,709.0
1718808592.7013729,0.0,709.0
1718808592.9174676,0.0,709.0
1718808593.127569,0.0,709.0
1718808593.334836,0.0,709.0
1718808593.5106344,0.0,709.0
1718808593.708972,0.0,709.0
1718808593.8860755,0.0,709.0
1718808594.0420082,0.0,709.0
1718808594.2075944,0.0,709.0
1718808594.3708973,0.0,709.0
1718808594.510466,0.0,709.0
1718808594.6490755,0.0,709.0
1718808594.7885015,0.0,709.0
1718808594.9282832,0.0,709.0
1718808595.0679343,0.0,709.0
1718808595.2084203,0.0,709.0
1718808595.3479464,0.0,709.0
1718808595.4873521,0.0,709.0
1718808595.646576,0.0,709.0
1718808595.8149643,0.0,709.0
1718808595.9840426,0.0,709.0
1718808596.1392422,0.0,709.0
1718808596.3058612,0.0,709.0
1718808596.4780574,0.0,709.0
1718808596.6203616,0.0,709.0
1718808596.7849739,0.0,709.0
1718808596.9316525,0.0,709.0
1718808597.0920913,0.0,709.0
1718808597.2454264,0.0,709.0
1718808597.4194384,0.0,709.0
1718808597.5855055,0.0,709.0
1718808597.7484076,0.0,709.0
1718808597.893167,0.0,709.0
1718808598.0999615,0.0,709.0
1718808598.3085556,0.0,709.0
1718808598.5206394,0.0,709.0
1718808598.6946065,0.0,709.0
1718808598.8946412,0.0,709.0
1718808599.0645013,0.0,709.0
1718808599.218764,0.0,709.0
1718808599.3858066,0.0,709.0
1718808599.5340953,0.0,709.0
1718808599.6789906,0.0,709.0
1718808599.8180337,0.0,709.0
1718808599.9572816,0.0,709.0
1718808600.0967526,0.0,709.0
1718808600.2361267,0.0,709.0
1718808600.3752248,0.0,709.0
1718808600.5154133,0.0,709.0
1718808600.6553507,0.0,709.0
1718808600.7958553,0.0,709.0
1718808600.949543,0.0,709.0
1718808601.1299205,0.0,709.0
1718808601.296297,0.0,709.0
1718808601.4732985,0.0,709.0
1718808601.6388352,0.0,709.0
1718808601.815107,0.0,709.0
1718808601.9600868,0.0,709.0
1718808602.1110663,0.0,709.0
1718808602.2582338,0.0,709.0
1718808602.415436,0.0,709.0
1718808602.5993457,0.0,709.0
1718808602.7729533,0.0,709.0
1718808602.931079,0.0,709.0
1718808603.0900173,0.0,709.0
1718808603.2481296,0.0,709.0
1718808603.4592748,0.0,709.0
1718808603.627746,0.0,709.0
1718808603.8408325,0.0,709.0
1718808604.0092897,0.0,709.0
1718808604.2234879,0.0,709.0
1718808604.374653,0.0,709.0
1718808604.542038,0.0,709.0
1718808604.7014449,0.0,709.0
1718808604.851567,0.0,709.0
1718808604.991723,0.0,709.0
1718808605.1333117,0.0,709.0
1718808605.2723074,0.0,709.0
1718808605.4123533,0.0,709.0
1718808605.5501702,0.0,709.0
1718808605.6887891,0.0,709.0
1718808605.8281803,0.0,709.0
1718808605.9681587,0.0,709.0
1718808606.1225998,0.0,709.0
1718808606.3048527,0.0,709.0
1718808606.4513059,0.0,709.0
1718808606.6149626,0.0,709.0
1718808606.7712595,0.0,709.0
1718808606.9270375,0.0,709.0
1718808607.0764868,0.0,709.0
1718808607.2275214,0.0,709.0
1718808607.3794713,0.0,709.0
1718808607.5218596,0.0,709.0
1718808607.677009,0.0,709.0
1718808607.833864,0.0,709.0
1718808607.9894001,0.0,709.0
1718808608.1403449,0.0,709.0
1718808608.2961395,0.0,709.0
1718808608.5014815,0.0,709.0
1718808608.6912236,0.0,709.0
1718808608.8817863,0.0,709.0
1718808609.0546002,0.0,709.0
1718808609.2709625,0.0,709.0
1718808609.4121463,0.0,709.0
1718808609.5829825,0.0,709.0
1718808609.7492442,0.0,709.0
1718808609.8877084,0.0,709.0
1718808610.0284493,0.0,709.0
1718808610.1658757,0.0,709.0
1718808610.3049452,0.0,709.0
1718808610.440792,0.0,709.0
1718808610.579828,0.0,709.0
1718808610.7177224,0.0,709.0
1718808610.856512,0.0,709.0
1718808611.0241714,0.0,709.0
1718808611.179092,0.0,709.0
1718808611.3365989,0.0,709.0
1718808611.4950244,0.0,709.0
1718808611.6700766,0.0,709.0
1718808611.8763437,0.0,709.0
1718808612.0171413,0.0,709.0
1718808612.1855297,0.0,709.0
1718808612.327845,0.0,709.0
1718808612.486976,0.0,709.0
1718808612.66523,0.0,709.0
1718808612.8186498,0.0,709.0
1718808613.0238228,0.0,709.0
1718808613.2309391,0.0,709.0
1718808613.435541,0.0,709.0
1718808613.6179035,0.0,709.0
1718808613.7734027,0.0,709.0
1718808613.9791129,0.0,709.0
1718808614.1484425,0.0,709.0
1718808614.2968235,0.0,709.0
1718808614.4604764,0.0,709.0
1718808614.6197968,0.0,709.0
1718808614.7615747,0.0,709.0
1718808614.9052455,0.0,709.0
1718808615.0493093,0.0,709.0
1718808615.1890996,0.0,709.0
1718808615.3314583,0.0,709.0
1718808615.4758582,0.0,709.0
1718808615.6241293,0.0,709.0
1718808615.769464,0.0,709.0
1718808615.9440312,0.0,709.0
1718808616.110715,0.0,709.0
1718808616.2753224,0.0,709.0
1718808616.4415607,0.0,709.0
1718808616.626637,0.0,709.0
1718808616.775844,0.0,709.0
1718808616.932775,0.0,709.0
1718808617.0961282,0.0,709.0
1718808617.2484229,0.0,709.0
1718808617.4145927,0.0,709.0
1718808617.574487,0.0,709.0
1718808617.7276936,0.0,709.0
1718808617.8817282,0.0,709.0
1718808618.0282514,0.0,709.0
1718808618.2401202,0.0,709.0
1718808618.4505124,0.0,709.0
1718808618.6543968,0.0,709.0
1718808618.8232772,0.0,709.0
1718808619.0301325,0.0,709.0
1718808619.1900222,0.0,709.0
1718808619.3633804,0.0,709.0
1718808619.518163,0.0,709.0
1718808619.66682,0.0,709.0
1718808619.8080833,0.0,709.0
1718808619.9479654,0.0,709.0
1718808620.08615,0.0,709.0
1718808620.223746,0.0,709.0
1718808620.3603337,0.0,709.0
1718808620.4981365,0.0,709.0
1718808620.6356945,0.0,709.0
1718808620.777177,0.0,709.0
1718808620.9589694,0.0,709.0
1718808621.1237638,0.0,709.0
1718808621.2975552,0.0,709.0
1718808621.4695427,0.0,709.0
1718808621.6264222,0.0,709.0
1718808621.8082929,0.0,709.0
1718808621.9758542,0.0,709.0
1718808622.1259723,0.0,709.0
1718808622.2791793,0.0,709.0
1718808622.4231153,0.0,709.0
1718808622.5869513,0.0,709.0
1718808622.791392,0.0,709.0
1718808622.9948177,0.0,709.0
1718808623.1924047,0.0,709.0
1718808623.379273,0.0,709.0
1718808623.5299535,0.0,709.0
1718808623.6734283,0.0,709.0
1718808623.894129,0.0,709.0
1718808624.058107,0.0,709.0
1718808624.2117825,0.0,709.0
1718808624.3748782,0.0,709.0
1718808624.5240295,0.0,709.0
1718808624.6612957,0.0,709.0
1718808624.7988644,0.0,709.0
1718808624.937025,0.0,709.0
1718808625.0760922,0.0,709.0
1718808625.2135758,0.0,709.0
1718808625.3512182,0.0,709.0
1718808625.4898129,0.0,709.0
1718808625.6484544,0.0,709.0
1718808625.806113,0.0,709.0
1718808625.9720342,0.0,709.0
1718808626.1336074,0.0,709.0
1718808626.2923694,0.0,709.0
1718808626.4669712,0.0,709.0
1718808626.6171963,0.0,709.0
1718808626.7838435,0.0,709.0
1718808626.9410558,0.0,709.0
1718808627.0996034,0.0,709.0
1718808627.2667878,0.0,709.0
1718808627.4140346,0.0,709.0
1718808627.5719957,0.0,709.0
1718808627.7239795,0.0,709.0
1718808627.8691306,0.0,709.0
1718808628.0873373,0.0,709.0
1718808628.2857494,0.0,709.0
1718808628.487579,0.0,709.0
1718808628.651955,0.0,709.0
1718808628.8593109,0.0,709.0
1718808629.0154855,0.0,709.0
1718808629.1843119,0.0,709.0
1718808629.3353262,0.0,709.0
1718808629.4833255,0.0,709.0
1718808629.6208334,0.0,709.0
1718808629.7580788,0.0,709.0
1718808629.896553,0.0,709.0
1718808630.0337403,0.0,709.0
1718808630.1704812,0.0,709.0
1718808630.3096197,0.0,709.0
1718808630.4472377,0.0,709.0
1718808630.595842,0.0,709.0
1718808630.764343,0.0,709.0
1718808630.9373055,0.0,709.0
1718808631.0896537,0.0,709.0
1718808631.2512903,0.0,709.0
1718808631.411744,0.0,709.0
1718808631.5748086,0.0,709.0
1718808631.7170866,0.0,709.0
1718808631.8751898,0.0,709.0
1718808632.0223608,0.0,709.0
1718808632.1750948,0.0,709.0
1718808632.3473587,0.0,709.0
1718808632.5041234,0.0,709.0
1718808632.664423,0.0,709.0
1718808632.8105216,0.0,709.0
1718808632.9727573,0.0,709.0
1718808633.174769,0.0,709.0
1718808633.334516,0.0,709.0
1718808633.5313792,0.0,709.0
1718808633.7000613,0.0,709.0
1718808633.9085333,0.0,709.0
1718808634.0587146,0.0,709.0
1718808634.2247858,0.0,709.0
1718808634.3815427,0.0,709.0
1718808634.5277276,0.0,709.0
1718808634.6662064,0.0,709.0
1718808634.804959,0.0,709.0
1718808634.9428287,0.0,709.0
1718808635.079567,0.0,709.0
1718808635.21833,0.0,709.0
1718808635.3562605,0.0,709.0
1718808635.4936278,0.0,709.0
1718808635.6330974,0.0,709.0
1718808635.7982795,0.0,709.0
1718808635.956082,0.0,709.0
1718808636.1049826,0.0,709.0
1718808636.2653844,0.0,709.0
1718808636.4246418,0.0,709.0
1718808636.6076062,0.0,709.0
1718808636.7513897,0.0,709.0
1718808636.9068177,0.0,709.0
1718808637.0536847,0.0,709.0
1718808637.2190723,0.0,709.0
1718808637.3757544,0.0,709.0
1718808637.5552504,0.0,709.0
1718808637.7319715,0.0,709.0
1718808637.8738685,0.0,709.0
1718808638.0864298,0.0,709.0
1718808638.2945738,0.0,709.0
1718808638.4899142,0.0,709.0
1718808638.6598387,0.0,709.0
1718808638.855485,0.0,709.0
1718808639.0332186,0.0,709.0
1718808639.1975312,0.0,709.0
1718808639.360116,0.0,709.0
1718808639.5096676,0.0,709.0
1718808639.6475494,0.0,709.0
1718808639.7853749,0.0,709.0
1718808639.9245446,0.0,709.0
1718808640.0627146,0.0,709.0
1718808640.1997793,0.0,709.0
1718808640.3385758,0.0,709.0
1718808640.4769034,0.0,709.0
1718808640.6154115,0.0,709.0
1718808640.7683425,0.0,709.0
1718808640.9267693,0.0,709.0
1718808641.096689,0.0,709.0
1718808641.259216,0.0,709.0
1718808641.4237137,0.0,709.0
1718808641.595666,0.0,709.0
1718808641.750884,0.0,709.0
1718808641.9311275,0.0,709.0
1718808642.0767744,0.0,709.0
1718808642.2289028,0.0,709.0
1718808642.4111671,0.0,709.0
1718808642.582659,0.0,709.0
1718808642.7459986,0.0,709.0
1718808642.8981733,0.0,709.0
1718808643.0706613,0.0,709.0
1718808643.2723758,0.0,709.0
1718808643.4252112,0.0,709.0
1718808643.6285837,0.0,709.0
1718808643.80827,0.0,709.0
1718808644.0004625,0.0,709.0
1718808644.1516519,0.0,709.0
1718808644.3098886,0.0,709.0
1718808644.4587014,0.0,709.0
1718808644.6018674,0.0,709.0
1718808644.7412853,0.0,709.0
1718808644.8785954,0.0,709.0
1718808645.016735,0.0,709.0
1718808645.1540048,0.0,709.0
1718808645.292125,0.0,709.0
1718808645.4307144,0.0,709.0
1718808645.574237,0.0,709.0
1718808645.7581952,0.0,709.0
1718808645.9429543,0.0,709.0
1718808646.1067932,0.0,709.0
1718808646.2823532,0.0,709.0
1718808646.4578912,0.0,709.0
1718808646.6177092,0.0,709.0
1718808646.778456,0.0,709.0
1718808646.935976,0.0,709.0
1718808647.087838,0.0,709.0
1718808647.2362902,0.0,709.0
1718808647.3999484,0.0,709.0
1718808647.5587466,0.0,709.0
1718808647.710522,0.0,709.0
1718808647.853567,0.0,709.0
1718808648.0673618,0.0,709.0
1718808648.2724826,0.0,709.0
1718808648.471845,0.0,709.0
1718808648.6347654,0.0,709.0
1718808648.8454885,0.0,709.0
1718808649.0161734,0.0,709.0
1718808649.184726,0.0,709.0
1718808649.3398619,0.0,709.0
1718808649.4914594,0.0,709.0
1718808649.6298344,0.0,709.0
1718808649.7676468,0.0,709.0
1718808649.904926,0.0,709.0
1718808650.0433424,0.0,709.0
1718808650.1801963,0.0,709.0
1718808650.3181977,0.0,709.0
1718808650.4548318,0.0,709.0
1718808650.5921068,0.0,709.0
1718808650.7563682,0.0,709.0
1718808650.9084506,0.0,709.0
1718808651.0685453,0.0,709.0
1718808651.2268858,0.0,709.0
1718808651.3785806,0.0,709.0
1718808651.5728602,0.0,709.0
1718808651.7197893,0.0,709.0
1718808651.8772707,0.0,709.0
1718808652.0232008,0.0,709.0
1718808652.1827607,0.0,709.0
1718808652.3313665,0.0,709.0
1718808652.478184,0.0,709.0
1718808652.6514482,0.0,709.0
1718808652.806151,0.0,709.0
1718808652.9605174,0.0,709.0
1718808653.1744404,0.0,709.0
1718808653.3376997,0.0,709.0
1718808653.534013,0.0,709.0
1718808653.711316,0.0,709.0
1718808653.9151835,0.0,709.0
1718808654.062033,0.0,709.0
1718808654.2222052,0.0,709.0
1718808654.3729746,0.0,709.0
1718808654.51646,0.0,709.0
1718808654.6547494,0.0,709.0
1718808654.7924726,0.0,709.0
1718808654.929944,0.0,709.0
1718808655.0679448,0.0,709.0
1718808655.2073927,0.0,709.0
1718808655.3436277,0.0,709.0
1718808655.4818218,0.0,709.0
1718808655.654435,0.0,709.0
1718808655.8106363,0.0,709.0
1718808655.9838536,0.0,709.0
1718808656.1516356,0.0,709.0
1718808656.3156257,0.0,709.0
1718808656.4827228,0.0,709.0
1718808656.6377435,0.0,709.0
1718808656.8009613,0.0,709.0
1718808656.9491656,0.0,709.0
1718808657.097872,0.0,709.0
1718808657.2670631,0.0,709.0
1718808657.4340954,0.0,709.0
1718808657.5877378,0.0,709.0
1718808657.7307365,0.0,709.0
1718808657.9534967,0.0,709.0
1718808658.1557155,0.0,709.0
1718808658.3611543,0.0,709.0
1718808658.5243628,0.0,709.0
1718808658.7298732,0.0,709.0
1718808658.8871477,0.0,709.0
1718808659.0564005,0.0,709.0
1718808659.2051027,0.0,709.0
1718808659.3576443,0.0,709.0
1718808659.4950821,0.0,709.0
1718808659.6356297,0.0,709.0
1718808659.7741177,0.0,709.0
1718808659.9119463,0.0,709.0
1718808660.0485291,0.0,709.0
1718808660.1872005,0.0,709.0
1718808660.326144,0.0,709.0
1718808660.4659815,0.0,709.0
1718808660.625133,0.0,709.0
1718808660.7882807,0.0,709.0
1718808660.9661117,0.0,709.0
1718808661.1315355,0.0,709.0
1718808661.3056097,0.0,709.0
1718808661.5095384,0.0,709.0
1718808661.6592717,0.0,709.0
1718808661.8109891,0.0,709.0
1718808661.9515958,0.0,709.0
1718808662.1232402,0.0,709.0
1718808662.273339,0.0,709.0
1718808662.436131,0.0,709.0
1718808662.6010911,0.0,709.0
1718808662.747562,0.0,709.0
1718808662.962747,0.0,709.0
1718808663.1692288,0.0,709.0
1718808663.3992665,0.0,709.0
1718808663.5642107,0.0,709.0
1718808663.7769582,0.0,709.0
1718808663.9349046,0.0,709.0
1718808664.087443,0.0,709.0
1718808664.257474,0.0,709.0
1718808664.4028883,0.0,709.0
1718808664.54202,0.0,709.0
1718808664.6814022,0.0,709.0
1718808664.820394,0.0,709.0
1718808664.9592202,0.0,709.0
1718808665.097094,0.0,709.0
1718808665.236972,0.0,709.0
1718808665.3764744,0.0,709.0
1718808665.5154984,0.0,709.0
1718808665.6823199,0.0,709.0
1718808665.8470116,0.0,709.0
1718808666.0135214,0.0,709.0
1718808666.1805425,0.0,709.0
1718808666.3577595,0.0,709.0
1718808666.517053,0.0,709.0
1718808666.6752405,0.0,709.0
1718808666.8323023,0.0,709.0
1718808666.9822211,0.0,709.0
1718808667.1307545,0.0,709.0
1718808667.28572,0.0,709.0
1718808667.463074,0.0,709.0
1718808667.6215827,0.0,709.0
1718808667.7673402,0.0,709.0
1718808667.9786227,0.0,709.0
1718808668.1766376,0.0,709.0
1718808668.373609,0.0,709.0
1718808668.543782,0.0,709.0
1718808668.7492263,0.0,709.0
1718808668.9185581,0.0,709.0
1718808669.0893347,0.0,709.0
1718808669.2496452,0.0,709.0
1718808669.406508,0.0,709.0
1718808669.5471377,0.0,709.0
1718808669.6900296,0.0,709.0
1718808669.8348987,0.0,709.0
1718808669.9739795,0.0,709.0
1718808670.1155884,0.0,709.0
1718808670.2598193,0.0,709.0
1718808670.4064438,0.0,709.0
1718808670.5608234,0.0,709.0
1718808670.7312782,0.0,709.0
1718808670.898019,0.0,709.0
1718808671.0489585,0.0,709.0
1718808671.2056112,0.0,709.0
1718808671.3624074,0.0,709.0
1718808671.5336814,0.0,709.0
1718808671.7123053,0.0,709.0
1718808671.862555,0.0,709.0
1718808672.0347872,0.0,709.0
1718808672.1806846,0.0,709.0
1718808672.326209,0.0,709.0
1718808672.4779618,0.0,709.0
1718808672.6415427,0.0,709.0
1718808672.7985578,0.0,709.0
1718808672.9406197,0.0,709.0
1718808673.1714342,0.0,709.0
1718808673.3795352,0.0,709.0
1718808673.5772977,0.0,709.0
1718808673.7365718,0.0,709.0
1718808673.9437714,0.0,709.0
1718808674.1093004,0.0,709.0
1718808674.263231,0.0,709.0
1718808674.4305582,0.0,709.0
1718808674.579514,0.0,709.0
1718808674.7238464,0.0,709.0
