timestamp,gpu_util,gpu_mem
1719338289.2316842,0.0,4.0
1719338289.361694,0.0,4.0
1719338289.4912624,0.0,4.0
1719338289.6239865,0.0,21.0
1719338289.7644181,6.0,633.0
1719338289.892014,6.0,633.0
1719338290.020097,1.0,633.0
1719338290.2796504,0.0,633.0
1719338290.4077353,0.0,633.0
1719338290.5347922,0.0,633.0
1719338290.6614068,0.0,633.0
1719338290.7910676,0.0,633.0
1719338290.9190767,0.0,633.0
1719338291.0452983,0.0,633.0
1719338291.171169,0.0,633.0
1719338291.3020535,0.0,633.0
1719338291.4302146,0.0,633.0
1719338291.560062,0.0,633.0
1719338291.6880825,0.0,633.0
1719338291.8161263,0.0,633.0
1719338291.943659,0.0,633.0
1719338292.0709486,0.0,633.0
1719338292.1973734,0.0,633.0
1719338292.3236952,0.0,633.0
1719338292.4511678,0.0,633.0
1719338292.5934813,0.0,633.0
1719338292.7300677,0.0,633.0
1719338292.86269,0.0,633.0
1719338292.9958513,0.0,633.0
1719338293.1287665,0.0,633.0
1719338293.2586923,0.0,633.0
1719338293.387672,0.0,633.0
1719338293.5168169,0.0,633.0
1719338293.6461775,0.0,633.0
1719338293.7764738,0.0,633.0
1719338293.906782,0.0,633.0
1719338294.0362852,0.0,633.0
1719338294.164706,0.0,633.0
1719338294.2929034,0.0,633.0
1719338294.4214745,0.0,633.0
1719338294.553527,0.0,633.0
1719338294.6836152,0.0,633.0
1719338294.8191524,0.0,633.0
1719338294.953569,0.0,633.0
1719338295.0839837,0.0,633.0
1719338295.212341,0.0,633.0
1719338295.345024,0.0,633.0
1719338295.4743726,0.0,633.0
1719338295.6030755,0.0,633.0
1719338295.730734,0.0,633.0
1719338295.858335,0.0,633.0
1719338295.986579,0.0,633.0
1719338296.117069,0.0,633.0
1719338296.247743,0.0,633.0
1719338296.3768463,0.0,633.0
1719338296.5094695,0.0,633.0
1719338296.6400266,0.0,633.0
1719338296.7693377,0.0,633.0
1719338296.899607,0.0,633.0
1719338297.0292618,0.0,633.0
1719338297.1602101,0.0,633.0
1719338297.294458,0.0,633.0
1719338297.4253383,0.0,633.0
1719338297.5573113,0.0,633.0
1719338297.6883388,0.0,633.0
1719338297.8192468,0.0,633.0
1719338297.949138,0.0,633.0
1719338298.0777397,0.0,633.0
1719338298.2044022,0.0,633.0
1719338298.3342052,0.0,633.0
1719338298.4621603,0.0,633.0
1719338298.5926113,0.0,633.0
1719338298.7236745,0.0,633.0
1719338298.853595,0.0,633.0
1719338298.984464,0.0,633.0
1719338299.1147368,0.0,633.0
1719338299.2461157,0.0,633.0
1719338299.3780994,0.0,633.0
1719338299.508268,0.0,633.0
1719338299.6385894,0.0,633.0
1719338299.7704673,0.0,633.0
1719338299.8992584,0.0,633.0
1719338300.0279438,0.0,633.0
1719338300.1582386,0.0,633.0
1719338300.2854538,0.0,633.0
1719338300.4112482,0.0,633.0
1719338300.5423648,0.0,633.0
1719338300.6728406,0.0,633.0
1719338300.8026059,0.0,633.0
1719338300.9317036,0.0,633.0
1719338301.062111,0.0,633.0
1719338301.1900673,0.0,633.0
1719338301.3181067,0.0,633.0
1719338301.4482136,0.0,633.0
1719338301.576,0.0,633.0
1719338301.7041154,0.0,633.0
1719338301.8335836,0.0,633.0
1719338301.9646153,0.0,633.0
1719338302.0944386,0.0,633.0
1719338302.2254245,0.0,633.0
1719338302.35588,0.0,633.0
1719338302.4872143,0.0,633.0
1719338302.6194346,0.0,633.0
1719338302.7510471,0.0,633.0
1719338302.881929,0.0,633.0
1719338303.0126963,0.0,633.0
1719338303.1434758,0.0,633.0
1719338303.2757578,0.0,633.0
1719338303.4058948,0.0,633.0
1719338303.5353765,0.0,633.0
1719338303.6646879,0.0,633.0
1719338303.7947373,0.0,633.0
1719338303.922588,0.0,633.0
1719338304.0518248,0.0,633.0
1719338304.1817625,0.0,633.0
1719338304.3119693,0.0,633.0
1719338304.441226,0.0,633.0
1719338304.5697618,0.0,633.0
1719338304.7006536,0.0,633.0
1719338304.8312569,0.0,633.0
1719338304.9619482,0.0,633.0
1719338305.095056,0.0,633.0
1719338305.224863,0.0,633.0
1719338305.355513,0.0,633.0
1719338305.4868855,0.0,633.0
1719338305.6176019,0.0,633.0
1719338305.7477486,0.0,633.0
1719338305.8757148,0.0,633.0
1719338306.0052335,0.0,633.0
1719338306.1327972,0.0,633.0
1719338306.260923,0.0,633.0
1719338306.3879316,0.0,633.0
1719338306.5150068,0.0,633.0
1719338306.6420465,0.0,633.0
1719338306.7690492,0.0,633.0
1719338306.896803,0.0,633.0
1719338307.0247767,0.0,633.0
1719338307.1516335,0.0,633.0
1719338307.2784622,0.0,633.0
1719338307.4061372,0.0,633.0
1719338307.534557,0.0,633.0
1719338307.662136,0.0,633.0
1719338307.7890735,0.0,633.0
1719338307.9174528,0.0,633.0
1719338308.0481744,0.0,633.0
1719338308.1794217,0.0,633.0
1719338308.3101408,0.0,633.0
1719338308.4400253,0.0,633.0
1719338308.568439,0.0,633.0
1719338308.6982772,0.0,633.0
1719338308.8272645,0.0,633.0
1719338308.955055,0.0,633.0
1719338309.085507,0.0,633.0
1719338309.2167828,0.0,633.0
1719338309.3479185,0.0,633.0
1719338309.4800675,0.0,633.0
1719338309.6114283,0.0,633.0
1719338309.742802,0.0,633.0
1719338309.8738883,0.0,633.0
1719338310.0063677,0.0,633.0
1719338310.1382008,0.0,633.0
1719338310.2679107,0.0,633.0
1719338310.3991718,0.0,633.0
1719338310.5287557,0.0,633.0
1719338310.6568887,0.0,633.0
1719338310.7847247,0.0,633.0
1719338310.9138796,0.0,633.0
1719338311.0446343,0.0,633.0
1719338311.1766589,0.0,633.0
1719338311.3064013,0.0,633.0
1719338311.4348588,0.0,633.0
1719338311.5659895,0.0,633.0
1719338311.6943922,0.0,633.0
1719338311.8220701,0.0,633.0
1719338311.950819,0.0,633.0
1719338312.0806177,0.0,633.0
1719338312.209784,0.0,633.0
1719338312.337682,0.0,633.0
1719338312.4664147,0.0,633.0
1719338312.5970087,0.0,633.0
1719338312.726852,0.0,633.0
1719338312.859092,0.0,633.0
1719338312.9901526,0.0,633.0
1719338313.1233573,0.0,633.0
1719338313.2531385,0.0,633.0
1719338313.3841348,0.0,633.0
1719338313.5153897,0.0,633.0
1719338313.6434524,0.0,633.0
1719338313.7707639,0.0,633.0
1719338313.8978086,0.0,633.0
1719338314.0276477,0.0,633.0
1719338314.1544938,0.0,633.0
1719338314.2814915,0.0,633.0
1719338314.4082806,0.0,633.0
1719338314.5364122,0.0,633.0
1719338314.6629999,0.0,633.0
1719338314.7898684,0.0,633.0
1719338314.9165606,0.0,633.0
1719338315.0441318,0.0,633.0
1719338315.1718183,0.0,633.0
1719338315.2997613,0.0,633.0
1719338315.4266472,0.0,633.0
1719338315.5726268,0.0,633.0
1719338315.721244,0.0,633.0
1719338315.8740938,0.0,633.0
1719338316.038801,0.0,633.0
1719338316.1840734,0.0,633.0
1719338316.343148,0.0,633.0
1719338316.4881334,0.0,633.0
1719338316.627671,0.0,633.0
1719338316.7781167,0.0,633.0
1719338316.9184515,0.0,633.0
1719338317.079793,0.0,633.0
1719338317.225125,0.0,633.0
1719338317.378862,0.0,633.0
1719338317.5634131,0.0,633.0
1719338317.7468922,0.0,633.0
1719338317.9148426,0.0,633.0
1719338318.093844,0.0,633.0
1719338318.2477815,0.0,633.0
1719338318.4240654,0.0,633.0
1719338318.558007,0.0,633.0
1719338318.7155356,0.0,633.0
1719338318.862261,0.0,633.0
1719338318.995142,0.0,633.0
1719338319.1283855,0.0,789.0
1719338319.2608047,0.0,5539.0
1719338319.3958206,18.0,9189.0
1719338319.531433,18.0,30395.0
1719338319.6669238,94.0,30395.0
1719338319.8640265,65.0,49615.0
1719338320.0641913,100.0,49615.0
1719338320.248258,100.0,49617.0
1719338320.4040265,100.0,49619.0
1719338320.6153123,97.0,49633.0
1719338320.7838871,15.0,49633.0
1719338320.9292598,15.0,49633.0
1719338321.0812929,0.0,49633.0
1719338321.2398298,0.0,49633.0
1719338321.3937447,0.0,49633.0
1719338321.55163,0.0,49633.0
1719338321.7129662,0.0,49633.0
1719338321.923011,0.0,49633.0
1719338322.1234572,0.0,49633.0
1719338322.325918,0.0,49633.0
1719338322.5072005,0.0,49633.0
1719338322.6989772,0.0,49633.0
1719338322.8548899,0.0,49633.0
1719338323.029007,0.0,49633.0
1719338323.185423,0.0,49633.0
1719338323.3254237,0.0,49633.0
1719338323.4656515,0.0,49633.0
1719338323.6047957,8.0,49633.0
1719338323.7475998,100.0,49633.0
1719338323.888198,100.0,49633.0
1719338324.1029353,100.0,49633.0
1719338324.2617233,99.0,49633.0
1719338324.44317,100.0,49633.0
1719338324.6089294,100.0,49633.0
1719338324.7765236,74.0,49633.0
1719338324.9691556,0.0,49633.0
1719338325.123745,0.0,49633.0
1719338325.280177,0.0,49633.0
1719338325.4490457,0.0,49633.0
1719338325.6088107,0.0,49633.0
1719338325.7826178,0.0,49633.0
1719338325.9361246,0.0,49633.0
1719338326.1389139,0.0,49633.0
1719338326.3479283,0.0,49633.0
1719338326.5541523,0.0,49633.0
1719338326.7351253,0.0,49633.0
1719338326.9357724,0.0,49633.0
1719338327.0874286,0.0,49633.0
1719338327.2671304,0.0,49633.0
1719338327.430988,0.0,49633.0
1719338327.571575,0.0,49633.0
1719338327.7122023,0.0,49633.0
1719338327.8506594,7.0,49633.0
1719338327.9933558,100.0,49633.0
1719338328.1333268,100.0,49633.0
1719338328.3477516,100.0,49633.0
1719338328.5061781,99.0,49633.0
1719338328.6641767,100.0,49633.0
1719338328.8245559,100.0,49633.0
1719338328.9813383,100.0,49633.0
1719338329.1497657,74.0,49633.0
1719338329.32259,0.0,49633.0
1719338329.4723332,0.0,49633.0
1719338329.6320717,0.0,49633.0
1719338329.7943404,0.0,49633.0
1719338329.965915,0.0,49633.0
1719338330.1358132,0.0,49633.0
1719338330.3309348,0.0,49633.0
1719338330.5352926,0.0,49633.0
1719338330.7413564,0.0,49633.0
1719338330.910689,0.0,49633.0
1719338331.1023517,0.0,49633.0
1719338331.2654612,0.0,49633.0
1719338331.4336147,0.0,49633.0
1719338331.6109846,0.0,49633.0
1719338331.750785,0.0,49633.0
1719338331.8916023,0.0,49633.0
1719338332.0317984,34.0,49633.0
1719338332.1731277,34.0,49633.0
1719338332.3154156,100.0,49633.0
1719338332.459174,99.0,49633.0
1719338332.6090493,100.0,49633.0
1719338332.7784758,100.0,49633.0
1719338332.9641757,100.0,49633.0
1719338333.159897,100.0,49633.0
1719338333.328577,51.0,49633.0
1719338333.4722114,0.0,49633.0
1719338333.6391609,0.0,49633.0
1719338333.7999055,0.0,49633.0
1719338333.9503741,0.0,49633.0
1719338334.143274,0.0,49633.0
1719338334.3628879,0.0,49633.0
1719338334.5463207,0.0,49633.0
1719338334.734586,0.0,49633.0
1719338334.912446,0.0,49633.0
1719338335.1312494,0.0,49633.0
1719338335.2920554,0.0,49633.0
1719338335.4510114,0.0,49633.0
1719338335.6169322,0.0,49633.0
1719338335.7636724,0.0,49633.0
1719338335.9045727,0.0,49633.0
1719338336.0462387,4.0,49633.0
1719338336.186293,4.0,49633.0
1719338336.3289764,100.0,49633.0
1719338336.4674966,100.0,49633.0
