timestamp,gpu_util,gpu_mem
1719259113.2388842,0.0,4.0
1719259113.384641,0.0,4.0
1719259113.5199878,0.0,4.0
1719259113.6575732,0.0,21.0
1719259113.8015256,3.0,633.0
1719259113.9410188,3.0,633.0
1719259114.0801504,4.0,633.0
1719259114.2356505,0.0,633.0
1719259114.3962758,0.0,633.0
1719259114.5421202,0.0,633.0
1719259114.67821,0.0,633.0
1719259114.8109152,0.0,633.0
1719259114.9442956,0.0,633.0
1719259115.0743806,0.0,633.0
1719259115.2089481,0.0,633.0
1719259115.341891,0.0,633.0
1719259115.4736497,0.0,633.0
1719259115.6032643,0.0,633.0
1719259115.732587,0.0,633.0
1719259115.8619885,0.0,633.0
1719259115.9898813,0.0,633.0
1719259116.119024,0.0,633.0
1719259116.2562883,0.0,633.0
1719259116.3934815,0.0,633.0
1719259116.528801,0.0,633.0
1719259116.661909,0.0,633.0
1719259116.7976003,0.0,633.0
1719259116.9344497,0.0,633.0
1719259117.072169,0.0,633.0
1719259117.205959,0.0,633.0
1719259117.3386328,0.0,633.0
1719259117.470641,0.0,633.0
1719259117.6038501,0.0,633.0
1719259117.7376878,0.0,633.0
1719259117.8740695,0.0,633.0
1719259118.0086288,0.0,633.0
1719259118.143972,0.0,633.0
1719259118.2826395,0.0,633.0
1719259118.4182837,0.0,633.0
1719259118.5524492,0.0,633.0
1719259118.6904562,0.0,633.0
1719259118.8273566,0.0,633.0
1719259118.9623609,0.0,633.0
1719259119.0992951,0.0,633.0
1719259119.2353232,0.0,633.0
1719259119.3704793,0.0,633.0
1719259119.5053017,0.0,633.0
1719259119.6379173,0.0,633.0
1719259119.7705019,0.0,633.0
1719259119.9042938,0.0,633.0
1719259120.0401409,0.0,633.0
1719259120.1761189,0.0,633.0
1719259120.310195,0.0,633.0
1719259120.4467525,0.0,633.0
1719259120.5802586,0.0,633.0
1719259120.7159796,0.0,633.0
1719259120.8491056,0.0,633.0
1719259120.9828846,0.0,633.0
1719259121.1152132,0.0,633.0
1719259121.2507005,0.0,633.0
1719259121.3850136,0.0,633.0
1719259121.517951,0.0,633.0
1719259121.6505373,0.0,633.0
1719259121.781921,0.0,633.0
1719259121.9116185,0.0,633.0
1719259122.0468986,0.0,633.0
1719259122.1799932,0.0,633.0
1719259122.3120003,0.0,633.0
1719259122.4475293,0.0,633.0
1719259122.5839624,0.0,633.0
1719259122.7179034,0.0,633.0
1719259122.8522334,0.0,633.0
1719259122.9873612,0.0,633.0
1719259123.1198323,0.0,633.0
1719259123.2582672,0.0,633.0
1719259123.3920524,0.0,633.0
1719259123.5276928,0.0,633.0
1719259123.663232,0.0,633.0
1719259123.8362832,0.0,633.0
1719259123.9733741,0.0,633.0
1719259124.1086364,0.0,633.0
1719259124.2457783,0.0,633.0
1719259124.382294,0.0,633.0
1719259124.516146,0.0,633.0
1719259124.651399,0.0,633.0
1719259124.7873678,0.0,633.0
1719259124.980498,0.0,633.0
1719259125.114821,0.0,633.0
1719259125.2504735,0.0,633.0
1719259125.3880801,0.0,633.0
1719259125.523638,0.0,633.0
1719259125.660538,0.0,633.0
1719259125.7946854,0.0,633.0
1719259125.9295795,0.0,633.0
1719259126.124655,0.0,633.0
1719259126.2584934,0.0,633.0
1719259126.3940897,0.0,633.0
1719259126.529751,0.0,633.0
1719259126.6626017,0.0,633.0
1719259126.7978826,0.0,633.0
1719259126.9334521,0.0,633.0
1719259127.0708847,0.0,633.0
1719259127.2692907,0.0,633.0
1719259127.4053004,0.0,633.0
1719259127.5428083,0.0,633.0
1719259127.678331,0.0,633.0
1719259127.8133583,0.0,633.0
1719259127.9503093,0.0,633.0
1719259128.0877633,0.0,633.0
1719259128.2219298,0.0,633.0
1719259128.41463,0.0,633.0
1719259128.5523489,0.0,633.0
1719259128.6845102,0.0,633.0
1719259128.8152714,0.0,633.0
1719259128.9486752,0.0,633.0
1719259129.0791469,0.0,633.0
1719259129.2118206,0.0,633.0
1719259129.3423245,0.0,633.0
1719259129.4727232,0.0,633.0
1719259129.603817,0.0,633.0
1719259129.7336109,0.0,633.0
1719259129.8632524,0.0,633.0
1719259129.9938114,0.0,633.0
1719259130.1236773,0.0,633.0
1719259130.2554207,0.0,633.0
1719259130.3874037,0.0,633.0
1719259130.5201705,0.0,633.0
1719259130.7096252,0.0,633.0
1719259130.8433993,0.0,633.0
1719259130.9769368,0.0,633.0
1719259131.1123405,0.0,633.0
1719259131.2478948,0.0,633.0
1719259131.3805616,0.0,633.0
1719259131.514694,0.0,633.0
1719259131.649192,0.0,633.0
1719259131.8431413,0.0,633.0
1719259131.9766252,0.0,633.0
1719259132.1099098,0.0,633.0
1719259132.246146,0.0,633.0
1719259132.3812408,0.0,633.0
1719259132.5179334,0.0,633.0
1719259132.6540816,0.0,633.0
1719259132.7894754,0.0,633.0
1719259132.9840095,0.0,633.0
1719259133.1190786,0.0,633.0
1719259133.2557504,0.0,633.0
1719259133.392221,0.0,633.0
1719259133.5270073,0.0,633.0
1719259133.661108,0.0,633.0
1719259133.7938364,0.0,633.0
1719259133.9288685,0.0,633.0
1719259134.117906,0.0,633.0
1719259134.2650545,0.0,633.0
1719259134.3994472,0.0,633.0
1719259134.5335007,0.0,633.0
1719259134.668798,0.0,633.0
1719259134.8023746,0.0,633.0
1719259134.9347074,0.0,633.0
1719259135.0669422,0.0,633.0
1719259135.250443,0.0,633.0
1719259135.3844674,0.0,633.0
1719259135.5160005,0.0,633.0
1719259135.6526346,0.0,633.0
1719259135.7919695,0.0,633.0
1719259135.9271204,0.0,633.0
1719259136.0640655,0.0,633.0
1719259136.1996217,0.0,633.0
1719259136.367358,0.0,633.0
1719259136.502834,0.0,633.0
1719259136.63828,0.0,633.0
1719259136.7700918,0.0,633.0
1719259136.901387,0.0,633.0
1719259137.032757,0.0,633.0
1719259137.1649518,0.0,633.0
1719259137.2954245,0.0,633.0
1719259137.4614341,0.0,633.0
1719259137.5914204,0.0,633.0
1719259137.7207828,0.0,633.0
1719259137.8498976,0.0,633.0
1719259137.9789166,0.0,633.0
1719259138.109518,0.0,633.0
1719259138.239893,0.0,633.0
1719259138.3707166,0.0,633.0
1719259138.5001066,0.0,633.0
1719259138.6335788,0.0,633.0
1719259138.767157,0.0,633.0
1719259138.8996735,0.0,633.0
1719259139.0473142,0.0,633.0
1719259139.2024486,0.0,633.0
1719259139.3518553,0.0,633.0
1719259139.5074933,0.0,633.0
1719259139.7321084,0.0,633.0
1719259139.9250863,0.0,633.0
1719259140.086635,0.0,633.0
1719259140.2291133,0.0,633.0
1719259140.396808,0.0,633.0
1719259140.5425775,0.0,633.0
1719259140.6994548,0.0,633.0
1719259140.8973703,0.0,633.0
1719259141.0550513,0.0,633.0
1719259141.217479,0.0,633.0
1719259141.407472,0.0,633.0
1719259141.5695848,0.0,633.0
1719259141.7791424,0.0,633.0
1719259141.933032,0.0,633.0
1719259142.1184213,0.0,633.0
1719259142.2786722,0.0,633.0
1719259142.4429264,0.0,633.0
1719259142.598005,0.0,633.0
1719259142.7439792,0.0,633.0
1719259142.8847659,0.0,633.0
1719259143.0216298,0.0,633.0
1719259143.1603801,0.0,633.0
1719259143.2954721,0.0,633.0
1719259143.4272153,0.0,633.0
1719259143.6087668,0.0,633.0
1719259143.7450898,0.0,633.0
1719259143.8796272,0.0,633.0
1719259144.0638447,0.0,633.0
1719259144.2287555,0.0,633.0
1719259144.3949373,0.0,633.0
1719259144.5546672,0.0,633.0
1719259144.7102363,0.0,633.0
1719259144.883574,0.0,633.0
1719259145.026579,0.0,633.0
1719259145.173156,0.0,633.0
1719259145.3203866,0.0,633.0
1719259145.4771566,0.0,633.0
1719259145.640599,0.0,633.0
1719259145.7898483,0.0,633.0
1719259145.9486947,0.0,633.0
1719259146.1014247,0.0,633.0
1719259146.2853508,0.0,633.0
1719259146.4888294,0.0,633.0
1719259146.6368525,0.0,633.0
1719259146.82112,0.0,633.0
1719259146.9930253,0.0,633.0
1719259147.1798384,0.0,633.0
1719259147.318858,0.0,633.0
1719259147.493679,0.0,633.0
1719259147.6468785,0.0,633.0
1719259147.7943304,0.0,633.0
1719259147.93326,0.0,633.0
1719259148.0691023,0.0,633.0
1719259148.2041154,0.0,633.0
1719259148.3344269,0.0,633.0
1719259148.4710414,0.0,633.0
1719259148.6081827,0.0,633.0
1719259148.7433743,0.0,633.0
1719259148.9091558,0.0,633.0
1719259149.0694234,0.0,633.0
1719259149.2398498,0.0,633.0
1719259149.4112628,0.0,633.0
1719259149.6096919,0.0,633.0
1719259149.7557476,0.0,633.0
1719259149.928708,0.0,633.0
1719259150.0762565,0.0,633.0
1719259150.2304285,0.0,633.0
1719259150.4049866,0.0,633.0
1719259150.5595086,0.0,633.0
1719259150.7259357,0.0,633.0
1719259150.8744144,0.0,633.0
1719259151.0593574,0.0,633.0
1719259151.2561374,0.0,633.0
1719259151.4487,0.0,633.0
1719259151.6328294,0.0,633.0
1719259151.841217,0.0,633.0
1719259151.9799123,0.0,633.0
1719259152.1366315,0.0,633.0
1719259152.304685,0.0,633.0
1719259152.4666536,0.0,633.0
1719259152.6034396,0.0,633.0
1719259152.738966,0.0,633.0
1719259152.9001276,0.0,633.0
1719259153.0321321,0.0,633.0
1719259153.162826,0.0,633.0
1719259153.3053653,0.0,633.0
1719259153.4409633,0.0,633.0
1719259153.5762596,0.0,633.0
1719259153.7308276,0.0,633.0
1719259153.888213,0.0,633.0
1719259154.0429468,0.0,633.0
1719259154.2038462,0.0,633.0
1719259154.3625145,0.0,633.0
1719259154.525995,0.0,633.0
1719259154.6809278,0.0,633.0
1719259154.8451774,0.0,633.0
1719259155.0055435,0.0,633.0
1719259155.1457775,0.0,633.0
1719259155.3051143,0.0,633.0
1719259155.4780478,0.0,633.0
1719259155.623089,0.0,633.0
1719259155.7676828,0.0,633.0
1719259155.963744,0.0,633.0
1719259156.1615012,0.0,633.0
1719259156.3636897,0.0,633.0
1719259156.5355127,0.0,633.0
1719259156.7384043,0.0,633.0
1719259156.8808932,0.0,633.0
1719259157.0556037,0.0,633.0
1719259157.200261,0.0,633.0
1719259157.3409667,0.0,633.0
1719259157.4772277,0.0,633.0
1719259157.6146657,0.0,633.0
1719259157.749921,0.0,633.0
1719259157.8803678,0.0,633.0
1719259158.0087566,0.0,633.0
1719259158.1451082,0.0,633.0
1719259158.2798388,0.0,633.0
1719259158.4315877,0.0,633.0
1719259158.5841365,0.0,633.0
1719259158.7442384,0.0,633.0
1719259158.8929474,0.0,633.0
1719259159.053219,0.0,633.0
1719259159.1999598,0.0,633.0
1719259159.3599494,0.0,633.0
1719259159.515886,0.0,633.0
1719259159.6712568,0.0,633.0
1719259159.8169405,0.0,633.0
1719259159.9565687,0.0,633.0
1719259160.1117764,0.0,633.0
1719259160.2600381,0.0,633.0
1719259160.410528,0.0,633.0
1719259160.5628216,0.0,633.0
1719259160.7481706,0.0,633.0
1719259160.9474132,0.0,633.0
1719259161.1507711,0.0,633.0
1719259161.3038168,0.0,633.0
1719259161.4978385,0.0,633.0
1719259161.6730385,0.0,633.0
1719259161.8347085,0.0,633.0
1719259161.9896424,0.0,633.0
1719259162.1369944,0.0,633.0
1719259162.2778897,0.0,633.0
1719259162.4198248,0.0,633.0
1719259162.6225224,0.0,633.0
1719259162.762296,0.0,633.0
1719259162.9044082,0.0,633.0
1719259163.0463657,0.0,633.0
1719259163.2132823,0.0,633.0
1719259163.3715618,0.0,633.0
1719259163.5383933,0.0,633.0
1719259163.7229855,0.0,633.0
1719259163.8814766,0.0,633.0
1719259164.046087,0.0,633.0
1719259164.1837928,0.0,633.0
1719259164.345081,0.0,633.0
1719259164.4861753,0.0,633.0
1719259164.6495774,0.0,633.0
1719259164.8057792,0.0,633.0
1719259164.9612517,0.0,633.0
1719259165.1211367,0.0,633.0
1719259165.2683892,0.0,633.0
1719259165.4770088,0.0,633.0
1719259165.6968477,0.0,633.0
1719259165.9097128,0.0,633.0
1719259166.0715094,0.0,633.0
1719259166.2769837,0.0,633.0
1719259166.4442961,0.0,633.0
1719259166.603491,0.0,633.0
1719259166.7555382,0.0,633.0
1719259166.9041646,0.0,633.0
1719259167.038826,0.0,633.0
1719259167.174318,0.0,633.0
1719259167.3101559,0.0,633.0
1719259167.4408817,0.0,633.0
1719259167.569557,0.0,633.0
1719259167.7063608,0.0,633.0
1719259167.8431475,0.0,633.0
1719259167.9878466,0.0,633.0
1719259168.1562252,0.0,633.0
1719259168.3071263,0.0,633.0
1719259168.4547744,0.0,633.0
1719259168.6276858,0.0,633.0
1719259168.8018737,0.0,633.0
1719259168.9575486,0.0,633.0
1719259169.1569107,0.0,633.0
1719259169.3001132,0.0,633.0
1719259169.4502413,0.0,633.0
1719259169.6161706,0.0,633.0
1719259169.7927332,0.0,633.0
1719259169.9565265,0.0,633.0
1719259170.097029,0.0,633.0
1719259170.3012223,0.0,633.0
1719259170.5090697,0.0,633.0
1719259170.692701,0.0,633.0
1719259170.8661273,0.0,633.0
1719259171.070357,0.0,633.0
1719259171.2274404,0.0,633.0
1719259171.3705008,0.0,633.0
1719259171.5353582,0.0,633.0
1719259171.694777,0.0,633.0
1719259171.8296258,0.0,633.0
1719259171.9660797,0.0,633.0
1719259172.10188,0.0,633.0
1719259172.2335284,0.0,633.0
1719259172.365344,0.0,633.0
1719259172.501248,0.0,633.0
1719259172.6365857,0.0,633.0
1719259172.7825825,0.0,633.0
1719259172.931855,0.0,633.0
1719259173.0877478,0.0,633.0
1719259173.2434263,0.0,633.0
1719259173.4000576,0.0,633.0
1719259173.554524,0.0,633.0
1719259173.7426624,0.0,633.0
1719259173.8826945,0.0,633.0
1719259174.0468647,0.0,633.0
1719259174.186916,0.0,633.0
1719259174.336511,0.0,633.0
1719259174.49519,0.0,633.0
1719259174.7078319,0.0,633.0
1719259174.8686354,0.0,633.0
1719259175.0241446,0.0,633.0
1719259175.2140048,0.0,633.0
1719259175.3954997,0.0,633.0
1719259175.5711389,0.0,633.0
1719259175.770787,0.0,633.0
1719259175.9415436,0.0,633.0
1719259176.0884671,0.0,633.0
1719259176.2464275,0.0,633.0
1719259176.4188254,0.0,633.0
1719259176.5589094,0.0,633.0
1719259176.6982734,0.0,633.0
1719259176.834562,0.0,633.0
1719259176.966332,0.0,633.0
1719259177.1074674,0.0,633.0
1719259177.2516563,0.0,633.0
1719259177.3906338,0.0,633.0
1719259177.551103,0.0,633.0
1719259177.7059116,0.0,633.0
1719259177.8557496,0.0,633.0
1719259178.0080228,0.0,633.0
1719259178.2207298,0.0,633.0
1719259178.3977685,0.0,633.0
1719259178.541975,0.0,633.0
1719259178.676594,0.0,633.0
1719259178.8377552,0.0,633.0
1719259178.983334,0.0,633.0
1719259179.1282449,0.0,633.0
1719259179.347237,0.0,633.0
1719259179.5003133,0.0,633.0
1719259179.6482856,0.0,633.0
1719259179.8244383,0.0,633.0
1719259180.0250363,0.0,633.0
1719259180.1643763,0.0,633.0
1719259180.3525105,0.0,633.0
1719259180.4905078,0.0,633.0
1719259180.6788394,0.0,633.0
1719259180.842263,0.0,633.0
1719259181.0096686,0.0,633.0
1719259181.1643438,0.0,633.0
1719259181.3035307,0.0,633.0
1719259181.4411387,0.0,633.0
1719259181.577343,0.0,633.0
1719259181.7123725,0.0,633.0
1719259181.8429184,0.0,633.0
1719259181.9699786,0.0,633.0
1719259182.1028118,0.0,633.0
1719259182.239166,0.0,633.0
1719259182.3769064,0.0,633.0
1719259182.5268388,0.0,633.0
1719259182.6898408,0.0,633.0
1719259182.8620152,0.0,633.0
1719259183.0118575,0.0,633.0
1719259183.1719582,0.0,633.0
1719259183.3374329,0.0,633.0
1719259183.4805222,0.0,633.0
1719259183.6278398,0.0,633.0
1719259183.7690983,0.0,633.0
1719259183.9160879,0.0,633.0
1719259184.059461,0.0,633.0
1719259184.2199726,0.0,633.0
1719259184.374051,0.0,633.0
1719259184.5438344,0.0,633.0
1719259184.697123,0.0,633.0
1719259184.9010546,0.0,633.0
1719259185.0588992,0.0,633.0
1719259185.2491908,0.0,633.0
1719259185.3998308,0.0,633.0
1719259185.5926628,0.0,633.0
1719259185.7704918,0.0,633.0
1719259185.9180784,0.0,633.0
1719259186.0790887,0.0,633.0
1719259186.2300682,0.0,633.0
1719259186.365983,0.0,633.0
1719259186.5023494,0.0,633.0
1719259186.6370249,0.0,633.0
1719259186.7691123,0.0,633.0
1719259186.9033513,0.0,633.0
1719259187.0397058,0.0,633.0
1719259187.1801426,0.0,633.0
1719259187.3305848,0.0,633.0
1719259187.4897318,0.0,633.0
1719259187.6583688,0.0,633.0
1719259187.8200862,0.0,633.0
1719259187.9853323,0.0,633.0
1719259188.1441636,0.0,633.0
1719259188.293402,0.0,633.0
1719259188.443319,0.0,633.0
1719259188.5866513,0.0,633.0
1719259188.7270374,0.0,633.0
1719259188.8853204,0.0,633.0
1719259189.0592573,0.0,633.0
1719259189.2758331,0.0,633.0
1719259189.476441,0.0,633.0
1719259189.678159,0.0,633.0
1719259189.86448,0.0,633.0
1719259190.066946,0.0,633.0
1719259190.280353,0.0,633.0
1719259190.4716408,0.0,633.0
1719259190.628319,0.0,633.0
1719259190.7904556,0.0,633.0
1719259190.9300964,0.0,633.0
1719259191.070591,0.0,633.0
1719259191.2079496,0.0,633.0
1719259191.3427026,0.0,633.0
1719259191.5366955,0.0,633.0
1719259191.6737971,0.0,633.0
1719259191.8074338,0.0,633.0
1719259191.9438398,0.0,633.0
1719259192.0981627,0.0,633.0
1719259192.2421896,0.0,633.0
1719259192.4021137,0.0,633.0
1719259192.5697563,0.0,633.0
1719259192.7191215,0.0,633.0
1719259192.8831341,0.0,633.0
1719259193.027501,0.0,633.0
1719259193.1986978,0.0,633.0
1719259193.3584504,0.0,633.0
1719259193.5063982,0.0,633.0
1719259193.6661136,0.0,633.0
1719259193.8311894,0.0,633.0
1719259193.980917,0.0,633.0
1719259194.1332076,0.0,633.0
1719259194.3414814,0.0,633.0
1719259194.526211,0.0,633.0
1719259194.728493,0.0,633.0
1719259194.923979,0.0,633.0
1719259195.1047747,0.0,633.0
1719259195.2717447,0.0,633.0
1719259195.4254239,0.0,633.0
1719259195.5834193,0.0,633.0
1719259195.7222433,0.0,633.0
1719259195.859189,0.0,633.0
1719259196.0467365,0.0,633.0
1719259196.1825788,0.0,633.0
1719259196.3151844,0.0,633.0
1719259196.451023,0.0,633.0
1719259196.61182,0.0,633.0
1719259196.7755795,0.0,633.0
1719259196.945,0.0,633.0
1719259197.1123033,0.0,633.0
1719259197.26969,0.0,633.0
1719259197.4363663,0.0,633.0
1719259197.59357,0.0,633.0
1719259197.7431226,0.0,633.0
1719259197.910126,0.0,633.0
1719259198.0653338,0.0,633.0
1719259198.206047,0.0,633.0
1719259198.359379,0.0,633.0
1719259198.519513,0.0,633.0
1719259198.677606,0.0,633.0
1719259198.8183436,0.0,633.0
1719259199.0177016,0.0,633.0
1719259199.217892,0.0,633.0
1719259199.468092,0.0,633.0
1719259199.6075146,0.0,633.0
1719259199.7937503,0.0,633.0
1719259199.973818,0.0,633.0
1719259200.1380637,0.0,633.0
1719259200.2954347,0.0,633.0
1719259200.4434652,0.0,633.0
1719259200.615002,0.0,633.0
1719259200.75327,0.0,633.0
1719259200.8914459,0.0,633.0
1719259201.0227015,0.0,633.0
1719259201.1533976,0.0,633.0
1719259201.2918386,0.0,633.0
1719259201.428392,0.0,633.0
1719259201.5660758,0.0,633.0
1719259201.7565203,0.0,633.0
1719259201.9252977,0.0,633.0
1719259202.067506,0.0,633.0
1719259202.239324,0.0,633.0
1719259202.4050906,0.0,633.0
1719259202.5617044,0.0,633.0
1719259202.733202,0.0,633.0
1719259202.8978665,0.0,633.0
1719259203.0450876,0.0,633.0
1719259203.2015882,0.0,633.0
1719259203.3481824,0.0,633.0
1719259203.5125034,0.0,633.0
1719259203.669514,0.0,633.0
1719259203.8411233,0.0,633.0
1719259204.0447948,0.0,633.0
1719259204.1987164,0.0,633.0
1719259204.3999817,0.0,633.0
1719259204.5573914,0.0,633.0
1719259204.7450762,0.0,633.0
1719259204.9043295,0.0,633.0
1719259205.0653164,0.0,633.0
1719259205.2133675,0.0,633.0
1719259205.36613,0.0,633.0
1719259205.5026042,0.0,633.0
1719259205.6382468,0.0,633.0
1719259205.7730813,0.0,633.0
1719259205.905421,0.0,633.0
1719259206.039261,0.0,633.0
1719259206.1757612,0.0,633.0
1719259206.313397,0.0,633.0
1719259206.4897337,0.0,633.0
1719259206.647732,0.0,633.0
1719259206.7979183,0.0,633.0
1719259206.957102,0.0,633.0
1719259207.1154099,0.0,633.0
1719259207.2863967,0.0,633.0
1719259207.4292,0.0,633.0
1719259207.582782,0.0,633.0
1719259207.717877,0.0,633.0
1719259207.8703008,0.0,633.0
1719259208.0327,0.0,633.0
1719259208.1787438,0.0,633.0
1719259208.337874,0.0,633.0
1719259208.4976454,0.0,633.0
1719259208.6820788,0.0,633.0
1719259208.8847704,0.0,633.0
1719259209.092115,0.0,633.0
1719259209.2759628,0.0,633.0
1719259209.4865963,0.0,633.0
1719259209.6587377,0.0,633.0
1719259209.8208387,0.0,633.0
1719259209.9746954,0.0,633.0
1719259210.12181,0.0,633.0
1719259210.2589407,0.0,633.0
1719259210.395144,0.0,633.0
1719259210.5472972,0.0,633.0
1719259210.6798909,0.0,633.0
1719259210.8178523,0.0,633.0
1719259210.953502,0.0,633.0
1719259211.0883238,0.0,633.0
1719259211.26661,0.0,633.0
1719259211.429845,0.0,633.0
1719259211.5921547,0.0,633.0
1719259211.7450547,0.0,633.0
1719259211.9156315,0.0,633.0
1719259212.1035533,0.0,633.0
1719259212.252337,0.0,633.0
1719259212.4236007,0.0,633.0
1719259212.5827208,0.0,633.0
1719259212.7795784,0.0,633.0
1719259212.9275692,0.0,633.0
1719259213.0885923,0.0,633.0
1719259213.2609196,0.0,633.0
1719259213.4103782,0.0,633.0
1719259213.6135294,0.0,633.0
1719259213.7779362,0.0,633.0
1719259213.9662352,0.0,633.0
1719259214.1131449,0.0,633.0
1719259214.304385,0.0,633.0
1719259214.4765882,0.0,633.0
1719259214.6402895,0.0,633.0
1719259214.788851,0.0,633.0
1719259214.9296734,0.0,633.0
1719259215.0679138,0.0,633.0
1719259215.2123134,0.0,633.0
1719259215.3491688,0.0,633.0
1719259215.4829087,0.0,633.0
1719259215.6240368,0.0,633.0
1719259215.7658017,0.0,633.0
1719259215.9071226,0.0,633.0
1719259216.0677326,0.0,633.0
1719259216.2392302,0.0,633.0
1719259216.3881047,0.0,633.0
1719259216.5434213,0.0,633.0
1719259216.7126086,0.0,633.0
1719259216.8514092,0.0,633.0
1719259217.0081882,0.0,633.0
1719259217.1642618,0.0,633.0
1719259217.3090289,0.0,633.0
1719259217.453986,0.0,633.0
1719259217.6253765,0.0,633.0
1719259217.7838047,0.0,633.0
1719259217.9347272,0.0,633.0
1719259218.0767038,0.0,633.0
1719259218.2691655,0.0,633.0
1719259218.4778209,0.0,633.0
1719259218.671369,0.0,633.0
1719259218.8466015,0.0,633.0
1719259219.0325773,0.0,633.0
1719259219.215607,0.0,633.0
1719259219.377994,0.0,633.0
1719259219.5259874,0.0,633.0
1719259219.6772163,0.0,633.0
1719259219.8135557,0.0,633.0
1719259219.9492779,0.0,633.0
1719259220.0854976,0.0,633.0
1719259220.217748,0.0,633.0
1719259220.3527555,0.0,633.0
1719259220.489537,0.0,633.0
1719259220.6236365,0.0,633.0
1719259220.7974608,0.0,633.0
1719259220.9697814,0.0,633.0
1719259221.1323528,0.0,633.0
1719259221.299316,0.0,633.0
1719259221.4524603,0.0,633.0
1719259221.6245515,0.0,633.0
1719259221.765173,0.0,633.0
1719259221.9216511,0.0,633.0
1719259222.066845,0.0,633.0
1719259222.2216086,0.0,633.0
1719259222.3866916,0.0,633.0
1719259222.5430799,0.0,633.0
1719259222.6980767,0.0,633.0
1719259222.8665848,0.0,633.0
1719259223.0583851,0.0,633.0
1719259223.2617054,0.0,633.0
1719259223.4772882,0.0,633.0
1719259223.6841385,0.0,633.0
1719259223.9196684,0.0,633.0
1719259224.0845609,0.0,633.0
1719259224.2444863,0.0,633.0
1719259224.4030645,0.0,633.0
1719259224.5432372,0.0,633.0
1719259224.67981,0.0,633.0
1719259224.8151135,0.0,633.0
1719259224.9521108,0.0,633.0
1719259225.0824957,0.0,633.0
1719259225.2194583,0.0,633.0
1719259225.3557127,0.0,633.0
1719259225.49111,0.0,633.0
1719259225.676304,0.0,633.0
1719259225.8474567,0.0,633.0
1719259225.9940252,0.0,633.0
1719259226.170058,0.0,633.0
1719259226.3299098,0.0,633.0
1719259226.5196006,0.0,633.0
1719259226.6774175,0.0,633.0
1719259226.8283234,0.0,633.0
1719259226.9761088,0.0,633.0
1719259227.1502342,0.0,633.0
1719259227.2963812,0.0,633.0
1719259227.4550545,0.0,633.0
1719259227.6028302,0.0,633.0
1719259227.7788596,0.0,633.0
1719259227.9815996,0.0,633.0
1719259228.1299107,0.0,633.0
1719259228.3612947,0.0,633.0
1719259228.5680308,0.0,633.0
1719259228.7176394,0.0,633.0
1719259228.8742669,0.0,633.0
1719259229.041945,0.0,633.0
1719259229.2057683,0.0,633.0
1719259229.341859,0.0,633.0
1719259229.478318,0.0,633.0
1719259229.614731,0.0,633.0
1719259229.7485507,0.0,633.0
1719259229.879786,0.0,633.0
1719259230.016213,0.0,633.0
1719259230.1530163,0.0,633.0
1719259230.295199,0.0,633.0
1719259230.4649189,0.0,633.0
1719259230.6285043,0.0,633.0
1719259230.7942488,0.0,633.0
1719259230.9565191,0.0,633.0
1719259231.1222568,0.0,633.0
1719259231.3033793,0.0,633.0
1719259231.4603393,0.0,633.0
1719259231.6272268,0.0,633.0
1719259231.7869043,0.0,633.0
1719259231.9243178,0.0,633.0
1719259232.0809655,0.0,633.0
1719259232.2415845,0.0,633.0
1719259232.39096,0.0,633.0
1719259232.5434191,0.0,633.0
1719259232.7456875,0.0,633.0
1719259232.9414737,0.0,633.0
1719259233.131389,0.0,633.0
1719259233.2804794,0.0,633.0
1719259233.4610662,0.0,633.0
1719259233.6090603,0.0,633.0
1719259233.7572355,0.0,633.0
1719259233.9147046,0.0,633.0
1719259234.0643291,0.0,633.0
1719259234.200047,0.0,633.0
1719259234.3356762,0.0,633.0
1719259234.4720862,0.0,633.0
1719259234.6060646,0.0,633.0
1719259234.737277,0.0,633.0
1719259234.8752108,0.0,633.0
1719259235.0099144,0.0,633.0
1719259235.1593342,0.0,633.0
1719259235.3272789,0.0,633.0
1719259235.4871447,0.0,633.0
1719259235.6377277,0.0,633.0
1719259235.7963164,0.0,633.0
1719259235.9542437,0.0,633.0
1719259236.0994613,0.0,633.0
1719259236.2675529,0.0,633.0
1719259236.4104712,0.0,633.0
1719259236.564204,0.0,633.0
1719259236.7272036,0.0,633.0
1719259236.8849027,0.0,633.0
1719259237.040944,0.0,633.0
1719259237.1953087,0.0,633.0
1719259237.3883727,0.0,633.0
1719259237.586076,0.0,633.0
1719259237.7826614,0.0,633.0
1719259237.9635663,0.0,633.0
1719259238.1543586,0.0,633.0
1719259238.3161774,0.0,633.0
1719259238.4672294,0.0,633.0
1719259238.6132734,0.0,633.0
1719259238.7596834,0.0,633.0
1719259238.8955383,0.0,633.0
1719259239.0325522,0.0,633.0
1719259239.1678329,0.0,633.0
1719259239.3009639,0.0,633.0
1719259239.431069,0.0,633.0
1719259239.5684018,0.0,633.0
1719259239.7037747,0.0,633.0
1719259239.841112,0.0,633.0
1719259240.0086017,0.0,633.0
1719259240.2025864,0.0,633.0
1719259240.3702958,0.0,633.0
1719259240.5325897,0.0,633.0
1719259240.6934288,0.0,633.0
1719259240.8628204,0.0,633.0
1719259241.0258894,0.0,633.0
1719259241.1800337,0.0,633.0
1719259241.330969,0.0,633.0
1719259241.479669,0.0,633.0
1719259241.6390626,0.0,633.0
1719259241.7951112,0.0,633.0
1719259241.9624805,0.0,633.0
1719259242.1280596,0.0,633.0
1719259242.321769,0.0,633.0
1719259242.4770155,0.0,633.0
1719259242.7200773,0.0,633.0
1719259242.9061797,0.0,633.0
1719259243.0883188,0.0,633.0
1719259243.234956,0.0,633.0
1719259243.3871648,0.0,633.0
1719259243.5371819,0.0,633.0
1719259243.6865582,0.0,633.0
1719259243.825511,0.0,633.0
1719259243.9620035,0.0,633.0
1719259244.0957265,0.0,633.0
1719259244.2314246,0.0,633.0
1719259244.369501,0.0,633.0
1719259244.504307,0.0,633.0
1719259244.679365,0.0,633.0
1719259244.8369172,0.0,633.0
1719259244.9911976,0.0,633.0
1719259245.1639435,0.0,633.0
1719259245.3277915,0.0,633.0
1719259245.480433,0.0,633.0
1719259245.6231272,0.0,633.0
1719259245.7885888,0.0,633.0
1719259245.9614282,0.0,633.0
1719259246.1032789,0.0,633.0
1719259246.2673862,0.0,633.0
1719259246.4283113,0.0,633.0
1719259246.5912073,0.0,633.0
1719259246.7504594,0.0,633.0
1719259246.9434435,0.0,633.0
1719259247.1115386,0.0,633.0
1719259247.301177,0.0,633.0
1719259247.4498467,0.0,633.0
1719259247.6505456,0.0,633.0
1719259247.81739,0.0,633.0
1719259247.976271,0.0,633.0
1719259248.1294072,0.0,633.0
1719259248.2714157,0.0,633.0
1719259248.4075449,0.0,633.0
1719259248.5442634,0.0,633.0
1719259248.6795487,0.0,633.0
1719259248.811264,0.0,633.0
1719259248.9399662,0.0,633.0
1719259249.0770934,0.0,633.0
1719259249.2135603,0.0,633.0
1719259249.3925061,0.0,633.0
1719259249.5840776,0.0,633.0
1719259249.7396412,0.0,633.0
1719259249.9010339,0.0,633.0
1719259250.0694444,0.0,633.0
1719259250.2340906,0.0,633.0
1719259250.409281,0.0,633.0
1719259250.5639036,0.0,633.0
1719259250.7270458,0.0,633.0
1719259250.8987908,0.0,633.0
1719259251.068928,0.0,633.0
1719259251.2266726,0.0,633.0
1719259251.3763995,0.0,633.0
1719259251.530512,0.0,633.0
1719259251.725439,0.0,633.0
1719259251.9297566,0.0,633.0
1719259252.100572,0.0,633.0
1719259252.2948952,0.0,633.0
1719259252.490152,0.0,633.0
1719259252.646347,0.0,633.0
1719259252.7880461,0.0,633.0
1719259252.9679844,0.0,633.0
1719259253.1222353,0.0,633.0
1719259253.2596924,0.0,633.0
1719259253.396559,0.0,633.0
1719259253.5316358,0.0,633.0
1719259253.6636996,0.0,633.0
1719259253.7928915,0.0,633.0
1719259253.9289846,0.0,633.0
1719259254.0638733,0.0,633.0
1719259254.199338,0.0,633.0
1719259254.363182,0.0,633.0
1719259254.536672,0.0,633.0
1719259254.6861107,0.0,633.0
1719259254.839984,0.0,633.0
1719259255.0102904,0.0,633.0
1719259255.1572027,0.0,633.0
1719259255.3134956,0.0,633.0
1719259255.4684496,0.0,633.0
1719259255.6265328,0.0,633.0
1719259255.7899215,0.0,633.0
1719259255.9577324,0.0,633.0
1719259256.1175573,0.0,633.0
1719259256.2644374,0.0,633.0
1719259256.4091794,0.0,633.0
1719259256.6159718,0.0,633.0
1719259256.7899837,0.0,633.0
1719259256.98238,0.0,633.0
1719259257.1333783,0.0,633.0
1719259257.3275528,0.0,633.0
1719259257.4722977,0.0,633.0
1719259257.615024,0.0,633.0
1719259257.758734,0.0,633.0
1719259257.9251103,0.0,633.0
1719259258.065752,0.0,633.0
1719259258.2019455,0.0,633.0
1719259258.337132,0.0,633.0
1719259258.473589,0.0,633.0
1719259258.6032987,0.0,633.0
1719259258.735855,0.0,633.0
1719259258.9331052,0.0,633.0
1719259259.069341,0.0,633.0
1719259259.2389693,0.0,633.0
1719259259.4015968,0.0,633.0
1719259259.5562558,0.0,633.0
1719259259.72582,0.0,633.0
1719259259.8745632,0.0,633.0
1719259260.090463,0.0,633.0
1719259260.2425888,0.0,633.0
1719259260.4102795,0.0,633.0
1719259260.5674384,0.0,633.0
1719259260.705174,0.0,633.0
1719259260.858472,0.0,633.0
1719259261.0163093,0.0,633.0
1719259261.2269146,0.0,633.0
1719259261.3895786,0.0,633.0
1719259261.584411,0.0,633.0
1719259261.759032,0.0,633.0
1719259261.9499516,0.0,633.0
1719259262.100338,0.0,633.0
1719259262.3292847,0.0,633.0
1719259262.4846244,0.0,633.0
1719259262.639529,0.0,633.0
1719259262.7987635,0.0,633.0
1719259262.9387977,0.0,633.0
1719259263.074576,0.0,633.0
1719259263.2101667,0.0,633.0
1719259263.347327,0.0,633.0
1719259263.4768898,0.0,633.0
1719259263.6132038,0.0,633.0
1719259263.7501264,0.0,633.0
1719259263.8840902,0.0,633.0
1719259264.0434847,0.0,633.0
1719259264.204854,0.0,633.0
1719259264.3543293,0.0,633.0
1719259264.5047505,0.0,633.0
1719259264.6729486,0.0,633.0
1719259264.848937,0.0,633.0
1719259264.9868865,0.0,633.0
1719259265.1477637,0.0,633.0
1719259265.293538,0.0,633.0
1719259265.4401536,0.0,633.0
1719259265.6006153,0.0,633.0
1719259265.7542722,0.0,633.0
1719259265.910239,0.0,633.0
1719259266.0658267,0.0,633.0
1719259266.2743382,0.0,633.0
1719259266.466307,0.0,633.0
1719259266.6688287,0.0,633.0
1719259266.8704414,0.0,633.0
1719259267.0744755,0.0,633.0
1719259267.235545,0.0,633.0
1719259267.3874855,0.0,633.0
1719259267.5381753,0.0,633.0
1719259267.6943781,0.0,633.0
1719259267.8309276,0.0,633.0
1719259267.967543,0.0,633.0
1719259268.1037328,0.0,633.0
1719259268.2389145,0.0,633.0
1719259268.3720686,0.0,633.0
1719259268.508915,0.0,633.0
1719259268.6456525,0.0,633.0
1719259268.7810545,0.0,633.0
1719259268.9631202,0.0,633.0
1719259269.1168897,0.0,633.0
1719259269.2823942,0.0,633.0
1719259269.4451046,0.0,633.0
1719259269.6262295,0.0,633.0
1719259269.7877898,0.0,633.0
1719259269.937049,0.0,633.0
1719259270.102477,0.0,633.0
1719259270.2570815,0.0,633.0
1719259270.398126,0.0,633.0
1719259270.5477545,0.0,633.0
1719259270.7005584,0.0,633.0
1719259270.8480883,0.0,633.0
1719259270.9891655,0.0,633.0
1719259271.184211,0.0,633.0
1719259271.394533,0.0,633.0
1719259271.6009674,0.0,633.0
1719259271.769369,0.0,633.0
1719259271.9608433,0.0,633.0
1719259272.1395478,0.0,633.0
1719259272.2938015,0.0,633.0
1719259272.449637,0.0,633.0
1719259272.5915346,0.0,633.0
1719259272.7262044,0.0,633.0
1719259272.8629563,0.0,633.0
1719259272.9983172,0.0,633.0
1719259273.1334615,0.0,633.0
1719259273.2931125,0.0,633.0
1719259273.430859,0.0,633.0
1719259273.566414,0.0,633.0
1719259273.7373745,0.0,633.0
1719259273.895362,0.0,633.0
1719259274.057292,0.0,633.0
1719259274.2147863,0.0,633.0
1719259274.4040885,0.0,633.0
1719259274.556363,0.0,633.0
1719259274.6955256,0.0,633.0
1719259274.8545527,0.0,633.0
1719259274.9984512,0.0,633.0
1719259275.1546216,0.0,633.0
1719259275.3187413,0.0,633.0
1719259275.487634,0.0,633.0
1719259275.6503098,0.0,633.0
1719259275.798283,0.0,633.0
1719259275.9865382,0.0,633.0
1719259276.1939704,0.0,633.0
1719259276.4076285,0.0,633.0
1719259276.6016552,0.0,633.0
1719259276.8046458,0.0,633.0
1719259276.9778922,0.0,633.0
1719259277.144416,0.0,633.0
1719259277.2976594,0.0,633.0
1719259277.4493556,0.0,633.0
1719259277.5855727,0.0,633.0
1719259277.7220483,0.0,633.0
1719259277.858463,0.0,633.0
1719259277.9922922,0.0,633.0
1719259278.1246672,0.0,633.0
1719259278.2626235,0.0,633.0
1719259278.400308,0.0,633.0
1719259278.5373333,0.0,633.0
1719259278.703513,0.0,633.0
1719259278.872718,0.0,633.0
1719259279.031533,0.0,633.0
1719259279.1895187,0.0,633.0
1719259279.354732,0.0,633.0
1719259279.519836,0.0,633.0
1719259279.6679637,0.0,633.0
1719259279.818083,0.0,633.0
1719259279.959194,0.0,633.0
1719259280.1255403,0.0,633.0
1719259280.3033206,0.0,633.0
1719259280.456977,0.0,633.0
1719259280.6148055,0.0,633.0
1719259280.769122,0.0,633.0
1719259280.947277,0.0,633.0
1719259281.1556664,0.0,633.0
1719259281.306438,0.0,633.0
1719259281.5087168,0.0,633.0
1719259281.6822207,0.0,633.0
1719259281.867234,0.0,633.0
1719259282.0166278,0.0,633.0
1719259282.1917915,0.0,633.0
1719259282.3531163,0.0,633.0
1719259282.4957707,0.0,633.0
1719259282.633739,0.0,633.0
1719259282.7710147,0.0,633.0
1719259282.9073036,0.0,633.0
1719259283.0426817,0.0,633.0
1719259283.1821985,0.0,633.0
1719259283.3193924,0.0,633.0
1719259283.4579043,0.0,633.0
1719259283.6276684,0.0,633.0
1719259283.7945287,0.0,633.0
1719259283.9450617,0.0,633.0
1719259284.137355,0.0,633.0
1719259284.3149602,0.0,633.0
1719259284.461417,0.0,633.0
1719259284.6286914,0.0,633.0
1719259284.7784343,0.0,633.0
1719259284.9379973,0.0,633.0
1719259285.106768,0.0,633.0
1719259285.2513897,0.0,633.0
1719259285.408422,0.0,633.0
1719259285.560948,0.0,633.0
1719259285.7009778,0.0,633.0
1719259285.9004495,0.0,633.0
1719259286.080642,0.0,633.0
1719259286.2744222,0.0,633.0
1719259286.431212,0.0,633.0
1719259286.6350088,0.0,633.0
1719259286.809685,0.0,633.0
1719259286.9779828,0.0,633.0
1719259287.1384234,0.0,633.0
1719259287.2822132,0.0,633.0
1719259287.4207022,0.0,633.0
1719259287.56437,0.0,633.0
1719259287.70144,0.0,633.0
1719259287.8375175,0.0,633.0
1719259287.9758942,0.0,633.0
1719259288.1139197,0.0,633.0
1719259288.251772,0.0,633.0
1719259288.417131,0.0,633.0
1719259288.5728302,0.0,633.0
1719259288.7231863,0.0,633.0
1719259288.886828,0.0,633.0
1719259289.0615737,0.0,633.0
1719259289.2532322,0.0,633.0
1719259289.4020948,0.0,633.0
1719259289.5823088,0.0,633.0
1719259289.7300007,0.0,633.0
1719259289.8738632,0.0,633.0
1719259290.0288882,0.0,633.0
1719259290.1954987,0.0,633.0
1719259290.3529847,0.0,633.0
1719259290.5003374,0.0,633.0
1719259290.6920085,0.0,633.0
1719259290.8903632,0.0,633.0
1719259291.0851104,0.0,633.0
1719259291.2847447,0.0,633.0
1719259291.4900684,0.0,633.0
1719259291.6525016,0.0,633.0
1719259291.799682,0.0,633.0
1719259291.9668946,0.0,633.0
1719259292.1405628,0.0,633.0
1719259292.2829645,0.0,633.0
1719259292.4221106,0.0,633.0
1719259292.5615852,0.0,633.0
1719259292.6988516,0.0,633.0
1719259292.836555,0.0,633.0
1719259292.975988,0.0,633.0
1719259293.1148896,0.0,633.0
1719259293.2522147,0.0,633.0
1719259293.421394,0.0,633.0
1719259293.6020014,0.0,633.0
1719259293.7651553,0.0,633.0
1719259293.9222083,0.0,633.0
1719259294.0911534,0.0,633.0
1719259294.2698305,0.0,633.0
1719259294.4207392,0.0,633.0
1719259294.5920653,0.0,633.0
1719259294.7508688,0.0,2457.0
1719259294.922331,7.0,7715.0
1719259295.1151915,33.0,25799.0
1719259295.2802436,84.0,30409.0
1719259295.4523222,90.0,32713.0
1719259295.6227221,58.0,49629.0
1719259295.7972407,99.0,49629.0
1719259296.036128,99.0,49633.0
1719259296.2117949,95.0,49645.0
1719259296.4702423,4.0,49645.0
1719259296.7942955,100.0,49645.0
1719259296.9913905,95.0,49645.0
1719259297.173658,95.0,49645.0
1719259297.3434918,100.0,49645.0
1719259297.4963577,100.0,49645.0
1719259297.6530962,100.0,49645.0
1719259297.812184,60.0,49645.0
1719259297.9787896,60.0,49645.0
1719259298.1508815,67.0,49645.0
1719259298.304204,100.0,49645.0
1719259298.4595919,100.0,49645.0
1719259298.6309135,100.0,49645.0
1719259298.8370328,100.0,49645.0
1719259299.025811,93.0,49645.0
1719259299.2687738,33.0,49645.0
1719259299.464771,100.0,49645.0
1719259299.662149,99.0,49645.0
1719259299.8323717,100.0,49645.0
1719259299.9994388,100.0,49645.0
1719259300.1720204,100.0,49645.0
1719259300.3956873,100.0,49645.0
1719259300.6380985,29.0,49645.0
1719259300.831117,94.0,49645.0
1719259301.0102282,100.0,49645.0
1719259301.2783241,100.0,49645.0
1719259301.5367944,100.0,49645.0
1719259301.7796748,63.0,49645.0
1719259302.0182257,63.0,49645.0
1719259302.2343507,100.0,49645.0
1719259302.442279,100.0,49645.0
1719259302.6924167,100.0,49645.0
1719259302.8515766,97.0,49645.0
1719259303.0064654,97.0,49645.0
1719259303.1597881,48.0,49645.0
1719259303.3146162,100.0,49645.0
1719259303.4700637,99.0,49645.0
1719259303.6254094,99.0,49645.0
1719259303.8053982,100.0,49645.0
1719259304.0009544,100.0,49645.0
1719259304.1971166,100.0,49645.0
1719259304.380153,26.0,49645.0
1719259304.5732179,100.0,49645.0
1719259304.7665415,99.0,49645.0
1719259304.9585786,100.0,49645.0
1719259305.1321075,100.0,49645.0
1719259305.2933097,100.0,49645.0
1719259305.4687223,47.0,49645.0
1719259305.6667438,65.0,49645.0
1719259305.839156,100.0,49645.0
1719259306.057482,100.0,49645.0
1719259306.2313879,100.0,49645.0
1719259306.4653502,100.0,49645.0
1719259306.7150352,97.0,49645.0
1719259306.9816942,0.0,49645.0
1719259307.29046,75.0,49645.0
1719259307.483448,98.0,49645.0
1719259307.6769273,100.0,49645.0
1719259307.8674188,100.0,49645.0
1719259308.0320039,100.0,49645.0
1719259308.1957135,86.0,49645.0
1719259308.3493268,62.0,49645.0
1719259308.5042226,100.0,49645.0
1719259308.661972,100.0,49645.0
1719259308.8170407,99.0,49645.0
1719259308.9725857,100.0,49645.0
1719259309.1341813,100.0,49645.0
1719259309.3157895,99.0,49645.0
1719259309.558932,10.0,49645.0
1719259309.748815,100.0,49645.0
1719259309.934017,98.0,49645.0
1719259310.1405852,100.0,49645.0
1719259310.3232114,100.0,49645.0
1719259310.5123227,100.0,49645.0
1719259310.6986086,100.0,49645.0
1719259310.9056194,51.0,49645.0
1719259311.0928516,75.0,49645.0
1719259311.3133497,98.0,49645.0
1719259311.5013232,100.0,49645.0
1719259311.6755857,100.0,49645.0
1719259311.8609114,84.0,49645.0
1719259312.1187,27.0,49645.0
1719259312.3114707,100.0,49645.0
1719259312.5836205,99.0,49645.0
1719259312.8478491,100.0,49645.0
1719259313.0288975,100.0,49645.0
1719259313.255753,100.0,49645.0
1719259313.4458666,33.0,49645.0
1719259313.602815,93.0,49645.0
1719259313.7754776,100.0,49645.0
1719259313.9403338,99.0,49645.0
1719259314.0948608,99.0,49645.0
1719259314.2571516,100.0,49645.0
1719259314.4231434,100.0,49645.0
1719259314.5924842,68.0,49645.0
1719259314.7520492,68.0,49645.0
1719259314.9303434,100.0,49645.0
1719259315.123153,100.0,49645.0
1719259315.3065233,100.0,49645.0
1719259315.5008717,100.0,49645.0
1719259315.6979115,100.0,49645.0
1719259315.881984,92.0,49645.0
1719259316.0834458,53.0,49645.0
1719259316.2497332,100.0,49645.0
1719259316.4236882,99.0,49645.0
1719259316.6375563,100.0,49645.0
1719259316.8230977,100.0,49645.0
1719259317.030994,100.0,49645.0
1719259317.1941302,33.0,49645.0
1719259317.4330437,100.0,49645.0
1719259317.6676323,98.0,49645.0
1719259317.9267209,100.0,49645.0
1719259318.2427568,100.0,49645.0
1719259318.4262977,37.0,49645.0
1719259318.6176138,92.0,49645.0
1719259318.8021219,100.0,49645.0
1719259318.9807086,99.0,49645.0
1719259319.137006,99.0,49645.0
1719259319.2914605,100.0,49645.0
1719259319.4459434,100.0,49645.0
1719259319.6058886,69.0,49645.0
1719259319.773071,69.0,49645.0
1719259319.9282923,65.0,49645.0
1719259320.087256,100.0,49645.0
1719259320.2693985,99.0,49645.0
1719259320.5238419,100.0,49645.0
1719259320.7044606,100.0,49645.0
1719259320.8992634,96.0,49645.0
1719259321.0951793,14.0,49645.0
1719259321.2627158,100.0,49645.0
1719259321.455533,99.0,49645.0
1719259321.6520875,100.0,49645.0
1719259321.8210566,100.0,49645.0
1719259322.0125523,100.0,49645.0
1719259322.205171,46.0,49645.0
1719259322.392293,63.0,49645.0
1719259322.5918443,100.0,49645.0
1719259322.8466573,98.0,49645.0
1719259323.0614634,100.0,49645.0
1719259323.318152,97.0,49645.0
1719259323.6077964,43.0,49645.0
1719259323.7714972,43.0,49645.0
1719259323.9460819,100.0,49645.0
1719259324.128974,98.0,49645.0
1719259324.3137689,100.0,49645.0
1719259324.470265,100.0,49645.0
1719259324.6291223,100.0,49645.0
1719259324.7828176,100.0,49645.0
1719259324.9395301,50.0,49645.0
1719259325.093797,100.0,49645.0
1719259325.250786,98.0,49645.0
1719259325.403854,98.0,49645.0
1719259325.5892756,100.0,49645.0
1719259325.7934742,100.0,49645.0
1719259326.005885,100.0,49645.0
1719259326.2173536,32.0,49645.0
1719259326.4082904,98.0,49645.0
1719259326.576686,99.0,49645.0
1719259326.7563384,99.0,49645.0
1719259326.925878,100.0,49645.0
1719259327.0860093,100.0,49645.0
1719259327.2643344,67.0,49645.0
1719259327.453446,57.0,49645.0
1719259327.6364064,100.0,49645.0
1719259327.8167207,98.0,49645.0
1719259327.9836743,100.0,49645.0
1719259328.2382302,100.0,49645.0
1719259328.4508793,100.0,49645.0
1719259328.7103245,4.0,49645.0
1719259329.0255494,100.0,49645.0
1719259329.2310455,98.0,49645.0
1719259329.4664016,100.0,49645.0
1719259329.6773868,100.0,49645.0
1719259329.832222,71.0,49645.0
1719259330.016322,71.0,49645.0
1719259330.1706913,63.0,49645.0
1719259330.323826,100.0,49645.0
1719259330.478569,96.0,49645.0
1719259330.6395664,100.0,49645.0
1719259330.7990732,100.0,49645.0
1719259330.9533296,100.0,49645.0
1719259331.163172,98.0,49645.0
1719259331.4487383,100.0,49645.0
1719259331.7242384,98.0,49645.0
1719259331.912109,100.0,49645.0
1719259332.108961,100.0,49645.0
1719259332.2821212,100.0,49645.0
1719259332.4847686,55.0,49645.0
1719259332.6811128,72.0,49645.0
1719259332.9014537,100.0,49645.0
1719259333.1583257,100.0,49645.0
1719259333.4229298,100.0,49645.0
1719259333.653961,93.0,49645.0
1719259333.9016738,25.0,49645.0
1719259334.0920076,100.0,49645.0
1719259334.3506753,96.0,49645.0
1719259334.5506494,100.0,49645.0
1719259334.7183537,100.0,49645.0
1719259334.9018853,100.0,49645.0
1719259335.0792992,38.0,49645.0
1719259335.2455847,38.0,49645.0
1719259335.4008892,87.0,49645.0
1719259335.555407,100.0,49645.0
1719259335.7109861,99.0,49645.0
1719259335.866192,99.0,49645.0
1719259336.0216458,100.0,49645.0
1719259336.1754165,100.0,49645.0
1719259336.350701,74.0,49645.0
1719259336.5642626,46.0,49645.0
1719259336.7572048,100.0,49645.0
1719259336.9464266,98.0,49645.0
1719259337.1502762,100.0,49645.0
1719259337.4214597,100.0,49645.0
1719259337.597197,100.0,49645.0
1719259337.781232,21.0,49645.0
1719259337.9647408,100.0,49645.0
1719259338.14949,98.0,49645.0
1719259338.3334112,100.0,49645.0
1719259338.5601656,100.0,49645.0
1719259338.7390733,100.0,49645.0
1719259338.9701946,55.0,49645.0
1719259339.2162204,31.0,49645.0
1719259339.486327,99.0,49645.0
1719259339.7490094,100.0,49645.0
1719259339.9564178,100.0,49645.0
1719259340.1297708,100.0,49645.0
1719259340.319838,31.0,49645.0
1719259340.5018897,93.0,49645.0
1719259340.6772728,93.0,49645.0
1719259340.8351152,100.0,49645.0
1719259340.9906952,99.0,49645.0
1719259341.1458304,100.0,49645.0
1719259341.3002825,100.0,49645.0
1719259341.4597323,100.0,49645.0
1719259341.6184106,67.0,49645.0
1719259341.7708704,81.0,49645.0
1719259341.955504,100.0,49645.0
1719259342.1501894,95.0,49645.0
1719259342.3291523,100.0,49645.0
1719259342.5187345,100.0,49645.0
1719259342.698133,100.0,49645.0
1719259342.8798637,83.0,49645.0
1719259343.06504,48.0,49645.0
1719259343.247958,100.0,49645.0
1719259343.4408696,99.0,49645.0
1719259343.607216,100.0,49645.0
1719259343.82452,100.0,49645.0
1719259344.0260153,100.0,49645.0
1719259344.2095108,26.0,49645.0
1719259344.4569964,98.0,49645.0
1719259344.6960778,100.0,49645.0
1719259344.9652307,100.0,49645.0
1719259345.166896,100.0,49645.0
1719259345.3984966,48.0,49645.0
1719259345.5819604,72.0,49645.0
1719259345.7958481,100.0,49645.0
1719259345.9849985,96.0,49645.0
1719259346.141199,100.0,49645.0
1719259346.3432896,100.0,49645.0
1719259346.5001948,100.0,49645.0
1719259346.6608202,90.0,49645.0
1719259346.8421438,31.0,49645.0
1719259346.995865,31.0,49645.0
1719259347.1560328,99.0,49645.0
1719259347.3498812,100.0,49645.0
1719259347.5391371,100.0,49645.0
1719259347.7090209,100.0,49645.0
1719259347.8969944,100.0,49645.0
1719259348.1717215,28.0,49645.0
1719259348.365219,100.0,49645.0
1719259348.5698516,98.0,49645.0
1719259348.7588816,100.0,49645.0
1719259348.9518497,100.0,49645.0
1719259349.1413548,100.0,49645.0
1719259349.395114,77.0,49645.0
1719259349.56385,100.0,49645.0
1719259349.8080988,99.0,49645.0
1719259350.0631404,100.0,49645.0
1719259350.3203812,100.0,49645.0
1719259350.5343513,100.0,49645.0
1719259350.7771413,14.0,49645.0
1719259351.0050392,94.0,49645.0
1719259351.1935797,93.0,49645.0
1719259351.3731396,93.0,49645.0
1719259351.5286417,100.0,49645.0
1719259351.6848538,100.0,49645.0
1719259351.8488493,72.0,49645.0
1719259352.0262182,64.0,49645.0
1719259352.1853404,64.0,49645.0
1719259352.3980703,100.0,49645.0
1719259352.593757,100.0,49645.0
1719259352.7720604,100.0,49645.0
1719259352.979591,100.0,49645.0
1719259353.1688437,96.0,49645.0
1719259353.360966,38.0,49645.0
1719259353.5537586,100.0,49645.0
1719259353.7370744,99.0,49645.0
1719259353.92977,100.0,49645.0
1719259354.1048553,100.0,49645.0
1719259354.277965,100.0,49645.0
1719259354.498078,35.0,49645.0
1719259354.6751704,100.0,49645.0
1719259354.8574266,99.0,49645.0
1719259355.027846,100.0,49645.0
1719259355.2107868,100.0,49645.0
1719259355.4843748,100.0,49645.0
1719259355.7958314,48.0,49645.0
1719259355.9868267,100.0,49645.0
1719259356.277328,92.0,49645.0
1719259356.453569,100.0,49645.0
1719259356.6397953,100.0,49645.0
1719259356.8242872,100.0,49645.0
1719259356.9806802,100.0,49645.0
1719259357.1453311,38.0,49645.0
1719259357.3086116,100.0,49645.0
1719259357.4609149,100.0,49645.0
1719259357.6194358,99.0,49645.0
1719259357.7820065,100.0,49645.0
1719259357.9450629,100.0,49645.0
1719259358.1174626,100.0,49645.0
1719259358.3272865,41.0,49645.0
1719259358.543753,90.0,49645.0
1719259358.7210488,100.0,49645.0
1719259358.9291947,99.0,49645.0
1719259359.1290407,100.0,49645.0
1719259359.293095,100.0,49645.0
1719259359.481081,100.0,49645.0
1719259359.6478417,52.0,49645.0
1719259359.8354058,52.0,49645.0
1719259360.0285408,98.0,49645.0
1719259360.2153883,100.0,49645.0
1719259360.420891,100.0,49645.0
1719259360.5848334,100.0,49645.0
1719259360.8327863,10.0,49645.0
1719259361.085288,72.0,49645.0
1719259361.3468518,100.0,49645.0
1719259361.5816166,99.0,49645.0
1719259361.7730489,100.0,49645.0
1719259361.9475226,100.0,49645.0
1719259362.1521714,88.0,49645.0
1719259362.3530242,34.0,49645.0
1719259362.5135007,100.0,49645.0
1719259362.6676843,99.0,49645.0
1719259362.8621085,99.0,49645.0
1719259363.0263107,100.0,49645.0
1719259363.1818306,100.0,49645.0
1719259363.3414528,100.0,49645.0
1719259363.512751,100.0,49645.0
1719259363.6944904,100.0,49645.0
1719259363.8923616,99.0,49645.0
1719259364.0774398,100.0,49645.0
1719259364.273176,100.0,49645.0
1719259364.4566047,100.0,49645.0
1719259364.6429946,100.0,49645.0
1719259364.8484724,46.0,49645.0
1719259365.054658,73.0,49645.0
1719259365.2947567,100.0,49645.0
1719259365.4967027,99.0,49645.0
1719259365.6899471,100.0,49645.0
1719259365.8874483,87.0,49645.0
1719259366.0825646,28.0,49645.0
1719259366.3468676,100.0,49645.0
1719259366.6247842,99.0,49645.0
1719259366.814237,100.0,49645.0
1719259367.0676374,100.0,49645.0
1719259367.2491443,100.0,49645.0
1719259367.451405,32.0,49645.0
1719259367.6338565,76.0,49645.0
1719259367.7904692,100.0,49645.0
1719259367.9520066,99.0,49645.0
1719259368.118671,99.0,49645.0
1719259368.2931545,100.0,49645.0
1719259368.4537032,100.0,49645.0
1719259368.6110475,81.0,49645.0
1719259368.7758446,62.0,49645.0
1719259368.9652352,100.0,49645.0
1719259369.1681929,98.0,49645.0
1719259369.3669348,100.0,49645.0
1719259369.5583265,100.0,49645.0
1719259369.7731085,99.0,49645.0
1719259369.9454846,36.0,49645.0
1719259370.1361635,100.0,49645.0
1719259370.3022127,100.0,49645.0
1719259370.4885755,98.0,49645.0
1719259370.6817467,100.0,49645.0
1719259370.8560798,100.0,49645.0
1719259371.0451455,100.0,49645.0
1719259371.2468774,99.0,49645.0
1719259371.593205,99.0,49645.0
1719259371.7932913,100.0,49645.0
1719259372.0514116,100.0,49645.0
1719259372.2865858,100.0,49645.0
1719259372.4750216,60.0,49645.0
1719259372.6557596,70.0,49645.0
1719259372.9742339,98.0,49645.0
1719259373.1519647,100.0,49645.0
1719259373.3237414,100.0,49645.0
1719259373.4779456,100.0,49645.0
1719259373.6422486,89.0,49645.0
1719259373.813034,51.0,49645.0
1719259373.97439,51.0,49645.0
1719259374.1331036,100.0,49645.0
1719259374.291013,99.0,49645.0
1719259374.5177374,100.0,49645.0
1719259374.725586,100.0,49645.0
1719259374.9198248,15.0,49645.0
1719259375.2217133,100.0,49645.0
1719259375.4284828,99.0,49645.0
1719259375.6103806,100.0,49645.0
1719259375.7831488,100.0,49645.0
1719259375.9849443,100.0,49645.0
1719259376.1633813,100.0,49645.0
1719259376.3984392,55.0,49645.0
1719259376.5944402,100.0,49645.0
1719259376.758145,99.0,49645.0
1719259377.0380516,100.0,49645.0
1719259377.2695048,100.0,49645.0
1719259377.5536256,13.0,49645.0
1719259377.8335268,13.0,49645.0
1719259378.0067046,100.0,49645.0
1719259378.2078154,98.0,49645.0
1719259378.4005625,100.0,49645.0
1719259378.5561116,100.0,49645.0
1719259378.7157707,100.0,49645.0
1719259378.8725832,100.0,49645.0
1719259379.032495,43.0,49645.0
1719259379.18936,43.0,49645.0
1719259379.3456676,100.0,49645.0
1719259379.502242,99.0,49645.0
1719259379.6792018,100.0,49645.0
1719259379.8666427,100.0,49645.0
1719259380.0551786,100.0,49645.0
1719259380.2416556,22.0,49645.0
1719259380.4409044,99.0,49645.0
1719259380.657914,98.0,49645.0
1719259380.8518722,100.0,49645.0
1719259381.0229425,100.0,49645.0
1719259381.208329,100.0,49645.0
1719259381.4177232,60.0,49645.0
1719259381.6080782,62.0,49645.0
1719259381.7958536,62.0,49645.0
1719259381.9623146,99.0,49645.0
1719259382.2022023,100.0,49645.0
1719259382.431583,100.0,49645.0
1719259382.6825545,100.0,49645.0
1719259382.891575,4.0,49645.0
1719259383.10122,100.0,49645.0
1719259383.2652824,99.0,49645.0
1719259383.4530585,100.0,49645.0
1719259383.6343424,100.0,49645.0
1719259383.7921252,100.0,49645.0
1719259383.951455,100.0,49645.0
1719259384.1080031,56.0,49645.0
1719259384.2621937,56.0,49645.0
1719259384.4378173,90.0,49645.0
1719259384.6396923,99.0,49645.0
1719259384.7978013,99.0,49645.0
1719259384.9585488,100.0,49645.0
1719259385.163281,100.0,49645.0
1719259385.3617878,70.0,49645.0
1719259385.5564702,66.0,49645.0
1719259385.7455244,100.0,49645.0
1719259385.9384806,99.0,49645.0
1719259386.1132278,100.0,49645.0
1719259386.288252,100.0,49645.0
1719259386.4733696,94.0,49645.0
1719259386.6438198,94.0,49645.0
1719259386.8122792,34.0,49645.0
1719259386.9982295,100.0,49645.0
1719259387.2129843,90.0,49645.0
1719259387.3900564,100.0,49645.0
1719259387.5600786,100.0,49645.0
1719259387.8081036,36.0,49645.0
1719259388.104405,70.0,49645.0
1719259388.3437548,100.0,49645.0
1719259388.5643187,99.0,49645.0
1719259388.76057,100.0,49645.0
1719259388.940042,100.0,49645.0
1719259389.135839,89.0,49645.0
1719259389.3164947,89.0,49645.0
1719259389.4830902,100.0,49645.0
1719259389.6503038,100.0,49645.0
1719259389.8051195,99.0,49645.0
1719259389.9611602,100.0,49645.0
1719259390.113725,100.0,49645.0
1719259390.2693295,100.0,49645.0
1719259390.4396508,22.0,49645.0
1719259390.6616085,79.0,49645.0
1719259390.8685267,100.0,49645.0
1719259391.0676796,100.0,49645.0
1719259391.3147855,99.0,49645.0
1719259391.4850123,100.0,49645.0
1719259391.686863,80.0,49645.0
1719259391.8557067,80.0,49645.0
1719259392.026772,47.0,49645.0
1719259392.2283003,100.0,49645.0
1719259392.4114394,99.0,49645.0
1719259392.6164675,100.0,49645.0
1719259392.7893732,100.0,49645.0
1719259393.0444431,100.0,49645.0
1719259393.308618,80.0,49645.0
1719259393.6399934,100.0,49645.0
1719259393.9201353,99.0,49645.0
1719259394.1226184,100.0,49645.0
1719259394.3187413,79.0,49645.0
1719259394.5386493,47.0,49645.0
1719259394.7103205,47.0,49645.0
1719259394.8646934,100.0,49645.0
1719259395.023672,99.0,49645.0
1719259395.1820402,99.0,49645.0
1719259395.3402112,100.0,49645.0
1719259395.496856,100.0,49645.0
1719259395.6659203,100.0,49645.0
1719259395.8621042,25.0,49645.0
1719259396.0714762,100.0,49645.0
1719259396.2403078,99.0,49645.0
1719259396.440948,100.0,49645.0
1719259396.6436732,100.0,49645.0
1719259396.8406124,100.0,49645.0
1719259397.0223615,48.0,49645.0
1719259397.190385,78.0,49645.0
1719259397.3729918,100.0,49645.0
1719259397.5759003,98.0,49645.0
1719259397.7724016,100.0,49645.0
1719259397.9743865,100.0,49645.0
1719259398.1358352,83.0,49645.0
1719259398.3742092,23.0,49645.0
1719259398.6052778,100.0,49645.0
1719259398.8722193,100.0,49645.0
1719259399.1214705,100.0,49645.0
1719259399.308781,100.0,49645.0
1719259399.4916036,100.0,49645.0
1719259399.687243,38.0,49645.0
1719259399.866475,88.0,49645.0
1719259400.0204191,88.0,49645.0
1719259400.1805959,100.0,49645.0
1719259400.3355262,98.0,49645.0
1719259400.4964705,100.0,49645.0
1719259400.6598995,100.0,49645.0
1719259400.8228037,100.0,49645.0
1719259400.990204,58.0,49645.0
1719259401.1868494,100.0,49645.0
1719259401.372998,98.0,49645.0
1719259401.552203,100.0,49645.0
1719259401.7475562,100.0,49645.0
1719259401.9229028,100.0,49645.0
1719259402.113183,100.0,49645.0
1719259402.3027096,19.0,49645.0
1719259402.4810753,100.0,49645.0
1719259402.6814103,98.0,49645.0
1719259402.8872654,100.0,49645.0
1719259403.0872815,100.0,49645.0
1719259403.304234,100.0,49645.0
1719259403.4696722,46.0,49645.0
1719259403.7179568,100.0,49645.0
1719259403.9580605,98.0,49645.0
1719259404.2101974,100.0,49645.0
1719259404.4725301,100.0,49645.0
1719259404.660576,100.0,49645.0
1719259404.8391807,40.0,49645.0
1719259405.035151,100.0,49645.0
1719259405.2177575,99.0,49645.0
1719259405.3787143,99.0,49645.0
1719259405.534752,100.0,49645.0
1719259405.6908116,100.0,49645.0
1719259405.8473105,100.0,49645.0
1719259406.006208,100.0,49645.0
1719259406.209331,47.0,49645.0
1719259406.378871,99.0,49645.0
1719259406.56735,100.0,49645.0
1719259406.7701938,100.0,49645.0
1719259406.9650085,100.0,49645.0
1719259407.172817,33.0,49645.0
1719259407.4145322,33.0,49645.0
1719259407.5884686,86.0,49645.0
1719259407.8151116,100.0,49645.0
1719259408.0416183,99.0,49645.0
1719259408.2088344,100.0,49645.0
1719259408.392833,74.0,49645.0
1719259408.624439,74.0,49645.0
1719259408.8050241,49.0,49645.0
1719259409.0333865,99.0,49645.0
1719259409.2990937,100.0,49645.0
1719259409.570141,100.0,49645.0
1719259409.7899497,100.0,49645.0
1719259410.0399983,12.0,49645.0
1719259410.244625,92.0,49645.0
1719259410.439744,98.0,49645.0
1719259410.619054,98.0,49645.0
1719259410.776867,100.0,49645.0
1719259410.9369574,100.0,49645.0
1719259411.1005552,100.0,49645.0
1719259411.2619936,70.0,49645.0
1719259411.4165857,68.0,49645.0
1719259411.570509,100.0,49645.0
1719259411.7369552,99.0,49645.0
1719259411.9160538,100.0,49645.0
1719259412.1107292,100.0,49645.0
1719259412.321528,91.0,49645.0
1719259412.518611,30.0,49645.0
1719259412.7271152,100.0,49645.0
1719259412.9000523,98.0,49645.0
1719259413.0774753,98.0,49645.0
1719259413.2436826,100.0,49645.0
1719259413.4221594,100.0,49645.0
1719259413.602812,100.0,49645.0
1719259413.7969377,30.0,49645.0
1719259413.979367,92.0,49645.0
1719259414.1570902,100.0,49645.0
1719259414.406261,100.0,49645.0
1719259414.6506433,100.0,49645.0
1719259414.9201803,68.0,49645.0
1719259415.1971934,38.0,49645.0
1719259415.4079862,100.0,49645.0
1719259415.5968735,94.0,49645.0
1719259415.7773962,100.0,49645.0
1719259415.956013,100.0,49645.0
1719259416.1156163,100.0,49645.0
1719259416.2733376,100.0,49645.0
1719259416.4923146,42.0,49645.0
1719259416.6487188,100.0,49645.0
1719259416.8025296,99.0,49645.0
1719259416.9568794,100.0,49645.0
1719259417.1112819,100.0,49645.0
1719259417.2886817,100.0,49645.0
1719259417.4838371,44.0,49645.0
1719259417.6875598,75.0,49645.0
1719259417.9020627,75.0,49645.0
1719259418.1122854,100.0,49645.0
1719259418.3201454,100.0,49645.0
1719259418.5066936,100.0,49645.0
1719259418.6731858,100.0,49645.0
1719259418.8717606,84.0,49645.0
1719259419.0565429,43.0,49645.0
1719259419.2395272,100.0,49645.0
1719259419.435094,91.0,49645.0
1719259419.6498933,100.0,49645.0
1719259419.893788,100.0,49645.0
1719259420.119595,24.0,49645.0
1719259420.375976,68.0,49645.0
1719259420.5606413,100.0,49645.0
1719259420.7864933,98.0,49645.0
1719259420.972526,98.0,49645.0
1719259421.1575055,100.0,49645.0
1719259421.3342295,91.0,49645.0
1719259421.4891055,91.0,49645.0
1719259421.6514485,48.0,49645.0
1719259421.8062613,48.0,49645.0
1719259421.9637954,98.0,49645.0
1719259422.141237,100.0,49645.0
1719259422.303331,100.0,49645.0
1719259422.45975,100.0,49645.0
1719259422.6202579,100.0,49645.0
1719259422.8366525,15.0,49645.0
1719259423.0206306,100.0,49645.0
1719259423.2072089,99.0,49645.0
1719259423.3985093,100.0,49645.0
1719259423.5922365,100.0,49645.0
1719259423.7690983,100.0,49645.0
1719259423.995859,58.0,49645.0
1719259424.1691997,69.0,49645.0
1719259424.3493109,69.0,49645.0
1719259424.5795481,100.0,49645.0
1719259424.7891145,100.0,49645.0
1719259424.988698,100.0,49645.0
1719259425.1740136,90.0,49645.0
1719259425.4248505,13.0,49645.0
1719259425.6284175,100.0,49645.0
1719259425.8936563,100.0,49645.0
1719259426.126977,100.0,49645.0
1719259426.3207912,100.0,49645.0
1719259426.5017152,100.0,49645.0
1719259426.7317832,47.0,49645.0
1719259426.896193,77.0,49645.0
1719259427.0653412,100.0,49645.0
1719259427.2245808,99.0,49645.0
1719259427.3796825,99.0,49645.0
1719259427.5360255,100.0,49645.0
1719259427.6898324,100.0,49645.0
1719259427.8757057,82.0,49645.0
1719259428.0392237,60.0,49645.0
1719259428.2382255,100.0,49645.0
1719259428.4447997,98.0,49645.0
1719259428.6372762,100.0,49645.0
1719259428.83431,100.0,49645.0
1719259429.0222158,100.0,49645.0
1719259429.2215052,100.0,49645.0
1719259429.4082997,23.0,49645.0
1719259429.607961,98.0,49645.0
1719259429.7994745,100.0,49645.0
1719259429.985202,100.0,49645.0
1719259430.155377,100.0,49645.0
1719259430.3435793,100.0,49645.0
1719259430.542647,40.0,49645.0
1719259430.82419,90.0,49645.0
1719259431.0414631,98.0,49645.0
1719259431.3080025,100.0,49645.0
1719259431.5593836,100.0,49645.0
1719259431.7322187,71.0,49645.0
1719259431.908591,64.0,49645.0
1719259432.1051943,100.0,49645.0
1719259432.2904234,89.0,49645.0
1719259432.4460645,100.0,49645.0
1719259432.60282,100.0,49645.0
1719259432.7573175,100.0,49645.0
1719259432.9122088,100.0,49645.0
1719259433.068028,39.0,49645.0
1719259433.222228,39.0,49645.0
1719259433.3775048,100.0,49645.0
1719259433.565476,87.0,49645.0
1719259433.767858,100.0,49645.0
1719259433.962256,100.0,49645.0
1719259434.1544826,100.0,49645.0
1719259434.3337722,38.0,49645.0
1719259434.5111935,79.0,49645.0
1719259434.6964736,100.0,49645.0
1719259434.8699932,100.0,49645.0
1719259435.0590708,91.0,49645.0
1719259435.2629993,100.0,49645.0
1719259435.4461272,88.0,49645.0
1719259435.663031,41.0,49645.0
1719259435.8296769,100.0,49645.0
1719259436.0670354,99.0,49645.0
1719259436.2984855,100.0,49645.0
1719259436.543333,100.0,49645.0
1719259436.7496269,100.0,49645.0
1719259436.953582,20.0,49645.0
1719259437.1205482,72.0,49645.0
1719259437.3087695,100.0,49645.0
1719259437.4965312,98.0,49645.0
1719259437.6520097,98.0,49645.0
1719259437.8089442,100.0,49645.0
1719259437.9632275,100.0,49645.0
1719259438.1202998,89.0,49645.0
1719259438.2952232,49.0,49645.0
1719259438.4518437,49.0,49645.0
1719259438.6066089,100.0,49645.0
1719259438.7692308,99.0,49645.0
1719259438.9704814,100.0,49645.0
1719259439.1538649,100.0,49645.0
1719259439.3443713,100.0,49645.0
1719259439.559267,18.0,49645.0
1719259439.740575,100.0,49645.0
1719259439.9036877,99.0,49645.0
1719259440.0971515,100.0,49645.0
1719259440.269633,100.0,49645.0
1719259440.4498458,100.0,49645.0
1719259440.6577876,55.0,49645.0
1719259440.8612442,55.0,49645.0
1719259441.0880249,68.0,49645.0
1719259441.2893326,99.0,49645.0
1719259441.5485213,100.0,49645.0
1719259441.7468596,100.0,49645.0
1719259442.0254264,1.0,49645.0
1719259442.3065321,1.0,49645.0
1719259442.4960017,93.0,49645.0
1719259442.6949766,98.0,49645.0
1719259442.880666,100.0,49645.0
1719259443.0486274,100.0,49645.0
1719259443.2070312,100.0,49645.0
1719259443.3810863,67.0,49645.0
1719259443.5365133,84.0,49645.0
1719259443.6925497,100.0,49645.0
1719259443.8734174,100.0,49645.0
1719259444.0266442,99.0,49645.0
1719259444.228873,100.0,49645.0
1719259444.4127192,100.0,49645.0
1719259444.6070912,75.0,49645.0
1719259444.808713,51.0,49645.0
1719259445.015958,100.0,49645.0
1719259445.1820114,98.0,49645.0
1719259445.3554623,100.0,49645.0
1719259445.5475073,100.0,49645.0
1719259445.7255747,100.0,49645.0
1719259445.9288568,100.0,49645.0
1719259446.1018708,100.0,49645.0
1719259446.2919629,100.0,49645.0
1719259446.465137,90.0,49645.0
1719259446.6504624,100.0,49645.0
1719259446.9007275,100.0,49645.0
1719259447.1638472,45.0,49645.0
1719259447.3818684,60.0,49645.0
1719259447.6398408,100.0,49645.0
1719259447.8049035,99.0,49645.0
1719259448.004854,100.0,49645.0
1719259448.1946557,100.0,49645.0
1719259448.352774,100.0,49645.0
1719259448.5071552,100.0,49645.0
1719259448.6637304,47.0,49645.0
1719259448.8174837,100.0,49645.0
1719259448.9746459,100.0,49645.0
1719259449.1376345,99.0,49645.0
1719259449.294411,100.0,49645.0
1719259449.458951,100.0,49645.0
1719259449.6475954,100.0,49645.0
1719259449.866459,25.0,49645.0
1719259450.0505052,100.0,49645.0
1719259450.2533941,99.0,49645.0
1719259450.4390528,100.0,49645.0
1719259450.634161,100.0,49645.0
1719259450.8273263,100.0,49645.0
1719259451.0035658,49.0,49645.0
1719259451.1854005,76.0,49645.0
1719259451.4035296,100.0,49645.0
1719259451.6022608,98.0,49645.0
1719259451.79597,100.0,49645.0
1719259451.973081,100.0,49645.0
1719259452.229498,84.0,49645.0
1719259452.494834,7.0,49645.0
1719259452.7856228,99.0,49645.0
1719259453.0361662,100.0,49645.0
1719259453.2360656,100.0,49645.0
1719259453.4205754,100.0,49645.0
1719259453.621539,52.0,49645.0
1719259453.795232,68.0,49645.0
1719259453.95466,68.0,49645.0
1719259454.1841772,100.0,49645.0
1719259454.3390918,99.0,49645.0
1719259454.497056,100.0,49645.0
1719259454.6524084,100.0,49645.0
1719259454.816971,100.0,49645.0
1719259454.996464,22.0,49645.0
1719259455.2053573,100.0,49645.0
1719259455.385034,98.0,49645.0
1719259455.5740304,98.0,49645.0
1719259455.7542994,100.0,49645.0
1719259455.956724,100.0,49645.0
1719259456.1376784,100.0,49645.0
1719259456.336726,38.0,49645.0
1719259456.5664055,100.0,49645.0
1719259456.843311,99.0,49645.0
1719259457.0259385,100.0,49645.0
1719259457.2059848,100.0,49645.0
1719259457.411963,75.0,49645.0
1719259457.674394,100.0,49645.0
1719259458.0011826,99.0,49645.0
1719259458.219776,99.0,49645.0
1719259458.4518352,100.0,49645.0
1719259458.632704,100.0,49645.0
1719259458.8334186,38.0,49645.0
1719259459.0296462,85.0,49645.0
1719259459.1995506,85.0,49645.0
1719259459.363207,100.0,49645.0
1719259459.5168438,99.0,49645.0
1719259459.680767,100.0,49645.0
1719259459.8521404,100.0,49645.0
1719259460.0225875,74.0,49645.0
1719259460.3082435,57.0,49645.0
1719259460.4938445,100.0,49645.0
1719259460.6862547,99.0,49645.0
1719259460.8911138,100.0,49645.0
1719259461.087148,100.0,49645.0
1719259461.2740424,100.0,49645.0
1719259461.4703174,22.0,49645.0
1719259461.6517575,100.0,49645.0
1719259461.8348923,100.0,49645.0
1719259462.023014,99.0,49645.0
1719259462.2004411,100.0,49645.0
1719259462.3875432,100.0,49645.0
1719259462.6131127,100.0,49645.0
1719259462.863661,48.0,49645.0
1719259463.081827,100.0,49645.0
1719259463.3323817,99.0,49645.0
1719259463.5771108,100.0,49645.0
1719259463.794342,100.0,49645.0
1719259463.971533,100.0,49645.0
1719259464.1581175,22.0,49645.0
1719259464.3429813,100.0,49645.0
1719259464.5126803,99.0,49645.0
1719259464.6795087,100.0,49645.0
1719259464.8323622,100.0,49645.0
1719259464.988187,100.0,49645.0
1719259465.1443832,100.0,49645.0
1719259465.3002841,100.0,49645.0
1719259465.4799123,53.0,49645.0
1719259465.6829066,100.0,49645.0
1719259465.9161406,98.0,49645.0
1719259466.1268423,100.0,49645.0
1719259466.314206,100.0,49645.0
1719259466.5506327,69.0,49645.0
1719259466.7484105,67.0,49645.0
1719259466.92871,67.0,49645.0
1719259467.1121497,99.0,49645.0
1719259467.318419,100.0,49645.0
1719259467.5099015,100.0,49645.0
1719259467.7141857,94.0,49645.0
1719259467.891011,39.0,49645.0
1719259468.2212527,100.0,49645.0
1719259468.4275274,100.0,49645.0
1719259468.6970084,100.0,49645.0
1719259468.9629376,100.0,49645.0
1719259469.1718395,37.0,49645.0
1719259469.3822174,93.0,49645.0
1719259469.570995,99.0,49645.0
1719259469.7421298,99.0,49645.0
1719259469.8987987,100.0,49645.0
1719259470.060958,100.0,49645.0
1719259470.2236793,100.0,49645.0
1719259470.3810492,66.0,49645.0
1719259470.5361168,83.0,49645.0
1719259470.6920173,83.0,49645.0
1719259470.846524,100.0,49645.0
1719259471.0515287,99.0,49645.0
1719259471.240497,100.0,49645.0
1719259471.4198532,100.0,49645.0
1719259471.6454186,79.0,49645.0
1719259471.8319097,52.0,49645.0
1719259472.0117147,100.0,49645.0
1719259472.1981602,96.0,49645.0
1719259472.3745596,100.0,49645.0
1719259472.549771,100.0,49645.0
1719259472.7690237,100.0,49645.0
1719259472.9451458,100.0,49645.0
1719259473.1392195,13.0,49645.0
1719259473.3256128,100.0,49645.0
1719259473.580885,91.0,49645.0
1719259473.865404,100.0,49645.0
1719259474.1480298,83.0,49645.0
1719259474.4189403,1.0,49645.0
1719259474.616624,99.0,49645.0
1719259474.8185263,98.0,49645.0
1719259475.004228,100.0,49645.0
1719259475.169201,100.0,49645.0
1719259475.3293633,100.0,49645.0
1719259475.488694,100.0,49645.0
1719259475.6460268,60.0,49645.0
1719259475.802115,60.0,49645.0
1719259475.9563344,81.0,49645.0
1719259476.1114886,100.0,49645.0
1719259476.271701,98.0,49645.0
1719259476.4802508,100.0,49645.0
1719259476.6571977,100.0,49645.0
1719259476.8452368,79.0,49645.0
1719259477.0364573,33.0,49645.0
1719259477.255712,100.0,49645.0
1719259477.4277804,99.0,49645.0
1719259477.6155338,100.0,49645.0
1719259477.7823098,100.0,49645.0
1719259477.95784,100.0,49645.0
1719259478.162785,30.0,49645.0
1719259478.353428,30.0,49645.0
1719259478.554409,78.0,49645.0
1719259478.7616227,99.0,49645.0
1719259479.0131645,100.0,49645.0
1719259479.2188928,100.0,49645.0
1719259479.4983435,20.0,49645.0
1719259479.7577841,100.0,49645.0
1719259479.9948518,100.0,49645.0
1719259480.1739051,99.0,49645.0
1719259480.3504012,100.0,49645.0
1719259480.5142944,100.0,49645.0
1719259480.6820145,100.0,49645.0
1719259480.8454187,42.0,49645.0
1719259481.001173,100.0,49645.0
1719259481.1571918,100.0,49645.0
1719259481.3142948,99.0,49645.0
1719259481.4689264,100.0,49645.0
1719259481.7025008,100.0,49645.0
1719259481.904893,100.0,49645.0
1719259482.1067688,58.0,49645.0
1719259482.3080895,41.0,49645.0
1719259482.5337465,100.0,49645.0
1719259482.6999664,99.0,49645.0
1719259482.8925974,100.0,49645.0
1719259483.0642748,100.0,49645.0
1719259483.2351804,100.0,49645.0
1719259483.4339178,100.0,49645.0
1719259483.6190805,43.0,49645.0
1719259483.8061788,98.0,49645.0
1719259483.9857187,100.0,49645.0
1719259484.1589022,100.0,49645.0
1719259484.4126797,100.0,49645.0
1719259484.628852,38.0,49645.0
1719259484.887648,52.0,49645.0
1719259485.1638012,100.0,49645.0
1719259485.347956,99.0,49645.0
1719259485.5284083,100.0,49645.0
1719259485.720647,100.0,49645.0
1719259485.878564,100.0,49645.0
1719259486.052899,36.0,49645.0
1719259486.2157967,36.0,49645.0
1719259486.3710668,100.0,49645.0
1719259486.543,86.0,49645.0
1719259486.712048,100.0,49645.0
1719259486.883161,100.0,49645.0
1719259487.0977592,100.0,49645.0
1719259487.2907033,48.0,49645.0
1719259487.4922614,68.0,49645.0
1719259487.670403,100.0,49645.0
1719259487.866991,97.0,49645.0
1719259488.093368,100.0,49645.0
1719259488.2643602,100.0,49645.0
1719259488.453754,93.0,49645.0
1719259488.6291366,93.0,49645.0
1719259488.8038576,35.0,49645.0
1719259489.0100498,100.0,49645.0
1719259489.1910865,99.0,49645.0
1719259489.3827767,100.0,49645.0
1719259489.5633304,100.0,49645.0
1719259489.8285306,100.0,49645.0
1719259490.0322576,89.0,49645.0
1719259490.295199,100.0,49645.0
1719259490.5654147,99.0,49645.0
1719259490.7491267,100.0,49645.0
1719259490.9709537,100.0,49645.0
1719259491.1540818,71.0,49645.0
1719259491.3144743,70.0,49645.0
1719259491.4748898,70.0,49645.0
1719259491.6417377,99.0,49645.0
1719259491.8087964,99.0,49645.0
1719259491.9662309,100.0,49645.0
1719259492.127972,100.0,49645.0
1719259492.2906237,89.0,49645.0
1719259492.4814398,49.0,49645.0
1719259492.6814277,100.0,49645.0
1719259492.8674076,100.0,49645.0
1719259493.0549407,99.0,49645.0
1719259493.245345,100.0,49645.0
1719259493.4670577,100.0,49645.0
1719259493.63484,100.0,49645.0
1719259493.8233955,27.0,49645.0
1719259493.9858928,100.0,49645.0
1719259494.1657126,99.0,49645.0
1719259494.3423815,100.0,49645.0
1719259494.5277667,100.0,49645.0
1719259494.7165992,100.0,49645.0
1719259494.8813338,45.0,49645.0
1719259495.144413,62.0,49645.0
1719259495.3729382,84.0,49645.0
1719259495.6484663,100.0,49645.0
1719259495.9027488,100.0,49645.0
1719259496.093212,100.0,49645.0
1719259496.274633,34.0,49645.0
1719259496.4808345,100.0,49645.0
1719259496.6637087,100.0,49645.0
1719259496.8193958,99.0,49645.0
1719259496.9742718,100.0,49645.0
1719259497.1295977,100.0,49645.0
1719259497.2855408,100.0,49645.0
1719259497.4439297,100.0,49645.0
1719259497.6069002,40.0,49645.0
1719259497.762957,100.0,49645.0
1719259497.9393327,99.0,49645.0
1719259498.1237705,100.0,49645.0
1719259498.313304,100.0,49645.0
1719259498.5012755,100.0,49645.0
1719259498.6798437,58.0,49645.0
1719259498.8942533,58.0,49645.0
1719259499.0741627,53.0,49645.0
1719259499.302879,99.0,49645.0
1719259499.4944012,100.0,49645.0
1719259499.6809912,100.0,49645.0
1719259499.870352,100.0,49645.0
1719259500.0497158,100.0,49645.0
1719259500.2208266,41.0,49645.0
1719259500.4636526,99.0,49645.0
1719259500.6899352,100.0,49645.0
1719259500.9015982,100.0,49645.0
1719259501.0847027,100.0,49645.0
1719259501.33547,100.0,49645.0
1719259501.532198,76.0,49645.0
1719259501.719763,100.0,49645.0
1719259501.9139662,100.0,49645.0
1719259502.0720177,99.0,49645.0
1719259502.230397,100.0,49645.0
1719259502.3863904,100.0,49645.0
1719259502.540738,100.0,49645.0
1719259502.7008116,85.0,49645.0
1719259502.8609385,51.0,49645.0
1719259503.0216448,100.0,49645.0
1719259503.218904,97.0,49645.0
1719259503.4031475,100.0,49645.0
1719259503.6054595,100.0,49645.0
1719259503.8141077,100.0,49645.0
1719259504.009117,14.0,49645.0
1719259504.2017434,100.0,49645.0
1719259504.3622916,99.0,49645.0
1719259504.546169,100.0,49645.0
1719259504.7248662,100.0,49645.0
1719259504.8875535,100.0,49645.0
1719259505.071857,100.0,49645.0
1719259505.2623818,58.0,49645.0
1719259505.4660354,54.0,49645.0
1719259505.6615698,99.0,49645.0
1719259505.9236746,100.0,49645.0
1719259506.1722393,100.0,49645.0
1719259506.393645,100.0,49645.0
1719259506.6658797,6.0,49645.0
1719259506.8474877,94.0,49645.0
1719259507.028582,98.0,49645.0
1719259507.2211447,100.0,49645.0
1719259507.3791234,100.0,49645.0
1719259507.535027,100.0,49645.0
1719259507.6941283,100.0,49645.0
1719259507.85152,64.0,49645.0
1719259508.007214,64.0,49645.0
1719259508.1680298,84.0,49645.0
1719259508.3234878,100.0,49645.0
1719259508.536853,98.0,49645.0
1719259508.7358513,100.0,49645.0
1719259508.9070415,100.0,49645.0
1719259509.0972652,77.0,49645.0
1719259509.2816823,58.0,49645.0
1719259509.499222,100.0,49645.0
1719259509.7051933,99.0,49645.0
1719259509.8762476,100.0,49645.0
1719259510.0611064,100.0,49645.0
1719259510.2547343,100.0,49645.0
1719259510.6101713,5.0,49645.0
1719259510.8242483,98.0,49645.0
1719259511.0779703,94.0,49645.0
1719259511.3126252,100.0,49645.0
1719259511.5089152,100.0,49645.0
1719259511.7558346,72.0,49645.0
1719259511.9223795,66.0,49645.0
1719259512.0832484,100.0,49645.0
1719259512.274397,99.0,49645.0
1719259512.466463,100.0,49645.0
1719259512.6217654,100.0,49645.0
1719259512.778929,100.0,49645.0
1719259512.9320104,96.0,49645.0
1719259513.0875673,56.0,49645.0
1719259513.242563,100.0,49645.0
1719259513.400719,100.0,49645.0
1719259513.5569587,98.0,49645.0
1719259513.7130654,100.0,49645.0
1719259513.8962476,100.0,49645.0
1719259514.084588,100.0,49645.0
1719259514.285084,10.0,49645.0
1719259514.4685073,100.0,49645.0
1719259514.6488647,99.0,49645.0
1719259514.832684,100.0,49645.0
1719259515.0162401,100.0,49645.0
1719259515.1868308,100.0,49645.0
1719259515.3711147,100.0,49645.0
1719259515.5916295,57.0,49645.0
1719259515.7731676,56.0,49645.0
1719259516.032725,99.0,49645.0
1719259516.1979213,100.0,49645.0
1719259516.467677,100.0,49645.0
1719259516.6730304,100.0,49645.0
1719259516.9267764,6.0,49645.0
1719259517.1629739,95.0,49645.0
1719259517.371819,99.0,49645.0
1719259517.5428143,100.0,49645.0
1719259517.7233999,100.0,49645.0
1719259517.9115527,100.0,49645.0
1719259518.0782068,64.0,49645.0
1719259518.2421534,64.0,49645.0
1719259518.398349,80.0,49645.0
1719259518.5514789,100.0,49645.0
1719259518.7201056,99.0,49645.0
1719259518.8920972,100.0,49645.0
1719259519.0466964,100.0,49645.0
1719259519.2305353,78.0,49645.0
1719259519.4160738,36.0,49645.0
1719259519.615846,36.0,49645.0
1719259519.865602,99.0,49645.0
1719259520.061471,100.0,49645.0
1719259520.270125,100.0,49645.0
1719259520.4577367,100.0,49645.0
1719259520.6354558,100.0,49645.0
1719259520.8636599,35.0,49645.0
1719259521.0633209,99.0,49645.0
1719259521.268431,100.0,49645.0
1719259521.4642577,100.0,49645.0
1719259521.6301603,100.0,49645.0
1719259521.9050167,49.0,49645.0
1719259522.1691794,100.0,49645.0
1719259522.4650066,99.0,49645.0
1719259522.7275617,100.0,49645.0
1719259522.9147773,100.0,49645.0
1719259523.116118,100.0,49645.0
1719259523.3015552,100.0,49645.0
1719259523.4790936,38.0,49645.0
1719259523.6837742,99.0,49645.0
1719259523.8418524,99.0,49645.0
1719259524.0018353,100.0,49645.0
1719259524.156727,100.0,49645.0
1719259524.3369477,100.0,49645.0
1719259524.5055554,100.0,49645.0
1719259524.7129197,41.0,49645.0
1719259524.909443,100.0,49645.0
1719259525.0931885,95.0,49645.0
1719259525.2894716,100.0,49645.0
1719259525.5158544,100.0,49645.0
1719259525.6857233,73.0,49645.0
1719259525.8670847,73.0,49645.0
1719259526.0297503,39.0,49645.0
1719259526.211971,100.0,49645.0
1719259526.3912091,98.0,49645.0
1719259526.5628672,100.0,49645.0
1719259526.7609744,100.0,49645.0
1719259526.9313529,100.0,49645.0
1719259527.194735,22.0,49645.0
1719259527.427124,84.0,49645.0
1719259527.7238402,99.0,49645.0
1719259527.9760323,100.0,49645.0
1719259528.1823125,100.0,49645.0
1719259528.375527,74.0,49645.0
1719259528.5873148,34.0,49645.0
1719259528.7485225,100.0,49645.0
1719259528.9098678,100.0,49645.0
1719259529.067701,99.0,49645.0
1719259529.2203448,100.0,49645.0
1719259529.3727276,100.0,49645.0
1719259529.530609,100.0,49645.0
1719259529.686361,100.0,49645.0
1719259529.9235978,32.0,49645.0
1719259530.1424656,98.0,49645.0
1719259530.3268692,100.0,49645.0
1719259530.5397017,100.0,49645.0
1719259530.7247298,100.0,49645.0
1719259530.9600453,56.0,49645.0
1719259531.1708546,72.0,49645.0
1719259531.3415742,100.0,49645.0
1719259531.5317948,99.0,49645.0
1719259531.7402442,100.0,49645.0
1719259531.92009,100.0,49645.0
1719259532.109748,100.0,49645.0
1719259532.272913,55.0,49645.0
1719259532.535346,100.0,49645.0
1719259532.7858622,99.0,49645.0
1719259533.054043,100.0,49645.0
1719259533.3161778,100.0,49645.0
1719259533.5060718,100.0,49645.0
1719259533.6910346,43.0,49645.0
1719259533.8943949,100.0,49645.0
1719259534.0726407,99.0,49645.0
1719259534.2278917,100.0,49645.0
1719259534.385273,100.0,49645.0
1719259534.5397058,100.0,49645.0
1719259534.6989703,100.0,49645.0
1719259534.867598,39.0,49645.0
1719259535.0226493,100.0,49645.0
1719259535.1770608,100.0,49645.0
1719259535.3362684,100.0,49645.0
1719259535.5356784,100.0,49645.0
1719259535.7168305,100.0,49645.0
1719259535.8998444,100.0,49645.0
1719259536.1126788,77.0,49645.0
1719259536.3306518,77.0,49645.0
1719259536.5043087,100.0,49645.0
1719259536.6756523,98.0,49645.0
1719259536.8537085,100.0,49645.0
1719259537.0248816,100.0,49645.0
1719259537.2238605,100.0,49645.0
1719259537.3944888,29.0,49645.0
1719259537.5807161,100.0,49645.0
1719259537.7742352,99.0,49645.0
1719259537.9628642,100.0,49645.0
1719259538.2083385,100.0,49645.0
1719259538.392167,100.0,49645.0
1719259538.6971464,94.0,49645.0
1719259538.9718547,94.0,49645.0
1719259539.1878188,100.0,49645.0
1719259539.3963346,98.0,49645.0
1719259539.5807946,100.0,49645.0
1719259539.7352931,100.0,49645.0
1719259539.8902857,66.0,49645.0
1719259540.045321,78.0,49645.0
1719259540.2001855,100.0,49645.0
1719259540.3615234,100.0,49645.0
1719259540.516514,99.0,49645.0
1719259540.6830158,100.0,49645.0
1719259540.8683758,100.0,49645.0
1719259541.0500522,81.0,49645.0
1719259541.2423143,25.0,49645.0
1719259541.441333,100.0,49645.0
1719259541.6223876,99.0,49645.0
1719259541.8378556,99.0,49645.0
1719259542.016183,100.0,49645.0
1719259542.191718,100.0,49645.0
1719259542.3643599,100.0,49645.0
1719259542.551216,35.0,49645.0
1719259542.736637,85.0,49645.0
1719259542.939059,100.0,49645.0
1719259543.1281044,98.0,49645.0
1719259543.33226,100.0,49645.0
1719259543.5977867,73.0,49645.0
1719259543.8870733,38.0,49645.0
1719259544.0805426,100.0,49645.0
1719259544.365464,92.0,49645.0
1719259544.5407686,100.0,49645.0
1719259544.7535837,100.0,49645.0
1719259544.931903,100.0,49645.0
1719259545.0904114,100.0,49645.0
1719259545.2447166,40.0,49645.0
1719259545.4380364,99.0,49645.0
1719259545.5928302,99.0,49645.0
1719259545.749237,100.0,49645.0
1719259545.9026127,100.0,49645.0
1719259546.0599887,100.0,49645.0
1719259546.2535698,49.0,49645.0
1719259546.4680068,67.0,49645.0
1719259546.655766,67.0,49645.0
1719259546.8497298,98.0,49645.0
1719259547.0164523,100.0,49645.0
1719259547.2567792,100.0,49645.0
1719259547.4196,100.0,49645.0
1719259547.590849,92.0,49645.0
1719259547.7566893,32.0,49645.0
1719259547.9427342,100.0,49645.0
1719259548.1179042,99.0,49645.0
1719259548.3037689,100.0,49645.0
1719259548.4878185,100.0,49645.0
1719259548.6488783,100.0,49645.0
1719259548.918065,28.0,49645.0
1719259549.143109,56.0,49645.0
1719259549.4072664,99.0,49645.0
1719259549.6680284,100.0,49645.0
1719259549.8773286,100.0,49645.0
1719259550.06043,100.0,49645.0
1719259550.248684,100.0,49645.0
1719259550.4349043,17.0,49645.0
1719259550.596155,100.0,49645.0
1719259550.7500052,99.0,49645.0
1719259550.90346,100.0,49645.0
1719259551.0575216,100.0,49645.0
1719259551.2138584,100.0,49645.0
1719259551.3681984,100.0,49645.0
1719259551.5327022,45.0,49645.0
1719259551.7161689,92.0,49645.0
1719259551.9244795,100.0,49645.0
1719259552.1115875,98.0,49645.0
1719259552.3708827,100.0,49645.0
1719259552.5986874,100.0,49645.0
1719259552.7742774,70.0,49645.0
1719259552.9530222,70.0,49645.0
1719259553.1233132,0.0,49645.0
1719259553.2968192,0.0,49645.0
1719259553.4802992,0.0,49645.0
1719259553.7326481,0.0,49645.0
1719259553.9198043,37.0,49645.0
1719259554.1658945,100.0,49645.0
1719259554.3932931,98.0,49645.0
1719259554.6546614,100.0,49645.0
1719259554.9159873,100.0,49645.0
1719259555.1027122,100.0,49645.0
1719259555.3128047,95.0,49645.0
1719259555.5192804,97.0,49645.0
1719259555.700037,97.0,49645.0
1719259555.8554034,99.0,49645.0
1719259556.033264,100.0,49645.0
1719259556.1855936,100.0,49645.0
1719259556.348095,100.0,49645.0
1719259556.5237567,66.0,49645.0
1719259556.6822324,75.0,49645.0
1719259556.8517375,100.0,49645.0
1719259557.033536,99.0,49645.0
1719259557.2080417,100.0,49645.0
1719259557.410013,100.0,49645.0
1719259557.5814362,85.0,49645.0
1719259557.7832077,40.0,49645.0
1719259557.9879568,100.0,49645.0
1719259558.150813,100.0,49645.0
1719259558.3369927,100.0,49645.0
1719259558.5190027,100.0,49645.0
1719259558.686843,100.0,49645.0
1719259558.896748,100.0,49645.0
1719259559.1462786,21.0,49645.0
1719259559.3461516,99.0,49645.0
1719259559.5933259,99.0,49645.0
1719259559.8262887,100.0,49645.0
1719259560.0941772,66.0,49645.0
1719259560.3759553,45.0,49645.0
1719259560.5770972,100.0,49645.0
1719259560.7622223,98.0,49645.0
1719259560.956845,100.0,49645.0
1719259561.120693,100.0,49645.0
1719259561.2823558,100.0,49645.0
1719259561.438686,100.0,49645.0
1719259561.594628,100.0,49645.0
1719259561.7637572,33.0,49645.0
1719259561.9686208,99.0,49645.0
1719259562.1260183,99.0,49645.0
1719259562.3103023,100.0,49645.0
1719259562.517065,100.0,49645.0
1719259562.7242544,100.0,49645.0
1719259562.9282033,42.0,49645.0
1719259563.1321063,66.0,49645.0
1719259563.3688102,100.0,49645.0
1719259563.577717,100.0,49645.0
1719259563.735484,100.0,49645.0
1719259563.9151275,100.0,49645.0
1719259564.1006458,95.0,49645.0
1719259564.34079,25.0,49645.0
1719259564.5861967,99.0,49645.0
1719259564.8520439,100.0,49645.0
1719259565.1100988,100.0,49645.0
1719259565.3713753,36.0,49645.0
1719259565.6518276,62.0,49645.0
1719259565.8636575,100.0,49645.0
1719259566.0510693,97.0,49645.0
1719259566.2567916,100.0,49645.0
1719259566.416055,100.0,49645.0
1719259566.5744147,100.0,49645.0
1719259566.7336805,98.0,49645.0
1719259566.8890247,52.0,49645.0
1719259567.0436778,100.0,49645.0
1719259567.1994312,100.0,49645.0
1719259567.4073935,99.0,49645.0
1719259567.5636384,100.0,49645.0
1719259567.7558599,100.0,49645.0
1719259567.9568808,100.0,49645.0
1719259568.1715076,100.0,49645.0
1719259568.393731,98.0,49645.0
1719259568.5990694,100.0,49645.0
1719259568.7898448,100.0,49645.0
1719259568.9591646,100.0,49645.0
1719259569.1356647,100.0,49645.0
1719259569.3329818,57.0,49645.0
1719259569.5257313,73.0,49645.0
1719259569.7123845,100.0,49645.0
1719259569.884304,99.0,49645.0
1719259570.1501439,100.0,49645.0
1719259570.3938575,87.0,49645.0
1719259570.6515987,87.0,49645.0
1719259570.8323534,26.0,49645.0
1719259571.054848,99.0,49645.0
1719259571.2254314,100.0,49645.0
1719259571.4203365,100.0,49645.0
1719259571.597611,100.0,49645.0
1719259571.7560062,100.0,49645.0
1719259571.9318297,42.0,49645.0
1719259572.0872421,100.0,49645.0
1719259572.2406929,100.0,49645.0
1719259572.4009295,93.0,49645.0
1719259572.5600243,100.0,49645.0
1719259572.717508,100.0,49645.0
1719259572.894556,100.0,49645.0
1719259573.0944097,59.0,49645.0
1719259573.2981086,59.0,49645.0
1719259573.4764836,100.0,49645.0
1719259573.6601157,98.0,49645.0
1719259573.8674173,100.0,49645.0
1719259574.037398,100.0,49645.0
1719259574.221691,100.0,49645.0
1719259574.3846574,100.0,49645.0
1719259574.5663838,28.0,49645.0
1719259574.7612443,100.0,49645.0
1719259574.9571114,99.0,49645.0
1719259575.1434476,100.0,49645.0
1719259575.3157256,100.0,49645.0
1719259575.5713937,100.0,49645.0
1719259575.872712,83.0,49645.0
1719259576.1376376,100.0,49645.0
1719259576.3723388,99.0,49645.0
1719259576.5709665,100.0,49645.0
1719259576.7687235,100.0,49645.0
1719259576.9701598,76.0,49645.0
1719259577.1392503,76.0,49645.0
1719259577.2976365,100.0,49645.0
1719259577.4537237,100.0,49645.0
1719259577.610357,99.0,49645.0
1719259577.7649028,100.0,49645.0
1719259577.9212632,100.0,49645.0
1719259578.07797,100.0,49645.0
1719259578.2337675,100.0,49645.0
1719259578.39855,100.0,49645.0
1719259578.6597722,100.0,49645.0
1719259578.8631725,98.0,49645.0
1719259579.0671997,100.0,49645.0
1719259579.256676,100.0,49645.0
1719259579.437762,100.0,49645.0
1719259579.706113,100.0,49645.0
1719259579.894182,91.0,49645.0
1719259580.0671146,91.0,49645.0
1719259580.2370365,100.0,49645.0
1719259580.4237456,100.0,49645.0
1719259580.6271496,100.0,49645.0
1719259580.845448,84.0,49645.0
1719259581.1001618,100.0,49645.0
1719259581.366848,88.0,49645.0
1719259581.6230848,100.0,49645.0
1719259581.8273678,100.0,49645.0
1719259582.0306828,88.0,49645.0
1719259582.2284675,27.0,49645.0
1719259582.423,100.0,49645.0
1719259582.619168,99.0,49645.0
1719259582.7748613,100.0,49645.0
1719259582.9286513,100.0,49645.0
1719259583.0861068,100.0,49645.0
1719259583.2498345,100.0,49645.0
1719259583.4138236,40.0,49645.0
1719259583.5706763,40.0,49645.0
1719259583.725643,89.0,49645.0
1719259583.908055,100.0,49645.0
1719259584.1448827,100.0,49645.0
1719259584.3358612,100.0,49645.0
1719259584.5211303,64.0,49645.0
1719259584.7254434,64.0,49645.0
1719259584.9349635,61.0,49645.0
1719259585.1330812,99.0,49645.0
1719259585.297384,99.0,49645.0
1719259585.4785664,100.0,49645.0
1719259585.66895,100.0,49645.0
1719259585.8632286,99.0,49645.0
1719259586.1006567,17.0,49645.0
1719259586.3142998,87.0,49645.0
1719259586.565091,100.0,49645.0
1719259586.7694044,100.0,49645.0
1719259587.0235832,100.0,49645.0
1719259587.3722873,78.0,49645.0
1719259587.5556915,100.0,49645.0
1719259587.7795703,98.0,49645.0
1719259587.9674742,100.0,49645.0
1719259588.122459,100.0,49645.0
1719259588.2771313,100.0,49645.0
1719259588.4376755,82.0,49645.0
1719259588.6069055,55.0,49645.0
1719259588.77394,100.0,49645.0
1719259588.9449868,100.0,49645.0
1719259589.1125517,99.0,49645.0
1719259589.3103516,100.0,49645.0
1719259589.5181527,100.0,49645.0
1719259589.6973891,100.0,49645.0
1719259589.9783802,93.0,49645.0
1719259590.182586,99.0,49645.0
1719259590.3455155,99.0,49645.0
1719259590.5151637,98.0,49645.0
1719259590.7054315,100.0,49645.0
1719259590.881085,100.0,49645.0
1719259591.0609534,68.0,49645.0
1719259591.259433,57.0,49645.0
1719259591.4608393,100.0,49645.0
1719259591.658254,98.0,49645.0
1719259591.9210842,100.0,49645.0
1719259592.1225488,100.0,49645.0
1719259592.384374,29.0,49645.0
1719259592.6500235,100.0,49645.0
1719259592.856257,98.0,49645.0
1719259593.0422044,100.0,49645.0
1719259593.2435138,100.0,49645.0
1719259593.4009864,100.0,49645.0
1719259593.5702302,100.0,49645.0
1719259593.7937326,38.0,49645.0
1719259593.9996436,93.0,49645.0
1719259594.1737354,93.0,49645.0
1719259594.348667,96.0,49645.0
1719259594.536428,100.0,49645.0
1719259594.7290297,100.0,49645.0
1719259594.9257994,68.0,49645.0
1719259595.1157413,75.0,49645.0
1719259595.2964728,100.0,49645.0
1719259595.5192034,99.0,49645.0
1719259595.7055538,100.0,49645.0
1719259595.8846784,100.0,49645.0
1719259596.0672185,84.0,49645.0
1719259596.267668,84.0,49645.0
1719259596.4530735,100.0,49645.0
1719259596.6461706,99.0,49645.0
1719259596.8259664,100.0,49645.0
1719259597.0290058,100.0,49645.0
1719259597.30199,100.0,49645.0
1719259597.5578592,36.0,49645.0
1719259597.774578,62.0,49645.0
1719259598.050021,98.0,49645.0
1719259598.231777,100.0,49645.0
1719259598.4666288,100.0,49645.0
1719259598.6492162,100.0,49645.0
1719259598.808112,97.0,49645.0
1719259598.9723158,51.0,49645.0
1719259599.12571,100.0,49645.0
1719259599.2863705,100.0,49645.0
1719259599.4505231,99.0,49645.0
1719259599.6069326,100.0,49645.0
1719259599.777782,100.0,49645.0
1719259599.9990344,10.0,49645.0
1719259600.2163413,10.0,49645.0
1719259600.4061844,90.0,49645.0
1719259600.5952969,100.0,49645.0
1719259600.802967,98.0,49645.0
1719259600.9761684,100.0,49645.0
1719259601.1574094,100.0,49645.0
1719259601.3371592,71.0,49645.0
1719259601.529452,63.0,49645.0
1719259601.7173896,63.0,49645.0
1719259601.8882036,98.0,49645.0
1719259602.0755513,100.0,49645.0
1719259602.273729,100.0,49645.0
1719259602.45273,97.0,49645.0
1719259602.7231333,8.0,49645.0
1719259602.9873462,100.0,49645.0
1719259603.2124681,99.0,49645.0
1719259603.4525266,100.0,49645.0
1719259603.6252472,100.0,49645.0
1719259603.8258421,100.0,49645.0
1719259604.0108213,52.0,49645.0
1719259604.1761386,74.0,49645.0
1719259604.338294,100.0,49645.0
1719259604.4963138,98.0,49645.0
1719259604.6493406,98.0,49645.0
1719259604.8074076,100.0,49645.0
1719259604.9613545,100.0,49645.0
1719259605.1147695,87.0,49645.0
1719259605.2855568,43.0,49645.0
1719259605.4893987,100.0,49645.0
1719259605.6823244,100.0,49645.0
1719259605.8640807,98.0,49645.0
1719259606.0653737,100.0,49645.0
1719259606.2566228,100.0,49645.0
1719259606.4413836,100.0,49645.0
1719259606.6263726,28.0,49645.0
1719259606.7929227,100.0,49645.0
1719259606.9631715,99.0,49645.0
1719259607.1542344,100.0,49645.0
1719259607.364745,100.0,49645.0
1719259607.5504107,100.0,49645.0
1719259607.7413597,50.0,49645.0
1719259607.9780958,52.0,49645.0
1719259608.190507,100.0,49645.0
1719259608.4690158,100.0,49645.0
1719259608.7579696,100.0,49645.0
1719259608.9354367,100.0,49645.0
1719259609.1338685,35.0,49645.0
1719259609.335571,100.0,49645.0
1719259609.507499,100.0,49645.0
1719259609.6718154,99.0,49645.0
1719259609.8377852,100.0,49645.0
1719259610.002247,100.0,49645.0
1719259610.1707125,100.0,49645.0
1719259610.3304977,100.0,49645.0
1719259610.5242615,50.0,49645.0
1719259610.7294142,98.0,49645.0
1719259610.9584253,100.0,49645.0
1719259611.158992,100.0,49645.0
1719259611.3549385,100.0,49645.0
1719259611.5770204,49.0,49645.0
1719259611.7687502,54.0,49645.0
1719259611.9668157,54.0,49645.0
1719259612.1419046,100.0,49645.0
1719259612.324527,100.0,49645.0
1719259612.5230582,100.0,49645.0
1719259612.693186,100.0,49645.0
1719259612.8850818,100.0,49645.0
1719259613.062496,100.0,49645.0
1719259613.3578777,99.0,49645.0
1719259613.5901694,100.0,49645.0
1719259613.840876,100.0,49645.0
1719259614.0955794,100.0,49645.0
1719259614.3381422,47.0,49645.0
1719259614.5563934,100.0,49645.0
1719259614.7544906,99.0,49645.0
1719259614.9193845,99.0,49645.0
1719259615.0862377,100.0,49645.0
1719259615.2460642,100.0,49645.0
1719259615.4037366,84.0,49645.0
1719259615.56329,84.0,49645.0
1719259615.7202585,60.0,49645.0
1719259615.8746407,100.0,49645.0
1719259616.0337505,99.0,49645.0
1719259616.240308,100.0,49645.0
1719259616.4287674,100.0,49645.0
1719259616.618658,100.0,49645.0
1719259616.7987697,100.0,49645.0
1719259616.9962442,100.0,49645.0
1719259617.2108793,99.0,49645.0
1719259617.3900545,100.0,49645.0
1719259617.565748,100.0,49645.0
1719259617.7422683,100.0,49645.0
1719259617.9219508,100.0,49645.0
1719259618.127197,53.0,49645.0
1719259618.3412507,66.0,49645.0
1719259618.5131257,99.0,49645.0
1719259618.7892346,100.0,49645.0
1719259619.0347738,100.0,49645.0
1719259619.2968547,93.0,49645.0
1719259619.614459,100.0,49645.0
1719259619.8587172,98.0,49645.0
1719259620.042079,100.0,49645.0
1719259620.2258837,100.0,49645.0
1719259620.384214,100.0,49645.0
1719259620.5417624,100.0,49645.0
1719259620.7007868,42.0,49645.0
1719259620.855313,42.0,49645.0
1719259621.0106406,97.0,49645.0
1719259621.1702332,95.0,49645.0
1719259621.3255227,99.0,49645.0
1719259621.4861786,100.0,49645.0
1719259621.701965,100.0,49645.0
1719259621.9216876,67.0,49645.0
1719259622.0938451,69.0,49645.0
1719259622.2823815,100.0,49645.0
1719259622.5062735,88.0,49645.0
1719259622.6767042,100.0,49645.0
1719259622.8532944,100.0,49645.0
1719259623.0185773,100.0,49645.0
1719259623.201504,47.0,49645.0
1719259623.4238398,47.0,49645.0
1719259623.6182768,98.0,49645.0
1719259623.8147502,100.0,49645.0
1719259623.9855306,100.0,49645.0
1719259624.269985,100.0,49645.0
1719259624.499723,15.0,49645.0
1719259624.7662995,99.0,49645.0
1719259625.0006962,100.0,49645.0
1719259625.1827466,100.0,49645.0
1719259625.3761125,100.0,49645.0
1719259625.5578978,100.0,49645.0
1719259625.7307444,65.0,49645.0
1719259625.8857884,65.0,49645.0
1719259626.040063,82.0,49645.0
1719259626.1945384,100.0,49645.0
1719259626.3504832,99.0,49645.0
1719259626.5062382,100.0,49645.0
1719259626.6615822,100.0,49645.0
1719259626.8290517,79.0,49645.0
1719259627.0511413,35.0,49645.0
1719259627.2542255,100.0,49645.0
1719259627.4393127,99.0,49645.0
1719259627.6377504,99.0,49645.0
1719259627.820379,100.0,49645.0
1719259627.9850535,100.0,49645.0
1719259628.163692,100.0,49645.0
1719259628.3453562,29.0,49645.0
1719259628.5388472,100.0,49645.0
1719259628.7264993,99.0,49645.0
1719259628.9226599,100.0,49645.0
1719259629.1096265,100.0,49645.0
1719259629.2782433,100.0,49645.0
1719259629.5135126,59.0,49645.0
1719259629.7456045,42.0,49645.0
1719259629.9886494,100.0,49645.0
1719259630.1841788,92.0,49645.0
1719259630.410505,100.0,49645.0
1719259630.5863655,100.0,49645.0
1719259630.7744262,100.0,49645.0
1719259630.9732518,26.0,49645.0
1719259631.1365235,26.0,49645.0
1719259631.2978892,99.0,49645.0
1719259631.463105,99.0,49645.0
1719259631.6259584,100.0,49645.0
1719259631.7806451,100.0,49645.0
1719259631.9353998,100.0,49645.0
1719259632.099166,61.0,49645.0
1719259632.2800908,77.0,49645.0
1719259632.466255,77.0,49645.0
1719259632.6976378,100.0,49645.0
1719259632.8992171,100.0,49645.0
1719259633.0813944,100.0,49645.0
1719259633.2977557,82.0,49645.0
1719259633.4693637,82.0,49645.0
1719259633.654,51.0,49645.0
1719259633.8211868,100.0,49645.0
1719259633.9986327,98.0,49645.0
1719259634.2085073,100.0,49645.0
1719259634.4004452,100.0,49645.0
1719259634.5743928,100.0,49645.0
1719259634.7599728,100.0,49645.0
1719259635.0856616,99.0,49645.0
1719259635.3439777,100.0,49645.0
1719259635.5447419,100.0,49645.0
1719259635.7977326,100.0,49645.0
1719259635.9737098,43.0,49645.0
1719259636.1616354,87.0,49645.0
1719259636.3517163,87.0,49645.0
1719259636.5185754,89.0,49645.0
1719259636.6770651,89.0,49645.0
1719259636.835222,100.0,49645.0
1719259636.9908075,100.0,49645.0
1719259637.1504557,100.0,49645.0
1719259637.3270392,81.0,49645.0
1719259637.4920056,57.0,49645.0
1719259637.6749444,100.0,49645.0
1719259637.8677552,98.0,49645.0
1719259638.062212,100.0,49645.0
1719259638.2525942,100.0,49645.0
1719259638.4406786,100.0,49645.0
1719259638.6357455,10.0,49645.0
1719259638.7994576,100.0,49645.0
1719259638.983676,99.0,49645.0
1719259639.1415792,100.0,49645.0
1719259639.3230405,100.0,49645.0
1719259639.4982631,100.0,49645.0
1719259639.697714,100.0,49645.0
1719259639.8893728,53.0,49645.0
1719259640.0548813,78.0,49645.0
1719259640.3848689,99.0,49645.0
1719259640.5834708,100.0,49645.0
1719259640.8236403,100.0,49645.0
1719259641.0749462,81.0,49645.0
1719259641.260537,37.0,49645.0
1719259641.4393876,100.0,49645.0
1719259641.632402,99.0,49645.0
1719259641.8042386,100.0,49645.0
1719259641.9605322,100.0,49645.0
1719259642.115139,100.0,49645.0
1719259642.2734578,100.0,49645.0
1719259642.4419668,40.0,49645.0
1719259642.605093,100.0,49645.0
1719259642.7669096,100.0,49645.0
1719259642.9243476,99.0,49645.0
1719259643.1334474,100.0,49645.0
1719259643.3328843,100.0,49645.0
1719259643.536591,100.0,49645.0
1719259643.7172663,44.0,49645.0
1719259643.8936331,72.0,49645.0
1719259644.0804055,100.0,49645.0
1719259644.2526498,99.0,49645.0
1719259644.4429433,100.0,49645.0
1719259644.6326833,100.0,49645.0
1719259644.8307748,100.0,49645.0
1719259645.0148268,27.0,49645.0
1719259645.2188687,27.0,49645.0
1719259645.408186,99.0,49645.0
1719259645.618621,100.0,49645.0
1719259645.887009,100.0,49645.0
1719259646.155131,34.0,49645.0
1719259646.4034727,79.0,49645.0
1719259646.609927,100.0,49645.0
1719259646.788794,100.0,49645.0
1719259647.0169451,99.0,49645.0
1719259647.2120965,100.0,49645.0
1719259647.4152498,79.0,49645.0
1719259647.594397,79.0,49645.0
1719259647.755652,61.0,49645.0
1719259647.909918,100.0,49645.0
1719259648.0706198,99.0,49645.0
1719259648.228715,100.0,49645.0
1719259648.3851311,100.0,49645.0
1719259648.5786352,100.0,49645.0
1719259648.7701068,18.0,49645.0
1719259648.9803715,18.0,49645.0
1719259649.1620016,100.0,49645.0
1719259649.3600268,98.0,49645.0
1719259649.5286489,100.0,49645.0
1719259649.708422,100.0,49645.0
1719259649.8752563,100.0,49645.0
1719259650.0464125,44.0,49645.0
1719259650.2398539,69.0,49645.0
1719259650.4457915,69.0,49645.0
1719259650.6313767,98.0,49645.0
1719259650.7902691,100.0,49645.0
1719259651.047109,100.0,49645.0
1719259651.282644,91.0,49645.0
1719259651.5390065,0.0,49645.0
1719259651.791069,100.0,49645.0
1719259652.0003676,100.0,49645.0
1719259652.1787336,98.0,49645.0
1719259652.3614419,100.0,49645.0
1719259652.5346344,100.0,49645.0
1719259652.6955743,85.0,49645.0
1719259652.865319,56.0,49645.0
1719259653.019742,56.0,49645.0
1719259653.1740882,100.0,49645.0
1719259653.3393695,99.0,49645.0
1719259653.4934778,100.0,49645.0
1719259653.6529336,100.0,49645.0
1719259653.8579602,100.0,49645.0
1719259654.0320168,100.0,49645.0
1719259654.2527678,100.0,49645.0
1719259654.4474506,87.0,49645.0
1719259654.6353526,100.0,49645.0
1719259654.8370776,100.0,49645.0
1719259655.0183308,100.0,49645.0
1719259655.189134,100.0,49645.0
1719259655.3749628,64.0,49645.0
1719259655.5444417,73.0,49645.0
1719259655.7259712,100.0,49645.0
1719259655.9197896,88.0,49645.0
1719259656.124223,100.0,49645.0
1719259656.3153012,100.0,49645.0
1719259656.5906558,99.0,49645.0
1719259656.8178174,100.0,49645.0
1719259657.045288,91.0,49645.0
1719259657.3077686,100.0,49645.0
1719259657.480772,100.0,49645.0
1719259657.678591,100.0,49645.0
1719259657.8674455,100.0,49645.0
1719259658.0707233,62.0,49645.0
1719259658.2261772,79.0,49645.0
1719259658.3807933,100.0,49645.0
1719259658.5427108,99.0,49645.0
1719259658.7003498,99.0,49645.0
1719259658.8557825,100.0,49645.0
1719259659.016103,100.0,49645.0
1719259659.1973784,80.0,49645.0
1719259659.4174883,44.0,49645.0
1719259659.6086614,100.0,49645.0
1719259659.842845,100.0,49645.0
1719259660.0471385,100.0,49645.0
1719259660.2110624,100.0,49645.0
1719259660.3887503,100.0,49645.0
1719259660.5809262,28.0,49645.0
1719259660.768578,100.0,49645.0
1719259660.9708886,98.0,49645.0
1719259661.170743,100.0,49645.0
1719259661.354726,100.0,49645.0
1719259661.530301,100.0,49645.0
1719259661.7689834,57.0,49645.0
1719259661.9596417,49.0,49645.0
1719259662.2050185,100.0,49645.0
1719259662.4444594,97.0,49645.0
1719259662.6277616,100.0,49645.0
1719259662.791451,100.0,49645.0
1719259662.9824414,100.0,49645.0
1719259663.1812863,100.0,49645.0
1719259663.336073,100.0,49645.0
1719259663.5075798,100.0,49645.0
1719259663.6684542,99.0,49645.0
1719259663.8233688,100.0,49645.0
1719259663.9778905,100.0,49645.0
1719259664.1344483,100.0,49645.0
1719259664.2872102,100.0,49645.0
1719259664.4630938,46.0,49645.0
1719259664.6772668,87.0,49645.0
1719259664.9268067,99.0,49645.0
1719259665.124893,100.0,49645.0
1719259665.3071096,100.0,49645.0
1719259665.5028403,100.0,49645.0
1719259665.6658416,73.0,49645.0
1719259665.8499286,60.0,49645.0
1719259666.013824,100.0,49645.0
1719259666.2002578,91.0,49645.0
1719259666.3871462,100.0,49645.0
1719259666.5582204,100.0,49645.0
1719259666.7597654,100.0,49645.0
1719259666.941244,43.0,49645.0
1719259667.1883698,100.0,49645.0
1719259667.4427328,100.0,49645.0
1719259667.6950364,100.0,49645.0
1719259667.910911,100.0,49645.0
1719259668.1452565,29.0,49645.0
1719259668.3285494,99.0,49645.0
1719259668.5256193,99.0,49645.0
1719259668.7146509,98.0,49645.0
1719259668.8790927,100.0,49645.0
1719259669.0357683,100.0,49645.0
1719259669.1894617,100.0,49645.0
1719259669.3449566,100.0,49645.0
1719259669.5558758,60.0,49645.0
1719259669.7177813,81.0,49645.0
1719259669.922755,100.0,49645.0
1719259670.1177607,98.0,49645.0
1719259670.3335884,100.0,49645.0
1719259670.5398448,79.0,49645.0
1719259670.7392802,79.0,49645.0
1719259670.9192605,35.0,49645.0
1719259671.0907483,100.0,49645.0
1719259671.2725532,98.0,49645.0
1719259671.4600585,100.0,49645.0
1719259671.6307733,100.0,49645.0
1719259671.8282676,100.0,49645.0
1719259672.0178378,30.0,49645.0
1719259672.2099764,100.0,49645.0
1719259672.3805544,100.0,49645.0
1719259672.6246696,97.0,49645.0
1719259672.8559582,100.0,49645.0
1719259673.1230018,69.0,49645.0
1719259673.4112864,33.0,49645.0
1719259673.5849993,33.0,49645.0
1719259673.788093,100.0,49645.0
1719259673.971912,98.0,49645.0
