timestamp,gpu_util,gpu_mem
1719325917.5807347,0.0,4.0
1719325917.7164686,0.0,4.0
1719325917.8486834,0.0,4.0
1719325917.9848952,0.0,21.0
1719325918.131483,0.0,633.0
1719325918.2636235,7.0,633.0
1719325918.4032202,0.0,633.0
1719325918.5432053,0.0,633.0
1719325918.669805,0.0,633.0
1719325918.7959342,0.0,633.0
1719325918.9228232,0.0,633.0
1719325919.0512471,0.0,633.0
1719325919.177087,0.0,633.0
1719325919.3028154,0.0,633.0
1719325919.4286225,0.0,633.0
1719325919.5554307,0.0,633.0
1719325919.6838648,0.0,633.0
1719325919.8095183,0.0,633.0
1719325919.9348025,0.0,633.0
1719325920.0603623,0.0,633.0
1719325920.1860464,0.0,633.0
1719325920.3117788,0.0,633.0
1719325920.4383051,0.0,633.0
1719325920.5637445,0.0,633.0
1719325920.6895893,0.0,633.0
1719325920.8152072,0.0,633.0
1719325920.9410205,0.0,633.0
1719325921.0667076,0.0,633.0
1719325921.1924808,0.0,633.0
1719325921.3181503,0.0,633.0
1719325921.4457183,0.0,633.0
1719325921.5720441,0.0,633.0
1719325921.697679,0.0,633.0
1719325921.8233652,0.0,633.0
1719325921.9491694,0.0,633.0
1719325922.07582,0.0,633.0
1719325922.2039435,0.0,633.0
1719325922.3301659,0.0,633.0
1719325922.4558148,0.0,633.0
1719325922.5819452,0.0,633.0
1719325922.7074647,0.0,633.0
1719325922.8343458,0.0,633.0
1719325922.96201,0.0,633.0
1719325923.0873108,0.0,633.0
1719325923.2127512,0.0,633.0
1719325923.3383327,0.0,633.0
1719325923.4638364,0.0,633.0
1719325923.5915606,0.0,633.0
1719325923.7188027,0.0,633.0
1719325923.844174,0.0,633.0
1719325923.9778092,0.0,633.0
1719325924.1040673,0.0,633.0
1719325924.2313752,0.0,633.0
1719325924.3567708,0.0,633.0
1719325924.4824681,0.0,633.0
1719325924.6085896,0.0,633.0
1719325924.7343335,0.0,633.0
1719325924.8596199,0.0,633.0
1719325924.9879675,0.0,633.0
1719325925.1135447,0.0,633.0
1719325925.2394195,0.0,633.0
1719325925.3654222,0.0,633.0
1719325925.4906714,0.0,633.0
1719325925.6168816,0.0,633.0
1719325925.7431624,0.0,633.0
1719325925.8704019,0.0,633.0
1719325925.9960833,0.0,633.0
1719325926.1219323,0.0,633.0
1719325926.247819,0.0,633.0
1719325926.3740003,0.0,633.0
1719325926.49958,0.0,633.0
1719325926.6266108,0.0,633.0
1719325926.7534783,0.0,633.0
1719325926.879123,0.0,633.0
1719325927.0044308,0.0,633.0
1719325927.1298027,0.0,633.0
1719325927.2550328,0.0,633.0
1719325927.3802342,0.0,633.0
1719325927.5066745,0.0,633.0
1719325927.6330817,0.0,633.0
1719325927.7603433,0.0,633.0
1719325927.8857713,0.0,633.0
1719325928.0114818,0.0,633.0
1719325928.1373355,0.0,633.0
1719325928.2629056,0.0,633.0
1719325928.3895316,0.0,633.0
1719325928.5180361,0.0,633.0
1719325928.643596,0.0,633.0
1719325928.7691553,0.0,633.0
1719325928.8960254,0.0,633.0
1719325929.0217643,0.0,633.0
1719325929.1490517,0.0,633.0
1719325929.2743576,0.0,633.0
1719325929.3998194,0.0,633.0
1719325929.526248,0.0,633.0
1719325929.6518147,0.0,633.0
1719325929.7775786,0.0,633.0
1719325929.903099,0.0,633.0
1719325930.0295289,0.0,633.0
1719325930.1564896,0.0,633.0
1719325930.2820027,0.0,633.0
1719325930.4073792,0.0,633.0
1719325930.5327795,0.0,633.0
1719325930.6597326,0.0,633.0
1719325930.788003,0.0,633.0
1719325930.9163857,0.0,633.0
1719325931.043201,0.0,633.0
1719325931.1713893,0.0,633.0
1719325931.29945,0.0,633.0
1719325931.4282799,0.0,633.0
1719325931.555999,0.0,633.0
1719325931.681682,0.0,633.0
1719325931.8075538,0.0,633.0
1719325931.934187,0.0,633.0
1719325932.0623937,0.0,633.0
1719325932.1876583,0.0,633.0
1719325932.3130643,0.0,633.0
1719325932.4386194,0.0,633.0
1719325932.5650883,0.0,633.0
1719325932.6903262,0.0,633.0
1719325932.816657,0.0,633.0
1719325932.9429357,0.0,633.0
1719325933.0684648,0.0,633.0
1719325933.1940112,0.0,633.0
1719325933.3200195,0.0,633.0
1719325933.4458396,0.0,633.0
1719325933.5722706,0.0,633.0
1719325933.6993108,0.0,633.0
1719325933.8269136,0.0,633.0
1719325933.9521754,0.0,633.0
1719325934.0775137,0.0,633.0
1719325934.2031283,0.0,633.0
1719325934.3285942,0.0,633.0
1719325934.4540536,0.0,633.0
1719325934.5815306,0.0,633.0
1719325934.7082171,0.0,633.0
1719325934.8339293,0.0,633.0
1719325934.95922,0.0,633.0
1719325935.0845215,0.0,633.0
1719325935.2101808,0.0,633.0
1719325935.3362374,0.0,633.0
1719325935.462857,0.0,633.0
1719325935.5897045,0.0,633.0
1719325935.7154036,0.0,633.0
1719325935.8414292,0.0,633.0
1719325935.9673283,0.0,633.0
1719325936.0931826,0.0,633.0
1719325936.2199342,0.0,633.0
1719325936.3479912,0.0,633.0
1719325936.4737232,0.0,633.0
1719325936.6006262,0.0,633.0
1719325936.7265832,0.0,633.0
1719325936.853511,0.0,633.0
1719325936.9834652,0.0,633.0
1719325937.1093035,0.0,633.0
1719325937.2350657,0.0,633.0
1719325937.3612173,0.0,633.0
1719325937.4888499,0.0,633.0
1719325937.6167977,0.0,633.0
1719325937.7431118,0.0,633.0
1719325937.8691363,0.0,633.0
1719325937.9953828,0.0,633.0
1719325938.1215577,0.0,633.0
1719325938.2484317,0.0,633.0
1719325938.376199,0.0,633.0
1719325938.502232,0.0,633.0
1719325938.631698,0.0,633.0
1719325938.7581916,0.0,633.0
1719325938.885621,0.0,633.0
1719325939.011752,0.0,633.0
1719325939.137376,0.0,633.0
1719325939.2634535,0.0,633.0
1719325939.38943,0.0,633.0
1719325939.5166476,0.0,633.0
1719325939.6438189,0.0,633.0
1719325939.7695494,0.0,633.0
1719325939.895279,0.0,633.0
1719325940.021276,0.0,633.0
1719325940.1469905,0.0,633.0
1719325940.2730882,0.0,633.0
1719325940.3997319,0.0,633.0
1719325940.5273614,0.0,633.0
1719325940.654289,0.0,633.0
1719325940.7803602,0.0,633.0
1719325940.9061468,0.0,633.0
1719325941.0321398,0.0,633.0
1719325941.1583369,0.0,633.0
1719325941.285959,0.0,633.0
1719325941.4120553,0.0,633.0
1719325941.5394905,0.0,633.0
1719325941.6650374,0.0,633.0
1719325941.7905564,0.0,633.0
1719325941.9169466,0.0,633.0
1719325942.044078,0.0,633.0
1719325942.1696239,0.0,633.0
1719325942.295099,0.0,633.0
1719325942.4206636,0.0,633.0
1719325942.5462773,0.0,633.0
1719325942.6724768,0.0,633.0
1719325942.7988687,0.0,633.0
1719325942.927034,0.0,633.0
1719325943.0525467,0.0,633.0
1719325943.17836,0.0,633.0
1719325943.3035805,0.0,633.0
1719325943.4288268,0.0,633.0
1719325943.5582776,0.0,633.0
1719325943.6849976,0.0,633.0
1719325943.8104923,0.0,633.0
1719325943.937193,0.0,633.0
1719325944.0628536,0.0,633.0
1719325944.1885126,0.0,633.0
1719325944.3152697,0.0,633.0
1719325944.4418333,0.0,633.0
1719325944.5690823,0.0,633.0
1719325944.694592,0.0,633.0
1719325944.820016,0.0,633.0
1719325944.9462805,0.0,633.0
1719325945.073261,0.0,633.0
1719325945.2011762,0.0,633.0
1719325945.3266144,0.0,633.0
1719325945.45204,0.0,633.0
1719325945.5786376,0.0,633.0
1719325945.704287,0.0,633.0
1719325945.8298104,0.0,633.0
1719325945.9572783,0.0,633.0
1719325946.0828156,0.0,633.0
1719325946.2080188,0.0,633.0
1719325946.3333607,0.0,633.0
1719325946.4584825,0.0,633.0
1719325946.5847487,0.0,633.0
1719325946.710394,0.0,633.0
1719325946.8369155,0.0,633.0
1719325946.962938,0.0,633.0
1719325947.0881221,0.0,633.0
1719325947.2133188,0.0,633.0
1719325947.3386486,0.0,633.0
1719325947.4650311,0.0,633.0
1719325947.5915663,0.0,633.0
1719325947.7179968,0.0,633.0
1719325947.8462498,0.0,633.0
1719325947.9718642,0.0,633.0
1719325948.0974693,0.0,633.0
1719325948.2237215,0.0,633.0
1719325948.3492692,0.0,633.0
1719325948.475659,0.0,633.0
1719325948.60216,0.0,633.0
1719325948.7284825,0.0,633.0
1719325948.8536582,0.0,633.0
1719325948.9788692,0.0,633.0
1719325949.1040127,0.0,633.0
1719325949.2292774,0.0,633.0
1719325949.3544772,0.0,633.0
1719325949.4813497,0.0,633.0
1719325949.6076605,0.0,633.0
1719325949.733366,0.0,633.0
1719325949.8589776,0.0,633.0
1719325949.9844515,0.0,633.0
1719325950.109957,0.0,633.0
1719325950.2357745,0.0,633.0
1719325950.362144,0.0,633.0
1719325950.4904602,0.0,633.0
1719325950.6174366,0.0,633.0
1719325950.7429657,0.0,633.0
1719325950.868706,0.0,633.0
1719325950.9956834,0.0,633.0
1719325951.123033,0.0,633.0
1719325951.2493446,0.0,633.0
1719325951.375323,0.0,633.0
1719325951.5009098,0.0,633.0
1719325951.6274083,0.0,633.0
1719325951.755391,0.0,633.0
1719325951.8828688,0.0,633.0
1719325952.0093637,0.0,633.0
1719325952.134768,0.0,633.0
1719325952.2602935,0.0,633.0
1719325952.3859322,0.0,633.0
1719325952.5124059,0.0,633.0
1719325952.6382868,0.0,633.0
1719325952.7651894,0.0,633.0
1719325952.8907316,0.0,633.0
1719325953.0187163,0.0,633.0
1719325953.1469128,0.0,633.0
1719325953.2755246,0.0,633.0
1719325953.401189,0.0,633.0
1719325953.5268903,0.0,633.0
1719325953.6536963,0.0,633.0
1719325953.7791598,0.0,633.0
1719325953.9073575,0.0,633.0
1719325954.03281,0.0,633.0
1719325954.1583717,0.0,633.0
1719325954.2839537,0.0,633.0
1719325954.409446,0.0,633.0
1719325954.5363183,0.0,633.0
1719325954.6627119,0.0,633.0
1719325954.790825,0.0,633.0
1719325954.916767,0.0,633.0
1719325955.042246,0.0,633.0
1719325955.1679728,0.0,633.0
1719325955.2934911,0.0,633.0
1719325955.4212809,0.0,633.0
1719325955.547908,0.0,633.0
1719325955.6733315,0.0,633.0
1719325955.7985804,0.0,633.0
1719325955.924324,0.0,633.0
1719325956.0500221,0.0,633.0
1719325956.1757953,0.0,633.0
1719325956.3023922,0.0,633.0
1719325956.4296458,0.0,633.0
1719325956.5566602,0.0,633.0
1719325956.6829972,0.0,633.0
1719325956.8089523,0.0,633.0
1719325956.935781,0.0,633.0
1719325957.064027,0.0,633.0
1719325957.1895258,0.0,633.0
1719325957.3150833,0.0,633.0
1719325957.4409928,0.0,633.0
