timestamp,gpu_util,gpu_mem
1719326381.9357204,0.0,4.0
1719326382.0743575,0.0,4.0
1719326382.210383,0.0,4.0
1719326382.3550935,0.0,21.0
1719326382.5112908,0.0,633.0
1719326382.6510994,7.0,633.0
1719326382.790733,0.0,633.0
1719326382.930653,0.0,633.0
1719326383.0767522,0.0,633.0
1719326383.2154791,0.0,633.0
1719326383.3552916,0.0,633.0
1719326383.490622,0.0,633.0
1719326383.624222,0.0,633.0
1719326383.7606072,0.0,633.0
1719326383.8950894,0.0,633.0
1719326384.0301464,0.0,633.0
1719326384.1631038,0.0,633.0
1719326384.2960224,0.0,633.0
1719326384.42775,0.0,633.0
1719326384.5598245,0.0,633.0
1719326384.6945472,0.0,633.0
1719326384.8324063,0.0,633.0
1719326384.9723656,0.0,633.0
1719326385.1093106,0.0,633.0
1719326385.2436044,0.0,633.0
1719326385.380267,0.0,633.0
1719326385.5127635,0.0,633.0
1719326385.6450021,0.0,633.0
1719326385.7746215,0.0,633.0
1719326385.9078507,0.0,633.0
1719326386.04281,0.0,633.0
1719326386.1782663,0.0,633.0
1719326386.3144853,0.0,633.0
1719326386.4539967,0.0,633.0
1719326386.5942836,0.0,633.0
1719326386.733278,0.0,633.0
1719326386.8719811,0.0,633.0
1719326387.010278,0.0,633.0
1719326387.149057,0.0,633.0
1719326387.285194,0.0,633.0
1719326387.4212265,0.0,633.0
1719326387.5600464,0.0,633.0
1719326387.6965384,0.0,633.0
1719326387.8336308,0.0,633.0
1719326387.9714077,0.0,633.0
1719326388.109914,0.0,633.0
1719326388.2492807,0.0,633.0
1719326388.3851073,0.0,633.0
1719326388.520773,0.0,633.0
1719326388.655823,0.0,633.0
1719326388.7889137,0.0,633.0
1719326388.9235046,0.0,633.0
1719326389.055781,0.0,633.0
1719326389.1893094,0.0,633.0
1719326389.321329,0.0,633.0
1719326389.453812,0.0,633.0
1719326389.5868993,0.0,633.0
1719326389.7244263,0.0,633.0
1719326389.8695946,0.0,633.0
1719326390.0079458,0.0,633.0
1719326390.1427228,0.0,633.0
1719326390.279328,0.0,633.0
1719326390.4157748,0.0,633.0
1719326390.549586,0.0,633.0
1719326390.682091,0.0,633.0
1719326390.8191307,0.0,633.0
1719326390.9548802,0.0,633.0
1719326391.0920074,0.0,633.0
1719326391.2305934,0.0,633.0
1719326391.3698027,0.0,633.0
1719326391.505321,0.0,633.0
1719326391.644504,0.0,633.0
1719326391.784097,0.0,633.0
1719326391.922041,0.0,633.0
1719326392.0614667,0.0,633.0
1719326392.199321,0.0,633.0
1719326392.3359714,0.0,633.0
1719326392.4734266,0.0,633.0
1719326392.6117806,0.0,633.0
1719326392.7493942,0.0,633.0
1719326392.888385,0.0,633.0
1719326393.0274785,0.0,633.0
1719326393.1654217,0.0,633.0
1719326393.3006809,0.0,633.0
1719326393.4347517,0.0,633.0
1719326393.5692234,0.0,633.0
1719326393.7030916,0.0,633.0
1719326393.837228,0.0,633.0
1719326393.968306,0.0,633.0
1719326394.1010597,0.0,633.0
1719326394.2316272,0.0,633.0
1719326394.3662798,0.0,633.0
1719326394.5022655,0.0,633.0
1719326394.6409461,0.0,633.0
1719326394.7811418,0.0,633.0
1719326394.9192083,0.0,633.0
1719326395.0531156,0.0,633.0
1719326395.1895862,0.0,633.0
1719326395.3243043,0.0,633.0
1719326395.4548063,0.0,633.0
1719326395.5861447,0.0,633.0
1719326395.722674,0.0,633.0
1719326395.86077,0.0,633.0
1719326395.9966373,0.0,633.0
1719326396.134256,0.0,633.0
1719326396.2731931,0.0,633.0
1719326396.4113588,0.0,633.0
1719326396.5485117,0.0,633.0
1719326396.6864545,0.0,633.0
1719326396.8244224,0.0,633.0
1719326396.9610078,0.0,633.0
1719326397.097227,0.0,633.0
1719326397.234332,0.0,633.0
1719326397.3725176,0.0,633.0
1719326397.5090303,0.0,633.0
1719326397.6454434,0.0,633.0
1719326397.7864022,0.0,633.0
1719326397.925508,0.0,633.0
1719326398.0643232,0.0,633.0
1719326398.2011414,0.0,633.0
1719326398.3373375,0.0,633.0
1719326398.4705746,0.0,633.0
1719326398.6054323,0.0,633.0
1719326398.738809,0.0,633.0
1719326398.871259,0.0,633.0
1719326399.0027187,0.0,633.0
1719326399.1343787,0.0,633.0
1719326399.2666826,0.0,633.0
1719326399.4015083,0.0,633.0
1719326399.539514,0.0,633.0
1719326399.6771455,0.0,633.0
1719326399.8136292,0.0,633.0
1719326399.9478338,0.0,633.0
1719326400.0849283,0.0,633.0
1719326400.2217457,0.0,633.0
1719326400.355662,0.0,633.0
1719326400.487331,0.0,633.0
1719326400.6218803,0.0,633.0
1719326400.7553887,0.0,633.0
1719326400.8909178,0.0,633.0
1719326401.0294814,0.0,633.0
1719326401.1695411,0.0,633.0
1719326401.3069088,0.0,633.0
1719326401.444875,0.0,633.0
1719326401.5829244,0.0,633.0
1719326401.720033,0.0,633.0
1719326401.8579602,0.0,633.0
1719326401.9938817,0.0,633.0
1719326402.1295693,0.0,633.0
1719326402.2666724,0.0,633.0
1719326402.404281,0.0,633.0
1719326402.5405018,0.0,633.0
1719326402.6777375,0.0,633.0
1719326402.819754,0.0,633.0
1719326402.9558735,0.0,633.0
1719326403.0919363,0.0,633.0
1719326403.2289338,0.0,633.0
1719326403.362685,0.0,633.0
1719326403.496944,0.0,633.0
1719326403.6291845,0.0,633.0
1719326403.7615166,0.0,633.0
1719326403.8936312,0.0,633.0
1719326404.0258784,0.0,633.0
1719326404.1591494,0.0,633.0
1719326404.295213,0.0,633.0
1719326404.4348023,0.0,633.0
1719326404.5722778,0.0,633.0
1719326404.709122,0.0,633.0
1719326404.845155,0.0,633.0
1719326404.9780686,0.0,633.0
1719326405.1115713,0.0,633.0
1719326405.243456,0.0,633.0
1719326405.3800943,0.0,633.0
1719326405.5133195,0.0,633.0
1719326405.6499097,0.0,633.0
1719326405.786509,0.0,633.0
1719326405.9254677,0.0,633.0
1719326406.0642266,0.0,633.0
1719326406.2024157,0.0,633.0
1719326406.3416188,0.0,633.0
1719326406.4783745,0.0,633.0
1719326406.6148994,0.0,633.0
1719326406.7512488,0.0,633.0
1719326406.8871415,0.0,633.0
1719326407.0232885,0.0,633.0
1719326407.1599448,0.0,633.0
1719326407.295412,0.0,633.0
1719326407.4312482,0.0,633.0
1719326407.5702703,0.0,633.0
1719326407.708833,0.0,633.0
1719326407.844954,0.0,633.0
1719326407.980412,0.0,633.0
1719326408.1130388,0.0,633.0
1719326408.2465465,0.0,633.0
1719326408.3791158,0.0,633.0
1719326408.510202,0.0,633.0
1719326408.6405282,0.0,633.0
1719326408.77166,0.0,633.0
1719326408.9038012,0.0,633.0
1719326409.0392852,0.0,633.0
1719326409.176688,0.0,633.0
1719326409.3144956,0.0,633.0
1719326409.4516225,0.0,633.0
1719326409.5861702,0.0,633.0
1719326409.7228854,0.0,633.0
1719326409.8599293,0.0,633.0
1719326409.9930208,0.0,633.0
1719326410.1233406,0.0,633.0
1719326410.2582173,0.0,633.0
1719326410.3948336,0.0,633.0
1719326410.5312333,0.0,633.0
1719326410.6661844,0.0,633.0
1719326410.805946,0.0,633.0
1719326410.9441583,0.0,633.0
1719326411.0807498,0.0,633.0
1719326411.2189558,0.0,633.0
1719326411.3575583,0.0,633.0
1719326411.5065603,0.0,633.0
1719326411.6431258,0.0,633.0
1719326411.779083,0.0,633.0
1719326411.9158046,0.0,633.0
1719326412.0513911,0.0,633.0
1719326412.1871696,0.0,633.0
1719326412.3239667,0.0,633.0
1719326412.4627001,0.0,633.0
1719326412.5994127,0.0,633.0
1719326412.734564,0.0,633.0
1719326412.8707752,0.0,633.0
1719326413.004325,0.0,633.0
1719326413.1387274,0.0,633.0
1719326413.2719479,0.0,633.0
1719326413.4046943,0.0,633.0
1719326413.5355008,0.0,633.0
1719326413.667142,0.0,633.0
1719326413.7999718,0.0,633.0
1719326413.9349732,0.0,633.0
1719326414.073035,0.0,633.0
1719326414.2109294,0.0,633.0
1719326414.3471212,0.0,633.0
1719326414.4830484,0.0,633.0
1719326414.6148582,0.0,633.0
1719326414.747711,0.0,633.0
1719326414.8813457,0.0,633.0
1719326415.011765,0.0,633.0
1719326415.1472492,0.0,633.0
1719326415.2838461,0.0,633.0
1719326415.4178061,0.0,633.0
1719326415.5557284,0.0,633.0
1719326415.695439,0.0,633.0
1719326415.8352993,0.0,633.0
1719326415.9714856,0.0,633.0
1719326416.111116,0.0,633.0
1719326416.247877,0.0,633.0
1719326416.3840852,0.0,633.0
1719326416.5210917,0.0,633.0
1719326416.6570168,0.0,633.0
1719326416.7930884,0.0,633.0
1719326416.9295788,0.0,633.0
1719326417.0657766,0.0,633.0
1719326417.2020583,0.0,633.0
1719326417.3422852,0.0,633.0
1719326417.4802036,0.0,633.0
1719326417.6167545,0.0,633.0
1719326417.7535753,0.0,633.0
1719326417.8889637,0.0,633.0
1719326418.0216155,0.0,633.0
1719326418.155406,0.0,633.0
1719326418.2874477,0.0,633.0
1719326418.4200737,0.0,633.0
1719326418.5513175,0.0,633.0
1719326418.683055,0.0,633.0
1719326418.8174636,0.0,633.0
1719326418.9568112,0.0,633.0
1719326419.0957966,0.0,633.0
1719326419.2324467,0.0,633.0
1719326419.368334,0.0,633.0
1719326419.5036147,0.0,633.0
1719326419.6376588,0.0,633.0
1719326419.7713008,0.0,633.0
1719326419.9027224,0.0,633.0
1719326420.0360162,0.0,633.0
1719326420.1713908,0.0,633.0
1719326420.3065147,0.0,633.0
1719326420.4422493,0.0,633.0
1719326420.5804205,0.0,633.0
1719326420.7200506,0.0,633.0
1719326420.8585162,0.0,633.0
1719326420.9967484,0.0,633.0
1719326421.1338704,0.0,633.0
1719326421.271341,0.0,633.0
1719326421.4067802,0.0,633.0
1719326421.5418987,0.0,633.0
1719326421.678939,0.0,633.0
1719326421.815757,0.0,633.0
1719326421.9513083,0.0,633.0
1719326422.0889695,0.0,633.0
1719326422.2285285,0.0,633.0
1719326422.3672237,0.0,633.0
1719326422.5037003,0.0,633.0
1719326422.6397612,0.0,633.0
1719326422.773289,0.0,633.0
1719326422.9071908,0.0,633.0
1719326423.0402226,0.0,633.0
1719326423.173815,0.0,633.0
1719326423.3045619,0.0,633.0
1719326423.4362183,0.0,633.0
1719326423.566291,0.0,633.0
1719326423.7004926,0.0,633.0
1719326423.8375068,0.0,633.0
1719326423.9771721,0.0,633.0
1719326424.1139646,0.0,633.0
1719326424.2480745,0.0,633.0
1719326424.385297,0.0,633.0
1719326424.519772,0.0,633.0
1719326424.6492727,0.0,633.0
1719326424.779822,0.0,633.0
1719326424.9176092,0.0,633.0
1719326425.0525882,0.0,633.0
1719326425.188098,0.0,633.0
1719326425.3248217,0.0,633.0
1719326425.4639585,0.0,633.0
1719326425.6030798,0.0,633.0
1719326425.7384696,0.0,633.0
1719326425.8773465,0.0,633.0
1719326426.016187,0.0,633.0
1719326426.1529448,0.0,633.0
1719326426.2906158,0.0,633.0
1719326426.4275117,0.0,633.0
1719326426.5633585,0.0,633.0
1719326426.7009692,0.0,633.0
1719326426.8377373,0.0,633.0
1719326426.9730394,0.0,633.0
1719326427.1114817,0.0,633.0
1719326427.2508872,0.0,633.0
1719326427.387167,0.0,633.0
1719326427.5217643,0.0,633.0
1719326427.655982,0.0,633.0
1719326427.7891636,0.0,633.0
1719326427.9241111,0.0,633.0
1719326428.0553706,0.0,633.0
1719326428.1880531,0.0,633.0
1719326428.3190517,0.0,633.0
1719326428.450819,0.0,633.0
1719326428.5848448,0.0,633.0
1719326428.7230115,0.0,633.0
1719326428.8623552,0.0,633.0
1719326428.9990363,0.0,633.0
1719326429.1358266,0.0,633.0
1719326429.2713346,0.0,633.0
1719326429.4054308,0.0,633.0
1719326429.539496,0.0,633.0
1719326429.673524,0.0,633.0
1719326429.810753,0.0,633.0
1719326429.9469073,0.0,633.0
1719326430.0827239,0.0,633.0
1719326430.2216263,0.0,633.0
1719326430.3601484,0.0,633.0
1719326430.4962366,0.0,633.0
1719326430.6341,0.0,633.0
1719326430.7723165,0.0,633.0
1719326430.9105623,0.0,633.0
1719326431.0464864,0.0,633.0
1719326431.1839404,0.0,633.0
1719326431.3211322,0.0,633.0
1719326431.456937,0.0,633.0
1719326431.5943687,0.0,633.0
1719326431.73139,0.0,633.0
1719326431.8658504,0.0,633.0
1719326432.0032287,0.0,633.0
1719326432.1408992,0.0,633.0
1719326432.2805274,0.0,633.0
1719326432.4146316,0.0,633.0
1719326432.5485022,0.0,633.0
1719326432.6817691,0.0,633.0
1719326432.8160462,0.0,633.0
1719326432.947205,0.0,633.0
1719326433.0789173,0.0,633.0
1719326433.2094896,0.0,633.0
1719326433.344405,0.0,633.0
1719326433.4805593,0.0,633.0
1719326433.6199732,0.0,633.0
1719326433.7581518,0.0,633.0
1719326433.894055,0.0,633.0
1719326434.0287366,0.0,633.0
1719326434.1625206,0.0,633.0
1719326434.2941732,0.0,633.0
1719326434.4263031,0.0,633.0
1719326434.5623465,0.0,633.0
1719326434.6961758,0.0,633.0
1719326434.832251,0.0,633.0
1719326434.968137,0.0,633.0
1719326435.1078146,0.0,633.0
1719326435.2463365,0.0,633.0
1719326435.382624,0.0,633.0
1719326435.521264,0.0,633.0
1719326435.6593657,0.0,633.0
1719326435.7951758,0.0,633.0
1719326435.9312727,0.0,633.0
1719326436.0670085,0.0,633.0
1719326436.202261,0.0,633.0
1719326436.341928,0.0,633.0
1719326436.4791775,0.0,633.0
1719326436.614251,0.0,633.0
1719326436.7486176,0.0,633.0
1719326436.884821,0.0,633.0
1719326437.0220165,0.0,633.0
1719326437.1586206,0.0,633.0
1719326437.294501,0.0,633.0
1719326437.4294665,0.0,633.0
1719326437.5720565,0.0,633.0
1719326437.7083354,0.0,633.0
1719326437.8438213,0.0,633.0
1719326437.978469,0.0,633.0
1719326438.119347,0.0,633.0
1719326438.260227,0.0,633.0
1719326438.398242,0.0,633.0
1719326438.5333068,0.0,633.0
1719326438.6700163,0.0,633.0
1719326438.8052862,0.0,633.0
1719326438.9401915,0.0,633.0
1719326439.0705101,0.0,633.0
1719326439.2059853,0.0,633.0
1719326439.3426259,0.0,633.0
1719326439.4763072,0.0,633.0
1719326439.6124122,0.0,633.0
1719326439.7532735,0.0,633.0
1719326439.8932214,0.0,633.0
1719326440.028733,0.0,633.0
1719326440.1675785,0.0,633.0
1719326440.3051987,0.0,633.0
1719326440.442614,0.0,633.0
1719326440.578262,0.0,633.0
1719326440.7141724,0.0,633.0
1719326440.8514702,0.0,633.0
1719326440.986421,0.0,633.0
1719326441.1227303,0.0,633.0
1719326441.258207,0.0,633.0
1719326441.3991847,0.0,633.0
1719326441.5381086,0.0,633.0
1719326441.6744766,0.0,633.0
1719326441.809747,0.0,633.0
1719326441.9460285,0.0,633.0
1719326442.0808983,0.0,633.0
1719326442.215622,0.0,633.0
1719326442.3492231,0.0,633.0
1719326442.480405,0.0,633.0
1719326442.6129005,0.0,633.0
1719326442.7448013,0.0,633.0
1719326442.879569,0.0,633.0
1719326443.0171206,0.0,633.0
1719326443.1566763,0.0,633.0
1719326443.293275,0.0,633.0
1719326443.4264824,0.0,633.0
1719326443.5618503,0.0,633.0
1719326443.6969626,0.0,633.0
1719326443.8292081,0.0,633.0
1719326443.9643536,0.0,633.0
1719326444.098203,0.0,633.0
1719326444.2341578,0.0,633.0
1719326444.3707747,0.0,633.0
1719326444.5083315,0.0,633.0
1719326444.6470206,0.0,633.0
1719326444.7833972,0.0,633.0
1719326444.922289,0.0,633.0
1719326445.0613759,0.0,633.0
1719326445.1983378,0.0,633.0
1719326445.3341904,0.0,633.0
1719326445.471277,0.0,633.0
1719326445.6085014,0.0,633.0
1719326445.7465072,0.0,633.0
1719326445.8858073,0.0,633.0
1719326446.0216691,0.0,633.0
1719326446.1606433,0.0,633.0
1719326446.299756,0.0,633.0
1719326446.435989,0.0,633.0
1719326446.5704274,0.0,633.0
1719326446.705438,0.0,633.0
1719326446.8391385,0.0,633.0
1719326446.972583,0.0,633.0
1719326447.1037014,0.0,633.0
1719326447.2351437,0.0,633.0
1719326447.3661308,0.0,633.0
1719326447.4965107,0.0,633.0
1719326447.6323957,0.0,633.0
1719326447.7704563,0.0,633.0
1719326447.9099846,0.0,633.0
1719326448.0454514,0.0,633.0
1719326448.1800616,0.0,633.0
1719326448.3154256,0.0,633.0
1719326448.4506283,0.0,633.0
1719326448.5826793,0.0,633.0
1719326448.714201,0.0,633.0
1719326448.8525486,0.0,633.0
1719326448.9857323,0.0,633.0
1719326449.1193686,0.0,633.0
1719326449.2561522,0.0,633.0
1719326449.3936307,0.0,633.0
1719326449.5302837,0.0,633.0
1719326449.6663935,0.0,633.0
1719326449.8050919,0.0,633.0
1719326449.942788,0.0,633.0
1719326450.0798707,0.0,633.0
1719326450.214159,0.0,633.0
1719326450.3496854,0.0,633.0
1719326450.4843874,0.0,633.0
1719326450.6214154,0.0,633.0
1719326450.7579157,0.0,633.0
1719326450.8969674,0.0,633.0
1719326451.0341244,0.0,633.0
1719326451.1727035,0.0,633.0
1719326451.309133,0.0,633.0
1719326451.4422162,0.0,633.0
1719326451.5768907,0.0,633.0
1719326451.7100332,0.0,633.0
1719326451.8453462,0.0,633.0
1719326451.977402,0.0,633.0
1719326452.1095572,0.0,633.0
1719326452.240438,0.0,633.0
1719326452.3693027,0.0,633.0
1719326452.5055456,0.0,633.0
1719326452.6437566,0.0,633.0
1719326452.782438,0.0,633.0
1719326452.917804,0.0,633.0
1719326453.0534914,0.0,633.0
1719326453.18854,0.0,633.0
1719326453.3230789,0.0,633.0
1719326453.4530156,0.0,633.0
1719326453.5826144,0.0,633.0
1719326453.7182436,0.0,633.0
1719326453.8535016,0.0,633.0
1719326453.989138,0.0,633.0
1719326454.1254992,0.0,633.0
1719326454.2643144,0.0,633.0
1719326454.402319,0.0,633.0
1719326454.5379245,0.0,633.0
1719326454.6780498,0.0,633.0
1719326454.8161178,0.0,633.0
1719326454.9535866,0.0,633.0
1719326455.091146,0.0,633.0
1719326455.22804,0.0,633.0
1719326455.3623204,0.0,633.0
1719326455.4977033,0.0,633.0
1719326455.6340694,0.0,633.0
1719326455.7692819,0.0,633.0
1719326455.9047806,0.0,633.0
1719326456.043256,0.0,633.0
1719326456.180442,0.0,633.0
1719326456.316711,0.0,633.0
1719326456.4529734,0.0,633.0
1719326456.5861983,0.0,633.0
1719326456.7205713,0.0,633.0
1719326456.8528683,0.0,633.0
1719326456.9862447,0.0,633.0
1719326457.1178496,0.0,633.0
1719326457.2506742,0.0,633.0
1719326457.3817835,0.0,633.0
1719326457.5169213,0.0,633.0
1719326457.6543891,0.0,633.0
1719326457.791602,0.0,633.0
1719326457.9296558,0.0,633.0
1719326458.0644658,0.0,633.0
1719326458.199997,0.0,633.0
1719326458.335414,0.0,633.0
1719326458.4675024,0.0,633.0
1719326458.598461,0.0,633.0
1719326458.7343757,0.0,633.0
1719326458.8715043,0.0,633.0
1719326459.0054953,0.0,633.0
1719326459.1424675,0.0,633.0
1719326459.2813816,0.0,633.0
1719326459.418865,0.0,633.0
1719326459.554872,0.0,633.0
1719326459.690421,0.0,633.0
1719326459.8296432,0.0,633.0
1719326459.9659894,0.0,633.0
1719326460.1031227,0.0,633.0
1719326460.2401302,0.0,633.0
1719326460.3760202,0.0,633.0
1719326460.5133684,0.0,633.0
1719326460.6481166,0.0,633.0
1719326460.7836905,0.0,633.0
1719326460.9211357,0.0,633.0
1719326461.0598783,0.0,633.0
1719326461.198336,0.0,633.0
1719326461.3349586,0.0,633.0
1719326461.4713104,0.0,633.0
1719326461.6051025,0.0,633.0
1719326461.7415948,0.0,633.0
1719326461.8774996,0.0,633.0
1719326462.0107417,0.0,633.0
1719326462.1426134,0.0,633.0
1719326462.2771447,0.0,633.0
1719326462.4085732,0.0,633.0
1719326462.542565,0.0,633.0
1719326462.6807065,0.0,633.0
1719326462.819296,0.0,633.0
1719326462.9563007,0.0,633.0
1719326463.0928538,0.0,633.0
1719326463.2289214,0.0,633.0
1719326463.3644013,0.0,633.0
1719326463.4968462,0.0,633.0
1719326463.6297073,0.0,633.0
1719326463.7665744,0.0,633.0
1719326463.902042,0.0,633.0
1719326464.03914,0.0,633.0
1719326464.1776762,0.0,633.0
1719326464.317596,0.0,633.0
1719326464.4535985,0.0,633.0
1719326464.5934906,0.0,633.0
1719326464.7321484,0.0,633.0
1719326464.870237,0.0,633.0
1719326465.0061138,0.0,633.0
1719326465.1433494,0.0,633.0
1719326465.2813294,0.0,633.0
1719326465.418535,0.0,633.0
1719326465.554486,0.0,633.0
1719326465.6923542,0.0,633.0
1719326465.8320386,0.0,633.0
1719326465.9701471,0.0,633.0
1719326466.1062555,0.0,633.0
1719326466.2413867,0.0,633.0
1719326466.3756044,0.0,633.0
1719326466.5099726,0.0,633.0
1719326466.643605,0.0,633.0
1719326466.7794964,0.0,633.0
1719326466.9130893,0.0,633.0
1719326467.0455058,0.0,633.0
1719326467.1760225,0.0,633.0
1719326467.3143806,0.0,633.0
1719326467.4533222,0.0,633.0
1719326467.5925908,0.0,633.0
1719326467.729208,0.0,633.0
1719326467.8641388,0.0,633.0
1719326468.002233,0.0,633.0
1719326468.1368642,0.0,633.0
1719326468.2684126,0.0,633.0
1719326468.3978014,0.0,633.0
1719326468.5346973,0.0,633.0
1719326468.6683712,0.0,633.0
1719326468.8031259,0.0,633.0
1719326468.9409604,0.0,633.0
1719326469.0795982,0.0,633.0
1719326469.2194667,0.0,633.0
1719326469.3565476,0.0,633.0
1719326469.495634,0.0,633.0
1719326469.6318295,0.0,633.0
1719326469.7693245,0.0,633.0
1719326469.9065492,0.0,633.0
1719326470.0431566,0.0,633.0
1719326470.178973,0.0,633.0
1719326470.3170342,0.0,633.0
1719326470.4542687,0.0,633.0
1719326470.5901406,0.0,633.0
1719326470.729074,0.0,633.0
1719326470.8694403,0.0,633.0
1719326471.0056665,0.0,633.0
1719326471.140357,0.0,633.0
1719326471.2777984,0.0,633.0
1719326471.4112236,0.0,633.0
1719326471.5457923,0.0,633.0
1719326471.6782856,0.0,633.0
1719326471.8110917,0.0,633.0
1719326471.9435217,0.0,633.0
1719326472.0793285,0.0,633.0
1719326472.2153625,0.0,633.0
1719326472.3525288,0.0,633.0
1719326472.4965184,0.0,633.0
1719326472.6340973,0.0,633.0
1719326472.7703652,0.0,633.0
1719326472.907007,0.0,633.0
1719326473.0428932,0.0,633.0
1719326473.1768763,0.0,633.0
1719326473.314222,0.0,633.0
1719326473.4493613,0.0,633.0
1719326473.5862358,0.0,633.0
1719326473.7215104,0.0,633.0
1719326473.8609822,0.0,633.0
1719326474.0006442,0.0,633.0
1719326474.1385365,0.0,633.0
1719326474.2765284,0.0,633.0
1719326474.4139214,0.0,633.0
1719326474.5523329,0.0,633.0
1719326474.6887593,0.0,633.0
1719326474.8246741,0.0,633.0
1719326474.9637902,0.0,633.0
1719326475.1017873,0.0,633.0
1719326475.236969,0.0,633.0
1719326475.3743,0.0,633.0
1719326475.5147123,0.0,633.0
1719326475.6525087,0.0,633.0
1719326475.7876995,0.0,633.0
1719326475.9229028,0.0,633.0
1719326476.056067,0.0,633.0
1719326476.1911018,0.0,633.0
1719326476.325877,0.0,633.0
1719326476.4589336,0.0,633.0
1719326476.5910032,0.0,633.0
1719326476.723413,0.0,633.0
1719326476.8552783,0.0,633.0
1719326476.9905274,0.0,633.0
1719326477.1277628,0.0,633.0
1719326477.2656913,0.0,633.0
1719326477.4036043,0.0,633.0
1719326477.5394633,0.0,633.0
1719326477.6748297,0.0,633.0
1719326477.8107436,0.0,633.0
1719326477.9437904,0.0,633.0
1719326478.0735824,0.0,633.0
1719326478.2111228,0.0,633.0
1719326478.3447838,0.0,633.0
1719326478.4791532,0.0,633.0
1719326478.6164942,0.0,633.0
1719326478.7559109,0.0,633.0
1719326478.89409,0.0,633.0
1719326479.034043,0.0,633.0
1719326479.171954,0.0,633.0
1719326479.3094296,0.0,633.0
1719326479.4463027,0.0,633.0
1719326479.5829246,0.0,633.0
1719326479.7187169,0.0,633.0
1719326479.8564222,0.0,633.0
1719326479.99497,0.0,633.0
1719326480.1301942,0.0,633.0
1719326480.2681603,0.0,633.0
1719326480.4078817,0.0,633.0
1719326480.5508647,0.0,633.0
1719326480.6874266,0.0,633.0
1719326480.8223903,0.0,633.0
1719326480.9576223,0.0,633.0
1719326481.0915313,0.0,633.0
1719326481.2248633,0.0,633.0
1719326481.357154,0.0,633.0
1719326481.490165,0.0,633.0
1719326481.6237383,0.0,633.0
1719326481.7583165,0.0,633.0
1719326481.8965406,0.0,633.0
1719326482.0365124,0.0,633.0
1719326482.1734965,0.0,633.0
1719326482.310323,0.0,633.0
1719326482.446523,0.0,633.0
1719326482.5811653,0.0,633.0
1719326482.7114496,0.0,633.0
1719326482.8451407,0.0,633.0
1719326482.9805152,0.0,633.0
1719326483.1149979,0.0,633.0
1719326483.2505627,0.0,633.0
1719326483.3870459,0.0,633.0
1719326483.5272331,0.0,633.0
1719326483.665931,0.0,633.0
1719326483.8038504,0.0,633.0
1719326483.9420626,0.0,633.0
1719326484.0797527,0.0,633.0
1719326484.2179735,0.0,633.0
1719326484.3549392,0.0,633.0
1719326484.494508,0.0,633.0
1719326484.6324167,0.0,633.0
1719326484.7693431,0.0,633.0
1719326484.905106,0.0,633.0
1719326485.0406413,0.0,633.0
1719326485.1753476,0.0,633.0
1719326485.3115566,0.0,633.0
1719326485.4494286,0.0,633.0
1719326485.5848224,0.0,633.0
1719326485.7216809,0.0,633.0
1719326485.8606343,0.0,633.0
1719326485.9964943,0.0,633.0
1719326486.132112,0.0,633.0
1719326486.268185,0.0,633.0
1719326486.4032,0.0,633.0
1719326486.5431764,0.0,633.0
1719326486.6836472,0.0,633.0
1719326486.8239172,0.0,633.0
1719326486.9616504,0.0,633.0
1719326487.0965958,0.0,633.0
1719326487.2322645,0.0,633.0
1719326487.364196,0.0,633.0
1719326487.495076,0.0,633.0
1719326487.6237402,0.0,633.0
1719326487.7584789,0.0,633.0
1719326487.8932188,0.0,633.0
1719326488.029693,0.0,633.0
1719326488.1680717,0.0,633.0
1719326488.3068604,0.0,633.0
1719326488.4450767,0.0,633.0
1719326488.5858006,0.0,633.0
1719326488.7236688,0.0,633.0
1719326488.8598208,0.0,633.0
1719326488.9964795,0.0,633.0
1719326489.1326673,0.0,633.0
1719326489.268564,0.0,633.0
1719326489.4054816,0.0,633.0
1719326489.5430055,0.0,633.0
1719326489.680063,0.0,633.0
1719326489.8180718,0.0,633.0
1719326489.9588559,0.0,633.0
1719326490.097238,0.0,633.0
1719326490.2333043,0.0,633.0
1719326490.3686855,0.0,633.0
1719326490.5027046,0.0,633.0
1719326490.639218,0.0,633.0
1719326490.7738245,0.0,633.0
1719326490.9068327,0.0,633.0
1719326491.0398433,0.0,633.0
1719326491.1713579,0.0,633.0
1719326491.3059266,0.0,633.0
1719326491.4428818,0.0,633.0
1719326491.5822551,0.0,633.0
1719326491.7197084,0.0,633.0
1719326491.8577585,0.0,633.0
1719326491.9916816,0.0,633.0
1719326492.1260045,0.0,633.0
1719326492.2577944,0.0,633.0
1719326492.3910873,0.0,633.0
1719326492.5262604,0.0,633.0
1719326492.6602361,0.0,633.0
1719326492.7942252,0.0,633.0
1719326492.9298322,0.0,633.0
1719326493.068604,0.0,633.0
1719326493.2079456,0.0,633.0
1719326493.3451707,0.0,633.0
1719326493.4842417,0.0,633.0
1719326493.6231647,0.0,633.0
1719326493.7603931,0.0,633.0
1719326493.8980422,0.0,633.0
1719326494.0349808,0.0,633.0
1719326494.1729343,0.0,633.0
1719326494.3109298,0.0,633.0
1719326494.4473495,0.0,633.0
1719326494.5854151,0.0,633.0
1719326494.723584,0.0,633.0
1719326494.8634307,0.0,633.0
1719326494.999954,0.0,633.0
1719326495.137938,0.0,633.0
1719326495.273639,0.0,633.0
1719326495.4073467,0.0,633.0
1719326495.5424788,0.0,633.0
1719326495.6748967,0.0,633.0
1719326495.8080504,0.0,633.0
1719326495.9412444,0.0,633.0
1719326496.075473,0.0,633.0
1719326496.2106683,0.0,633.0
1719326496.3493338,0.0,633.0
1719326496.4885657,0.0,633.0
1719326496.6259613,0.0,633.0
1719326496.7605503,0.0,633.0
1719326496.8971717,0.0,633.0
1719326497.032032,0.0,633.0
1719326497.165393,0.0,633.0
1719326497.2966442,0.0,633.0
1719326497.433001,0.0,633.0
1719326497.567769,0.0,633.0
1719326497.7023323,0.0,633.0
1719326497.8408136,0.0,633.0
1719326497.9814513,0.0,633.0
1719326498.1175027,0.0,633.0
1719326498.2570565,0.0,633.0
1719326498.3962092,0.0,633.0
1719326498.5351226,0.0,633.0
1719326498.6717691,0.0,633.0
1719326498.8088098,0.0,633.0
1719326498.9491756,0.0,633.0
1719326499.0870554,0.0,633.0
1719326499.223692,0.0,633.0
1719326499.362564,0.0,633.0
1719326499.5001929,0.0,633.0
1719326499.6426141,0.0,633.0
1719326499.778053,0.0,633.0
1719326499.9134178,0.0,633.0
1719326500.0495327,0.0,633.0
1719326500.1843326,0.0,633.0
1719326500.318788,0.0,633.0
1719326500.4508348,0.0,633.0
1719326500.5857852,0.0,633.0
1719326500.7186887,0.0,633.0
1719326500.849988,0.0,633.0
1719326500.9829524,0.0,633.0
1719326501.1204684,0.0,633.0
1719326501.2600455,0.0,633.0
1719326501.3974347,0.0,633.0
1719326501.5333211,0.0,633.0
1719326501.670831,0.0,633.0
1719326501.80589,0.0,633.0
1719326501.938905,0.0,633.0
1719326502.0724127,0.0,633.0
1719326502.2100253,0.0,633.0
1719326502.3457758,0.0,633.0
1719326502.4818342,0.0,633.0
1719326502.6214447,0.0,633.0
1719326502.7601974,0.0,633.0
1719326502.898485,0.0,633.0
1719326503.0373678,0.0,633.0
1719326503.176256,0.0,633.0
1719326503.31439,0.0,853.0
1719326503.4585822,0.0,2465.0
1719326503.6011992,7.0,2465.0
1719326503.7431529,0.0,2465.0
1719326503.8855486,0.0,4067.0
1719326504.0294478,2.0,7715.0
1719326504.1732936,36.0,10009.0
1719326504.312229,61.0,30409.0
1719326504.451952,61.0,30409.0
1719326504.5992386,100.0,30409.0
1719326504.7424352,1.0,30409.0
1719326504.8852484,2.0,30419.0
1719326505.0273807,2.0,30419.0
1719326505.1741848,23.0,36565.0
1719326505.3202,100.0,36565.0
1719326505.4629753,100.0,36569.0
1719326505.6118221,96.0,36569.0
1719326505.75836,94.0,36581.0
1719326505.9095051,3.0,36581.0
1719326506.0731242,3.0,36581.0
1719326506.26968,59.0,36581.0
1719326506.4205506,100.0,42727.0
1719326506.5727212,99.0,42727.0
1719326506.7178893,99.0,42727.0
1719326506.864002,100.0,42727.0
1719326507.0154774,100.0,42727.0
1719326507.1629136,46.0,42727.0
1719326507.3133292,81.0,42727.0
1719326507.467274,100.0,42727.0
1719326507.62401,100.0,42727.0
1719326507.7754662,99.0,42727.0
1719326507.929134,100.0,42727.0
1719326508.0810544,100.0,42727.0
1719326508.2352488,100.0,42727.0
1719326508.386107,27.0,42727.0
1719326508.540066,100.0,42727.0
1719326508.691857,100.0,42727.0
1719326508.843986,99.0,42727.0
1719326508.999924,100.0,42727.0
1719326509.153429,100.0,42727.0
1719326509.311757,100.0,42727.0
1719326509.464363,100.0,42727.0
1719326509.6141315,54.0,42727.0
1719326509.7610288,100.0,42727.0
1719326509.9076529,100.0,42727.0
1719326510.0555956,99.0,42727.0
1719326510.2010558,100.0,42727.0
1719326510.346555,100.0,42727.0
1719326510.4918008,100.0,42727.0
1719326510.6441264,57.0,42727.0
1719326510.7996414,89.0,42727.0
1719326510.952102,89.0,42727.0
1719326511.1019158,100.0,42727.0
1719326511.2515805,100.0,42727.0
1719326511.4028118,100.0,42727.0
1719326511.5499346,100.0,42727.0
1719326511.6959555,100.0,42727.0
1719326511.8507497,55.0,42727.0
1719326512.000117,100.0,42727.0
1719326512.152649,99.0,42727.0
1719326512.3075972,99.0,42727.0
1719326512.4625628,100.0,42727.0
1719326512.615253,100.0,42727.0
1719326512.768764,67.0,42727.0
1719326512.9218447,67.0,42727.0
1719326513.0741847,80.0,42727.0
1719326513.2237725,100.0,42727.0
1719326513.3740942,100.0,42727.0
1719326513.5244682,100.0,42727.0
1719326513.6796277,100.0,42727.0
1719326513.8342562,100.0,42727.0
1719326513.9998198,36.0,42727.0
1719326514.1529262,100.0,42727.0
1719326514.3021145,100.0,42727.0
1719326514.4536808,99.0,42727.0
1719326514.6043067,100.0,42727.0
1719326514.750911,100.0,42727.0
1719326514.8975146,100.0,42727.0
1719326515.0430653,93.0,42727.0
1719326515.1899447,63.0,42727.0
1719326515.336023,63.0,42727.0
1719326515.5319815,100.0,42727.0
1719326515.6883924,99.0,42727.0
1719326515.8425674,100.0,42727.0
1719326515.9940338,100.0,42727.0
1719326516.1426842,100.0,42727.0
1719326516.2944446,48.0,42727.0
1719326516.441228,100.0,42727.0
1719326516.5849264,99.0,42727.0
1719326516.7355828,99.0,42727.0
1719326516.8818994,100.0,42727.0
1719326517.0306509,100.0,42727.0
1719326517.1866179,100.0,42727.0
1719326517.340511,100.0,42727.0
1719326517.5000548,46.0,42727.0
1719326517.653741,100.0,42727.0
1719326517.8088515,95.0,42727.0
1719326517.9587133,95.0,42727.0
1719326518.1110048,100.0,42727.0
1719326518.261927,100.0,42727.0
1719326518.414304,100.0,42727.0
1719326518.5674653,89.0,42727.0
1719326518.7170744,89.0,42727.0
1719326518.8755593,99.0,42727.0
1719326519.0281754,100.0,42727.0
1719326519.180505,100.0,42727.0
1719326519.3286152,100.0,42727.0
1719326519.4766595,100.0,42727.0
1719326519.6254632,100.0,42727.0
1719326519.772663,41.0,42727.0
1719326519.9593127,100.0,42727.0
1719326520.1063473,99.0,42727.0
1719326520.2517467,100.0,42727.0
1719326520.401463,100.0,42727.0
1719326520.5584254,100.0,42727.0
1719326520.7107909,80.0,42727.0
1719326520.8609974,67.0,42727.0
1719326521.0115945,100.0,42727.0
1719326521.1602838,100.0,42727.0
1719326521.3059947,99.0,42727.0
1719326521.4514165,100.0,42727.0
1719326521.6032286,100.0,42727.0
1719326521.760428,100.0,42727.0
1719326521.972332,100.0,42727.0
1719326522.1424253,100.0,42727.0
1719326522.299356,99.0,42727.0
1719326522.4510262,100.0,42727.0
1719326522.6074233,100.0,42727.0
1719326522.758975,100.0,42727.0
1719326522.9088373,100.0,42727.0
1719326523.0612755,48.0,42727.0
1719326523.2117817,100.0,42727.0
1719326523.360954,100.0,42727.0
1719326523.5126557,99.0,42727.0
1719326523.6645253,100.0,42727.0
1719326523.8189254,100.0,42727.0
1719326523.9701548,100.0,42727.0
1719326524.1358252,60.0,42727.0
1719326524.2843995,81.0,42727.0
1719326524.430989,100.0,42727.0
1719326524.5923493,94.0,42727.0
1719326524.7414045,94.0,42727.0
1719326524.8852286,100.0,42727.0
1719326525.032448,100.0,42727.0
1719326525.178315,100.0,42727.0
1719326525.332586,47.0,42727.0
1719326525.4877477,100.0,42727.0
1719326525.641942,99.0,42727.0
1719326525.7908692,99.0,42727.0
1719326525.9387116,100.0,42727.0
1719326526.0867436,100.0,42727.0
1719326526.2346082,85.0,42727.0
1719326526.3955243,85.0,42727.0
1719326526.5453658,63.0,42727.0
1719326526.6945467,100.0,42727.0
1719326526.844689,99.0,42727.0
1719326526.997196,99.0,42727.0
1719326527.15242,100.0,42727.0
1719326527.307835,100.0,42727.0
1719326527.4621089,53.0,42727.0
1719326527.6165345,53.0,42727.0
1719326527.7811868,100.0,42727.0
1719326527.9329863,99.0,42727.0
1719326528.0826666,100.0,42727.0
1719326528.232998,100.0,42727.0
1719326528.3895912,100.0,42727.0
1719326528.542035,96.0,42727.0
1719326528.6945848,59.0,42727.0
1719326528.8503728,59.0,42727.0
1719326529.0029972,100.0,42727.0
1719326529.1557333,99.0,42727.0
1719326529.3057637,100.0,42727.0
1719326529.4532893,100.0,42727.0
1719326529.6060772,100.0,42727.0
1719326529.7582557,51.0,42727.0
1719326529.9057736,100.0,42727.0
1719326530.050825,99.0,42727.0
1719326530.1980143,99.0,42727.0
1719326530.3495302,100.0,42727.0
1719326530.5039647,100.0,42727.0
1719326530.656121,100.0,42727.0
1719326530.8056228,100.0,42727.0
1719326530.9542668,54.0,42727.0
1719326531.1007004,100.0,42727.0
1719326531.2450728,100.0,42727.0
1719326531.395941,99.0,42727.0
1719326531.5440245,100.0,42727.0
1719326531.6948755,100.0,42727.0
1719326531.8555834,100.0,42727.0
1719326532.05373,87.0,42727.0
1719326532.2128935,87.0,42727.0
1719326532.3681085,99.0,42727.0
1719326532.51788,100.0,42727.0
1719326532.6723852,100.0,42727.0
1719326532.82412,100.0,42727.0
1719326532.995711,100.0,42727.0
1719326533.16284,37.0,42727.0
1719326533.3122756,37.0,42727.0
1719326533.4633682,100.0,42727.0
1719326533.6159537,99.0,42727.0
1719326533.770349,100.0,42727.0
1719326533.919693,100.0,42727.0
1719326534.0737438,83.0,42727.0
1719326534.2262213,83.0,42727.0
1719326534.3762913,65.0,42727.0
1719326534.5239723,100.0,42727.0
1719326534.6693861,100.0,42727.0
1719326534.8160405,99.0,42727.0
1719326534.9625173,100.0,42727.0
1719326535.117455,100.0,42727.0
1719326535.2781296,100.0,42727.0
1719326535.4787054,47.0,42727.0
1719326535.6257868,100.0,42727.0
1719326535.776478,99.0,42727.0
1719326535.9253938,100.0,42727.0
1719326536.0691705,100.0,42727.0
1719326536.2133355,100.0,42727.0
1719326536.3626926,100.0,42727.0
1719326536.517736,48.0,42727.0
1719326536.666127,48.0,42727.0
1719326536.8197386,100.0,42727.0
1719326536.9728937,99.0,42727.0
1719326537.124335,100.0,42727.0
1719326537.2791965,100.0,42727.0
1719326537.430036,100.0,42727.0
1719326537.5805302,58.0,42727.0
1719326537.731305,58.0,42727.0
1719326537.8978434,98.0,42727.0
1719326538.0539975,98.0,42727.0
1719326538.2062323,100.0,42727.0
1719326538.3564372,100.0,42727.0
1719326538.510127,100.0,42727.0
1719326538.6617403,100.0,42727.0
1719326538.81274,54.0,42727.0
1719326538.9606135,100.0,42727.0
1719326539.1092927,100.0,42727.0
1719326539.2571208,99.0,42727.0
1719326539.4021235,100.0,42727.0
1719326539.5465662,100.0,42727.0
1719326539.6917048,100.0,42727.0
1719326539.9051073,79.0,42727.0
1719326540.0590065,79.0,42727.0
1719326540.2124083,100.0,42727.0
1719326540.3636622,99.0,42727.0
1719326540.5132928,99.0,42727.0
1719326540.7138522,100.0,42727.0
1719326540.8680727,100.0,42727.0
1719326541.0210161,44.0,42727.0
1719326541.1687958,100.0,42727.0
1719326541.3174462,99.0,42727.0
1719326541.4667873,99.0,42727.0
1719326541.617492,100.0,42727.0
1719326541.7705848,100.0,42727.0
1719326541.923505,100.0,42727.0
1719326542.0792,86.0,42727.0
1719326542.2326431,61.0,42727.0
1719326542.38322,100.0,42727.0
1719326542.5347283,100.0,42727.0
1719326542.6865077,99.0,42727.0
1719326542.8376167,100.0,42727.0
1719326542.990741,100.0,42727.0
1719326543.1437428,100.0,42727.0
1719326543.3312242,98.0,42727.0
1719326543.5006833,98.0,42727.0
1719326543.65416,99.0,42727.0
1719326543.8036304,100.0,42727.0
1719326543.9499264,100.0,42727.0
1719326544.0977254,100.0,42727.0
1719326544.249108,100.0,42727.0
1719326544.399057,45.0,42727.0
1719326544.5439928,45.0,42727.0
1719326544.6885986,100.0,42727.0
1719326544.8385394,99.0,42727.0
1719326544.9929678,100.0,42727.0
1719326545.1452818,100.0,42727.0
1719326545.298046,100.0,42727.0
1719326545.4461145,67.0,42727.0
1719326545.5947635,84.0,42727.0
1719326545.7406924,84.0,42727.0
1719326545.9460237,99.0,42727.0
1719326546.0960972,99.0,42727.0
1719326546.244109,100.0,42727.0
1719326546.3946197,100.0,42727.0
1719326546.5486343,53.0,42727.0
1719326546.7082293,53.0,42727.0
1719326546.8594773,100.0,42727.0
1719326547.013515,100.0,42727.0
1719326547.167841,99.0,42727.0
1719326547.320043,100.0,42727.0
1719326547.4748383,100.0,42727.0
1719326547.6286864,74.0,42727.0
1719326547.7826352,81.0,42727.0
1719326547.9393718,81.0,42727.0
1719326548.091133,100.0,42727.0
1719326548.2427638,99.0,42727.0
1719326548.393172,100.0,42727.0
1719326548.542909,100.0,42727.0
1719326548.6942554,100.0,42727.0
1719326548.847795,47.0,42727.0
1719326548.9997115,47.0,42727.0
1719326549.170115,100.0,42727.0
1719326549.3184044,99.0,42727.0
1719326549.4747694,100.0,42727.0
1719326549.6250076,100.0,42727.0
1719326549.7810724,100.0,42727.0
1719326549.9357536,82.0,42727.0
1719326550.088202,63.0,42727.0
1719326550.2387085,63.0,42727.0
1719326550.390344,99.0,42727.0
1719326550.5372488,99.0,42727.0
1719326550.684107,100.0,42727.0
1719326550.8338456,100.0,42727.0
1719326550.9849362,45.0,42727.0
1719326551.1474502,45.0,42727.0
1719326551.3071072,99.0,42727.0
1719326551.46448,99.0,42727.0
1719326551.62266,100.0,42727.0
1719326551.7804801,100.0,42727.0
1719326551.9357197,100.0,42727.0
1719326552.099728,100.0,42727.0
1719326552.2672524,39.0,42727.0
1719326552.4269414,100.0,42727.0
1719326552.5954535,99.0,42727.0
1719326552.744183,99.0,42727.0
1719326552.8978872,100.0,42727.0
1719326553.0514715,100.0,42727.0
1719326553.2044766,100.0,42727.0
1719326553.395462,71.0,42727.0
1719326553.544466,73.0,42727.0
1719326553.69582,100.0,42727.0
1719326553.8432143,99.0,42727.0
1719326553.9887145,99.0,42727.0
1719326554.1354053,100.0,42727.0
1719326554.2803142,100.0,42727.0
1719326554.4317722,100.0,42727.0
1719326554.6077392,51.0,42727.0
1719326554.765259,100.0,42727.0
1719326554.9216728,93.0,42727.0
1719326555.0752313,100.0,42727.0
1719326555.2260208,100.0,42727.0
1719326555.374706,100.0,42727.0
1719326555.5193365,91.0,42727.0
1719326555.6722088,55.0,42727.0
1719326555.8214374,100.0,42727.0
1719326555.9711506,100.0,42727.0
1719326556.1257992,99.0,42727.0
1719326556.282052,100.0,42727.0
1719326556.4345188,100.0,42727.0
1719326556.5892363,100.0,42727.0
1719326556.748859,51.0,42727.0
1719326556.9029014,51.0,42727.0
1719326557.060995,99.0,42727.0
1719326557.2270925,100.0,42727.0
1719326557.3819454,100.0,42727.0
1719326557.5383606,100.0,42727.0
1719326557.6987092,100.0,42727.0
1719326557.8677864,40.0,42727.0
1719326558.028262,40.0,42727.0
1719326558.1905794,100.0,42727.0
1719326558.3387942,99.0,42727.0
1719326558.4890032,100.0,42727.0
1719326558.637392,100.0,42727.0
1719326558.784972,100.0,42727.0
1719326558.9302742,73.0,42727.0
1719326559.0756774,83.0,42727.0
1719326559.2236466,83.0,42727.0
1719326559.3996124,100.0,42727.0
1719326559.5549338,99.0,42727.0
1719326559.704978,100.0,42727.0
1719326559.853471,100.0,42727.0
1719326560.0023372,100.0,42727.0
1719326560.1544328,52.0,42727.0
1719326560.2981932,52.0,42727.0
1719326560.4536781,99.0,42727.0
1719326560.6051142,99.0,42727.0
1719326560.7558677,100.0,42727.0
1719326560.9063993,100.0,42727.0
1719326561.0597692,74.0,42727.0
1719326561.2336266,74.0,42727.0
1719326561.3887608,69.0,42727.0
1719326561.5415084,100.0,42727.0
1719326561.694287,100.0,42727.0
1719326561.8483245,99.0,42727.0
1719326561.9991763,100.0,42727.0
1719326562.150682,100.0,42727.0
1719326562.3018873,53.0,42727.0
1719326562.467799,100.0,42727.0
1719326562.6283672,100.0,42727.0
1719326562.7844038,96.0,42727.0
1719326562.9369833,100.0,42727.0
1719326563.0879967,100.0,42727.0
1719326563.2410014,100.0,42727.0
1719326563.391735,91.0,42727.0
1719326563.5422728,63.0,42727.0
1719326563.692071,63.0,42727.0
1719326563.8388815,100.0,42727.0
1719326563.9852333,99.0,42727.0
1719326564.130502,100.0,42727.0
1719326564.278481,100.0,42727.0
1719326564.436091,100.0,42727.0
1719326564.5928903,44.0,42727.0
1719326564.7505789,95.0,42727.0
1719326564.9015083,99.0,42727.0
1719326565.0521848,99.0,42727.0
1719326565.202283,100.0,42727.0
1719326565.349232,100.0,42727.0
1719326565.5000517,100.0,42727.0
1719326565.6855812,100.0,42727.0
1719326565.8358254,49.0,42727.0
1719326565.993042,100.0,42727.0
1719326566.1469045,99.0,42727.0
1719326566.301074,99.0,42727.0
1719326566.4562778,100.0,42727.0
1719326566.6117766,100.0,42727.0
1719326566.7643864,100.0,42727.0
1719326566.917371,66.0,42727.0
1719326567.069004,87.0,42727.0
1719326567.220782,100.0,42727.0
1719326567.37283,100.0,42727.0
1719326567.524505,100.0,42727.0
1719326567.679089,100.0,42727.0
1719326567.837936,100.0,42727.0
1719326568.0111885,37.0,42727.0
1719326568.1603036,37.0,42727.0
1719326568.3077118,99.0,42727.0
1719326568.4700127,99.0,42727.0
1719326568.6164489,100.0,42727.0
1719326568.763453,100.0,42727.0
1719326568.9095623,100.0,42727.0
1719326569.060144,86.0,42727.0
1719326569.2130325,64.0,42727.0
1719326569.3694227,100.0,42727.0
1719326569.5213673,100.0,42727.0
1719326569.6741078,99.0,42727.0
1719326569.824449,100.0,42727.0
1719326569.9741561,100.0,42727.0
1719326570.1204824,100.0,42727.0
1719326570.275644,50.0,42727.0
1719326570.4236686,100.0,42727.0
1719326570.573898,99.0,42727.0
1719326570.7298534,99.0,42727.0
1719326570.884421,100.0,42727.0
1719326571.0350673,100.0,42727.0
1719326571.1914904,99.0,42727.0
1719326571.3471088,99.0,42727.0
1719326571.4964151,45.0,42727.0
1719326571.6473608,100.0,42727.0
1719326571.798367,100.0,42727.0
1719326571.9499726,99.0,42727.0
1719326572.1006894,100.0,42727.0
1719326572.256618,100.0,42727.0
1719326572.409167,62.0,42727.0
1719326572.5633364,91.0,42727.0
1719326572.7129679,91.0,42727.0
1719326572.864233,99.0,42727.0
1719326573.0145333,100.0,42727.0
1719326573.1638448,100.0,42727.0
1719326573.312109,100.0,42727.0
1719326573.468307,100.0,42727.0
1719326573.6211262,45.0,42727.0
1719326573.7706478,100.0,42727.0
1719326573.9199114,100.0,42727.0
1719326574.0720158,99.0,42727.0
1719326574.225506,100.0,42727.0
1719326574.3768356,100.0,42727.0
1719326574.5240061,100.0,42727.0
1719326574.67449,76.0,42727.0
1719326574.82299,72.0,42727.0
1719326574.9675722,72.0,42727.0
1719326575.1181922,100.0,42727.0
1719326575.2680602,99.0,42727.0
1719326575.4186728,100.0,42727.0
1719326575.5725722,100.0,42727.0
1719326575.7284849,100.0,42727.0
1719326575.8864307,50.0,42727.0
1719326576.0395322,100.0,42727.0
1719326576.192269,100.0,42727.0
1719326576.3445415,99.0,42727.0
1719326576.496105,100.0,42727.0
1719326576.6507268,100.0,42727.0
1719326576.8020532,100.0,42727.0
1719326576.9556947,91.0,42727.0
1719326577.1090183,56.0,42727.0
1719326577.2636878,100.0,42727.0
1719326577.416,100.0,42727.0
1719326577.5690315,99.0,42727.0
1719326577.7181842,100.0,42727.0
1719326577.8694239,100.0,42727.0
1719326578.0149562,55.0,42727.0
1719326578.1621873,100.0,42727.0
1719326578.3102431,100.0,42727.0
1719326578.4577065,99.0,42727.0
1719326578.6072242,100.0,42727.0
1719326578.760054,100.0,42727.0
1719326578.9145336,100.0,42727.0
1719326579.0708742,100.0,42727.0
1719326579.2274423,44.0,42727.0
1719326579.3797867,44.0,42727.0
1719326579.528324,100.0,42727.0
1719326579.672738,99.0,42727.0
1719326579.8232558,100.0,42727.0
1719326579.9748113,100.0,42727.0
1719326580.1240761,100.0,42727.0
1719326580.2769744,64.0,42727.0
1719326580.4299786,82.0,42727.0
1719326580.581707,82.0,42727.0
1719326580.7372077,100.0,42727.0
1719326580.8909938,99.0,42727.0
1719326581.0438216,100.0,42727.0
1719326581.1948798,100.0,42727.0
1719326581.3455591,100.0,42727.0
1719326581.4994056,49.0,42727.0
1719326581.6518528,100.0,42727.0
1719326581.8038228,99.0,42727.0
1719326581.954186,99.0,42727.0
1719326582.1054752,100.0,42727.0
1719326582.256285,100.0,42727.0
1719326582.4068596,81.0,42727.0
1719326582.5593083,81.0,42727.0
1719326582.711124,66.0,42727.0
1719326582.8589187,100.0,42727.0
1719326583.0078948,99.0,42727.0
1719326583.1554487,99.0,42727.0
1719326583.300372,100.0,42727.0
1719326583.4497356,100.0,42727.0
1719326583.6078258,48.0,42727.0
1719326583.7627444,48.0,42727.0
1719326583.9155607,100.0,42727.0
1719326584.0644865,99.0,42727.0
1719326584.2150848,99.0,42727.0
1719326584.3653002,100.0,42727.0
1719326584.5102584,100.0,42727.0
1719326584.6603365,98.0,42727.0
1719326584.8105667,98.0,42727.0
1719326584.9630377,48.0,42727.0
1719326585.115263,100.0,42727.0
1719326585.2710848,99.0,42727.0
1719326585.4218473,99.0,42727.0
1719326585.5779622,100.0,42727.0
1719326585.7296572,100.0,42727.0
1719326585.8822443,58.0,42727.0
1719326586.0335085,58.0,42727.0
1719326586.184248,95.0,42727.0
1719326586.3364363,99.0,42727.0
1719326586.4893494,100.0,42727.0
1719326586.6421385,100.0,42727.0
1719326586.7948406,100.0,42727.0
1719326586.9507706,100.0,42727.0
1719326587.1012492,54.0,42727.0
1719326587.250866,54.0,42727.0
1719326587.3983593,100.0,42727.0
1719326587.5481365,99.0,42727.0
1719326587.69637,100.0,42727.0
1719326587.84287,100.0,42727.0
1719326587.9891956,100.0,42727.0
1719326588.1490185,63.0,42727.0
1719326588.2991257,84.0,42727.0
1719326588.4520578,100.0,42727.0
1719326588.6123147,100.0,42727.0
1719326588.7665887,99.0,42727.0
1719326588.9169462,100.0,42727.0
1719326589.0649452,100.0,42727.0
1719326589.210178,100.0,42727.0
1719326589.3612845,56.0,42727.0
1719326589.512896,100.0,42727.0
1719326589.6613457,99.0,42727.0
1719326589.8111591,99.0,42727.0
1719326589.9630644,100.0,42727.0
1719326590.115713,100.0,42727.0
1719326590.2723043,72.0,42727.0
1719326590.4350739,70.0,42727.0
1719326590.5862613,70.0,42727.0
1719326590.7381053,100.0,42727.0
1719326590.8900726,100.0,42727.0
1719326591.0394526,99.0,42727.0
1719326591.1912293,100.0,42727.0
1719326591.3456805,100.0,42727.0
1719326591.4973617,47.0,42727.0
1719326591.6490366,47.0,42727.0
1719326591.8027792,100.0,42727.0
1719326591.9568248,97.0,42727.0
1719326592.1067078,100.0,42727.0
1719326592.2580492,100.0,42727.0
1719326592.4062464,100.0,42727.0
1719326592.5547595,96.0,42727.0
1719326592.7010207,96.0,42727.0
1719326592.8459864,0.0,42727.0
1719326592.9907632,0.0,42727.0
1719326593.1412542,0.0,42727.0
1719326593.29277,0.0,42727.0
1719326593.4451969,0.0,42727.0
1719326593.597358,0.0,42727.0
1719326593.7459776,50.0,42727.0
1719326593.8958063,50.0,42727.0
1719326594.0488267,100.0,42727.0
1719326594.192506,99.0,42727.0
1719326594.342131,100.0,42727.0
1719326594.4912512,100.0,42727.0
1719326594.6419384,100.0,42727.0
1719326594.8039315,55.0,42727.0
1719326594.9565046,85.0,42727.0
1719326595.1067355,100.0,42727.0
1719326595.2610579,100.0,42727.0
1719326595.4128878,99.0,42727.0
1719326595.563007,100.0,42727.0
1719326595.7159956,100.0,42727.0
1719326595.8673692,100.0,42727.0
1719326596.0202746,54.0,42727.0
1719326596.1730921,100.0,42727.0
1719326596.323067,99.0,42727.0
1719326596.4759672,99.0,42727.0
1719326596.628148,100.0,42727.0
1719326596.7802587,100.0,42727.0
1719326596.9295464,74.0,42727.0
1719326597.0782714,74.0,42727.0
1719326597.2247202,76.0,42727.0
1719326597.3701348,100.0,42727.0
1719326597.512516,99.0,42727.0
1719326597.6572475,99.0,42727.0
1719326597.801814,100.0,42727.0
1719326597.9493647,100.0,42727.0
1719326598.1009896,48.0,42727.0
1719326598.2554007,48.0,42727.0
1719326598.407414,100.0,42727.0
1719326598.5571506,99.0,42727.0
1719326598.705055,100.0,42727.0
1719326598.8505397,100.0,42727.0
1719326598.9964924,100.0,42727.0
1719326599.1548724,87.0,42727.0
1719326599.3115292,58.0,42727.0
1719326599.4615836,58.0,42727.0
1719326599.61671,100.0,42727.0
1719326599.7698808,99.0,42727.0
1719326599.9204893,99.0,42727.0
1719326600.0745964,100.0,42727.0
1719326600.2261624,100.0,42727.0
1719326600.3785248,50.0,42727.0
1719326600.5354788,50.0,42727.0
1719326600.6862082,97.0,42727.0
1719326600.836138,95.0,42727.0
1719326600.9907198,100.0,42727.0
1719326601.1408749,100.0,42727.0
1719326601.295473,100.0,42727.0
1719326601.4473422,100.0,42727.0
1719326601.5980465,55.0,42727.0
1719326601.750986,100.0,42727.0
1719326601.899851,100.0,42727.0
1719326602.047846,99.0,42727.0
1719326602.1939847,100.0,42727.0
1719326602.3381965,100.0,42727.0
1719326602.4840271,100.0,42727.0
1719326602.6459029,63.0,42727.0
1719326602.7980974,78.0,42727.0
1719326602.9511366,100.0,42727.0
1719326603.1028128,100.0,42727.0
1719326603.25419,99.0,42727.0
1719326603.4031422,100.0,42727.0
1719326603.5514545,100.0,42727.0
1719326603.6999378,100.0,42727.0
1719326603.8445199,56.0,42727.0
1719326603.9968014,100.0,42727.0
1719326604.1428983,99.0,42727.0
1719326604.2929828,99.0,42727.0
1719326604.4493396,100.0,42727.0
1719326604.604519,100.0,42727.0
1719326604.7627378,77.0,42727.0
1719326604.9294891,64.0,42727.0
1719326605.0808136,64.0,42727.0
1719326605.2305667,100.0,42727.0
1719326605.3808582,99.0,42727.0
1719326605.5340176,100.0,42727.0
1719326605.685007,100.0,42727.0
1719326605.8355596,100.0,42727.0
1719326605.9887223,47.0,42727.0
1719326606.1422935,100.0,42727.0
1719326606.2943404,100.0,42727.0
1719326606.4485688,99.0,42727.0
1719326606.6037936,100.0,42727.0
1719326606.7524285,100.0,42727.0
1719326606.9024336,100.0,42727.0
1719326607.0502422,100.0,42727.0
1719326607.1980608,56.0,42727.0
1719326607.3438241,56.0,42727.0
1719326607.4906108,100.0,42727.0
1719326607.6402965,99.0,42727.0
1719326607.7931716,100.0,42727.0
1719326607.9447017,100.0,42727.0
1719326608.0960689,100.0,42727.0
1719326608.2491746,52.0,42727.0
1719326608.3995812,52.0,42727.0
1719326608.5449233,97.0,42727.0
1719326608.6901288,97.0,42727.0
1719326608.840614,100.0,42727.0
1719326608.9901152,100.0,42727.0
1719326609.142648,100.0,42727.0
1719326609.2965033,100.0,42727.0
1719326609.4509482,55.0,42727.0
1719326609.6070852,100.0,42727.0
1719326609.7611225,100.0,42727.0
1719326609.9142847,99.0,42727.0
1719326610.0657759,100.0,42727.0
1719326610.2190552,100.0,42727.0
1719326610.3731756,65.0,42727.0
1719326610.5395267,79.0,42727.0
1719326610.6912677,79.0,42727.0
1719326610.8442416,100.0,42727.0
1719326610.9972215,99.0,42727.0
1719326611.149531,99.0,42727.0
1719326611.3023472,100.0,42727.0
1719326611.4527106,100.0,42727.0
1719326611.61431,100.0,42727.0
1719326611.7633257,50.0,42727.0
1719326611.952584,100.0,42727.0
1719326612.0978703,99.0,42727.0
1719326612.2432323,100.0,42727.0
1719326612.3914585,100.0,42727.0
1719326612.54576,100.0,42727.0
1719326612.7001083,81.0,42727.0
1719326612.8525429,65.0,42727.0
1719326613.0012739,100.0,42727.0
1719326613.1512916,100.0,42727.0
1719326613.3009481,99.0,42727.0
1719326613.4468973,100.0,42727.0
1719326613.596648,100.0,42727.0
1719326613.7471762,100.0,42727.0
1719326613.9711158,100.0,42727.0
1719326614.1369638,100.0,42727.0
1719326614.2912898,99.0,42727.0
1719326614.448096,100.0,42727.0
1719326614.600102,100.0,42727.0
1719326614.7506778,100.0,42727.0
1719326614.9024284,100.0,42727.0
1719326615.056651,55.0,42727.0
1719326615.2073362,55.0,42727.0
1719326615.360835,100.0,42727.0
1719326615.5128183,99.0,42727.0
1719326615.6669285,100.0,42727.0
1719326615.8198252,100.0,42727.0
1719326615.9825482,100.0,42727.0
1719326616.1860585,91.0,42727.0
1719326616.3460362,91.0,42727.0
1719326616.494894,99.0,42727.0
1719326616.6429274,100.0,42727.0
1719326616.7897117,100.0,42727.0
1719326616.9367406,100.0,42727.0
1719326617.0824025,100.0,42727.0
1719326617.2299724,48.0,42727.0
1719326617.3790483,48.0,42727.0
1719326617.5334132,100.0,42727.0
1719326617.6870763,99.0,42727.0
1719326617.8413713,100.0,42727.0
1719326617.9907436,100.0,42727.0
1719326618.141088,100.0,42727.0
1719326618.287377,73.0,42727.0
1719326618.4367707,76.0,42727.0
1719326618.5864558,76.0,42727.0
1719326618.7362022,100.0,42727.0
1719326618.887322,99.0,42727.0
1719326619.0400753,99.0,42727.0
1719326619.1948695,100.0,42727.0
1719326619.3478231,100.0,42727.0
1719326619.506932,36.0,42727.0
1719326619.660839,100.0,42727.0
1719326619.8154702,99.0,42727.0
1719326619.9675574,99.0,42727.0
1719326620.1209514,100.0,42727.0
1719326620.2714345,100.0,42727.0
1719326620.4253402,99.0,42727.0
1719326620.5769181,99.0,42727.0
1719326620.7302082,48.0,42727.0
1719326620.8825743,100.0,42727.0
1719326621.032906,100.0,42727.0
1719326621.181257,99.0,42727.0
1719326621.3286474,100.0,42727.0
1719326621.477341,100.0,42727.0
1719326621.6349797,100.0,42727.0
1719326621.8147104,58.0,42727.0
1719326621.9625142,83.0,42727.0
1719326622.108185,100.0,42727.0
1719326622.2599962,99.0,42727.0
1719326622.418141,100.0,42727.0
1719326622.582231,100.0,42727.0
1719326622.7349546,100.0,42727.0
1719326622.8876612,44.0,42727.0
1719326623.036698,100.0,42727.0
1719326623.183429,100.0,42727.0
1719326623.3281121,94.0,42727.0
1719326623.477212,100.0,42727.0
1719326623.626675,100.0,42727.0
1719326623.7768905,100.0,42727.0
1719326623.9328077,88.0,42727.0
1719326624.0952919,51.0,42727.0
1719326624.2531178,100.0,42727.0
1719326624.4148784,100.0,42727.0
1719326624.5733788,99.0,42727.0
1719326624.729248,100.0,42727.0
1719326624.8851886,100.0,42727.0
1719326625.0401006,100.0,42727.0
1719326625.1948373,56.0,42727.0
1719326625.3450646,82.0,42727.0
1719326625.496932,82.0,42727.0
1719326625.6517959,100.0,42727.0
1719326625.8036275,99.0,42727.0
1719326625.9547896,100.0,42727.0
1719326626.104349,100.0,42727.0
1719326626.2545743,48.0,42727.0
1719326626.4028618,48.0,42727.0
1719326626.5498059,100.0,42727.0
1719326626.6957743,99.0,42727.0
1719326626.8402824,99.0,42727.0
1719326626.9835613,100.0,42727.0
1719326627.1318228,100.0,42727.0
1719326627.2865355,81.0,42727.0
1719326627.4469347,81.0,42727.0
1719326627.598476,58.0,42727.0
1719326627.7517748,100.0,42727.0
1719326627.901413,99.0,42727.0
1719326628.047988,99.0,42727.0
1719326628.1920037,100.0,42727.0
1719326628.3423414,100.0,42727.0
1719326628.4929929,100.0,42727.0
1719326628.6432984,49.0,42727.0
1719326628.7951336,97.0,42727.0
1719326628.9478543,99.0,42727.0
1719326629.0982442,99.0,42727.0
1719326629.2539568,100.0,42727.0
1719326629.4078999,100.0,42727.0
1719326629.558459,100.0,42727.0
1719326629.7140887,100.0,42727.0
1719326629.863776,48.0,42727.0
1719326630.0155315,100.0,42727.0
1719326630.1675594,99.0,42727.0
1719326630.3182292,100.0,42727.0
1719326630.4717236,100.0,42727.0
1719326630.624774,100.0,42727.0
1719326630.7764654,67.0,42727.0
1719326630.9273329,84.0,42727.0
1719326631.0775003,100.0,42727.0
1719326631.239331,100.0,42727.0
1719326631.3883207,99.0,42727.0
1719326631.5364106,99.0,42727.0
1719326631.680823,100.0,42727.0
1719326631.8296819,100.0,42727.0
1719326631.9876163,49.0,42727.0
1719326632.146809,100.0,42727.0
1719326632.309039,99.0,42727.0
1719326632.4681375,99.0,42727.0
1719326632.6230085,100.0,42727.0
1719326632.777195,100.0,42727.0
1719326632.9323204,79.0,42727.0
1719326633.0767145,79.0,42727.0
1719326633.2412584,0.0,42727.0
1719326633.3884053,0.0,42727.0
1719326633.5376732,0.0,42727.0
1719326633.6900332,0.0,42727.0
1719326633.844726,0.0,42727.0
1719326633.997001,0.0,42727.0
1719326634.1666682,36.0,42727.0
1719326634.324633,36.0,42727.0
1719326634.4923236,100.0,42727.0
1719326634.6485846,99.0,42727.0
1719326634.8055162,100.0,42727.0
1719326634.963614,100.0,42727.0
1719326635.1171196,100.0,42727.0
1719326635.297242,75.0,42727.0
1719326635.461088,75.0,42727.0
1719326635.614887,100.0,42727.0
1719326635.7715442,99.0,42727.0
1719326635.9252093,100.0,42727.0
1719326636.082713,100.0,42727.0
1719326636.2337325,100.0,42727.0
1719326636.3804808,46.0,42727.0
1719326636.5279706,46.0,42727.0
1719326636.7107108,99.0,42727.0
1719326636.8578656,99.0,42727.0
1719326637.0136497,100.0,42727.0
1719326637.165374,100.0,42727.0
1719326637.3160613,100.0,42727.0
1719326637.4737387,88.0,42727.0
1719326637.7126315,100.0,42727.0
1719326637.8797822,100.0,42727.0
1719326638.0284567,99.0,42727.0
1719326638.1747358,100.0,42727.0
1719326638.324577,100.0,42727.0
1719326638.4815423,100.0,42727.0
1719326638.63523,95.0,42727.0
1719326638.788294,53.0,42727.0
1719326638.941358,53.0,42727.0
1719326639.0918243,100.0,42727.0
1719326639.2419229,99.0,42727.0
1719326639.3940434,100.0,42727.0
1719326639.5472226,100.0,42727.0
1719326639.70026,100.0,42727.0
1719326639.8545911,53.0,42727.0
1719326640.0059419,53.0,42727.0
1719326640.160081,99.0,42727.0
1719326640.3120954,99.0,42727.0
1719326640.463532,100.0,42727.0
1719326640.612691,100.0,42727.0
1719326640.7650478,100.0,42727.0
1719326640.9131527,100.0,42727.0
1719326641.0604262,55.0,42727.0
1719326641.2043355,100.0,42727.0
1719326641.3490152,100.0,42727.0
1719326641.4958282,99.0,42727.0
1719326641.6474535,100.0,42727.0
1719326641.8025343,100.0,42727.0
1719326641.955342,100.0,42727.0
1719326642.142886,65.0,42727.0
1719326642.292431,79.0,42727.0
1719326642.4418745,100.0,42727.0
1719326642.5887573,99.0,42727.0
1719326642.7333703,99.0,42727.0
1719326642.9466548,100.0,42727.0
1719326643.106136,100.0,42727.0
1719326643.2661006,43.0,42727.0
1719326643.4202838,100.0,42727.0
1719326643.5721252,100.0,42727.0
1719326643.7274497,99.0,42727.0
1719326643.8793046,100.0,42727.0
1719326644.031943,100.0,42727.0
1719326644.1807551,100.0,42727.0
1719326644.3327086,86.0,42727.0
1719326644.4830418,60.0,42727.0
1719326644.6343875,100.0,42727.0
1719326644.7934835,100.0,42727.0
1719326644.9460113,98.0,42727.0
1719326645.0998986,100.0,42727.0
1719326645.2508574,100.0,42727.0
1719326645.4020944,100.0,42727.0
1719326645.55125,54.0,42727.0
1719326645.7003872,100.0,42727.0
1719326645.8485801,99.0,42727.0
1719326645.9961324,99.0,42727.0
1719326646.1428537,100.0,42727.0
1719326646.2886477,100.0,42727.0
1719326646.4389555,100.0,42727.0
1719326646.602069,41.0,42727.0
1719326646.7566502,41.0,42727.0
1719326646.9083068,100.0,42727.0
1719326647.0554416,99.0,42727.0
1719326647.202897,99.0,42727.0
1719326647.3489778,100.0,42727.0
1719326647.4971173,100.0,42727.0
1719326647.6441815,64.0,42727.0
1719326647.7931514,91.0,42727.0
1719326647.94557,91.0,42727.0
1719326648.0995204,99.0,42727.0
1719326648.2545605,100.0,42727.0
1719326648.405858,100.0,42727.0
1719326648.5610266,100.0,42727.0
1719326648.7192936,100.0,42727.0
1719326648.8757594,44.0,42727.0
1719326649.0254116,44.0,42727.0
1719326649.1934683,99.0,42727.0
1719326649.3435688,99.0,42727.0
1719326649.4944375,100.0,42727.0
1719326649.64727,100.0,42727.0
1719326649.802914,100.0,42727.0
1719326649.9939582,75.0,42727.0
1719326650.1435335,69.0,42727.0
1719326650.2933092,100.0,42727.0
1719326650.4409022,99.0,42727.0
1719326650.5897326,99.0,42727.0
1719326650.760717,100.0,42727.0
1719326650.906441,100.0,42727.0
1719326651.0507436,53.0,42727.0
1719326651.1984065,53.0,42727.0
1719326651.349598,100.0,42727.0
1719326651.5042536,99.0,42727.0
1719326651.6576934,100.0,42727.0
1719326651.809059,100.0,42727.0
1719326651.960572,100.0,42727.0
1719326652.1084452,89.0,42727.0
1719326652.2601485,59.0,42727.0
1719326652.4044378,59.0,42727.0
1719326652.554508,100.0,42727.0
1719326652.7034452,99.0,42727.0
1719326652.856272,100.0,42727.0
1719326653.009044,100.0,42727.0
1719326653.1617763,100.0,42727.0
1719326653.3146672,46.0,42727.0
1719326653.4667861,46.0,42727.0
1719326653.6213682,96.0,42727.0
1719326653.8164203,100.0,42727.0
1719326653.9698186,100.0,42727.0
1719326654.1214027,100.0,42727.0
1719326654.2730334,100.0,42727.0
1719326654.4252043,48.0,42727.0
1719326654.586745,48.0,42727.0
1719326654.7440693,100.0,42727.0
1719326654.8980715,98.0,42727.0
1719326655.0504668,98.0,42727.0
1719326655.1976528,100.0,42727.0
1719326655.3474905,100.0,42727.0
1719326655.4958346,100.0,42727.0
1719326655.6440444,79.0,42727.0
1719326655.7887855,79.0,42727.0
1719326655.934686,100.0,42727.0
1719326656.0816834,99.0,42727.0
1719326656.2367115,100.0,42727.0
1719326656.390032,100.0,42727.0
1719326656.5457509,100.0,42727.0
1719326656.712329,47.0,42727.0
1719326656.8622932,47.0,42727.0
1719326657.0484998,99.0,42727.0
1719326657.194776,99.0,42727.0
1719326657.345237,100.0,42727.0
1719326657.4949152,100.0,42727.0
1719326657.646288,100.0,42727.0
1719326657.7985313,83.0,42727.0
1719326657.9539576,66.0,42727.0
1719326658.1040878,100.0,42727.0
1719326658.258946,99.0,42727.0
1719326658.409981,99.0,42727.0
1719326658.5591815,100.0,42727.0
1719326658.7105603,100.0,42727.0
1719326658.8607106,55.0,42727.0
1719326659.0265503,55.0,42727.0
1719326659.17791,100.0,42727.0
1719326659.3292904,99.0,42727.0
1719326659.482385,99.0,42727.0
1719326659.6685398,100.0,42727.0
1719326659.8188,100.0,42727.0
1719326659.96831,90.0,42727.0
1719326660.1168575,66.0,42727.0
1719326660.2630103,66.0,42727.0
1719326660.4082928,100.0,42727.0
1719326660.5527952,99.0,42727.0
1719326660.6980238,100.0,42727.0
1719326660.8436692,100.0,42727.0
1719326660.9942517,100.0,42727.0
1719326661.148957,42.0,42727.0
1719326661.299474,99.0,42727.0
1719326661.4775941,96.0,42727.0
1719326661.626348,96.0,42727.0
1719326661.775578,100.0,42727.0
1719326661.9222186,100.0,42727.0
1719326662.065755,100.0,42727.0
1719326662.2148137,100.0,42727.0
1719326662.3672395,48.0,42727.0
1719326662.514705,100.0,42727.0
1719326662.6681643,100.0,42727.0
1719326662.8223796,99.0,42727.0
1719326662.9741194,100.0,42727.0
1719326663.129208,100.0,42727.0
1719326663.2792754,100.0,42727.0
1719326663.493287,77.0,42727.0
1719326663.6447446,77.0,42727.0
1719326663.796781,100.0,42727.0
1719326663.9475992,99.0,42727.0
1719326664.0982559,99.0,42727.0
1719326664.248919,100.0,42727.0
1719326664.4042258,100.0,42727.0
1719326664.5766153,46.0,42727.0
1719326664.726705,100.0,42727.0
1719326664.902836,99.0,42727.0
1719326665.0522368,99.0,42727.0
1719326665.2004697,100.0,42727.0
1719326665.348025,100.0,42727.0
1719326665.4918225,100.0,42727.0
1719326665.637931,87.0,42727.0
1719326665.7864087,66.0,42727.0
1719326665.9378126,100.0,42727.0
1719326666.090687,100.0,42727.0
1719326666.24402,99.0,42727.0
1719326666.3941545,100.0,42727.0
1719326666.5440617,100.0,42727.0
1719326666.7035894,100.0,42727.0
1719326666.9140437,100.0,42727.0
1719326667.0787914,100.0,42727.0
1719326667.2283604,99.0,42727.0
1719326667.3804817,100.0,42727.0
1719326667.5340214,100.0,42727.0
1719326667.688768,100.0,42727.0
1719326667.8458533,93.0,42727.0
1719326668.0012348,50.0,42727.0
1719326668.1542199,100.0,42727.0
1719326668.305621,100.0,42727.0
1719326668.4588916,99.0,42727.0
1719326668.6112084,100.0,42727.0
1719326668.7641842,100.0,42727.0
1719326668.915189,100.0,42727.0
1719326669.1289194,85.0,42727.0
1719326669.282118,85.0,42727.0
1719326669.433715,100.0,42727.0
1719326669.5832827,99.0,42727.0
1719326669.7315986,99.0,42727.0
1719326669.8791525,100.0,42727.0
1719326670.0275497,100.0,42727.0
1719326670.19549,100.0,42727.0
1719326670.3465226,51.0,42727.0
1719326670.4918292,100.0,42727.0
1719326670.640132,99.0,42727.0
1719326670.7923248,100.0,42727.0
1719326670.9436643,100.0,42727.0
1719326671.096955,100.0,42727.0
1719326671.2439623,73.0,42727.0
1719326671.3939643,73.0,42727.0
1719326671.5473013,78.0,42727.0
1719326671.7469766,99.0,42727.0
1719326671.8973253,99.0,42727.0
1719326672.0455031,100.0,42727.0
1719326672.1987486,100.0,42727.0
1719326672.3515804,100.0,42727.0
1719326672.5060947,50.0,42727.0
1719326672.6581316,100.0,42727.0
1719326672.8153367,99.0,42727.0
1719326672.967202,100.0,42727.0
1719326673.1281748,100.0,42727.0
1719326673.2798257,100.0,42727.0
1719326673.4416118,83.0,42727.0
1719326673.5989263,67.0,42727.0
1719326673.749909,67.0,42727.0
1719326673.9699407,99.0,42727.0
1719326674.1268268,99.0,42727.0
1719326674.276715,100.0,42727.0
1719326674.4308784,100.0,42727.0
1719326674.581638,100.0,42727.0
1719326674.779095,54.0,42727.0
1719326674.9297605,100.0,42727.0
1719326675.0770416,99.0,42727.0
1719326675.228321,100.0,42727.0
1719326675.374704,100.0,42727.0
1719326675.5259058,100.0,42727.0
1719326675.6793349,88.0,42727.0
1719326675.8340442,58.0,42727.0
1719326675.983429,58.0,42727.0
1719326676.1399522,100.0,42727.0
1719326676.2898436,99.0,42727.0
1719326676.4377093,100.0,42727.0
1719326676.587268,100.0,42727.0
1719326676.7383628,100.0,42727.0
1719326676.899725,48.0,42727.0
1719326677.0536435,96.0,42727.0
1719326677.2112215,99.0,42727.0
1719326677.3636122,99.0,42727.0
1719326677.5181923,100.0,42727.0
1719326677.6710873,100.0,42727.0
1719326677.8244786,100.0,42727.0
1719326677.977229,100.0,42727.0
1719326678.128333,54.0,42727.0
1719326678.2799582,100.0,42727.0
1719326678.4328232,100.0,42727.0
1719326678.5841653,98.0,42727.0
1719326678.739025,100.0,42727.0
1719326678.8938463,100.0,42727.0
1719326679.0440557,62.0,42727.0
1719326679.2073362,86.0,42727.0
1719326679.3562312,86.0,42727.0
1719326679.506418,100.0,42727.0
1719326679.651822,99.0,42727.0
1719326679.8103833,99.0,42727.0
1719326679.9571583,100.0,42727.0
1719326680.102677,100.0,42727.0
1719326680.2722292,100.0,42727.0
1719326680.425993,44.0,42727.0
1719326680.5775318,100.0,42727.0
1719326680.7324033,99.0,42727.0
1719326680.879849,100.0,42727.0
1719326681.030183,100.0,42727.0
1719326681.1799757,100.0,42727.0
1719326681.3218694,79.0,42727.0
1719326681.4715922,76.0,42727.0
1719326681.6231844,100.0,42727.0
1719326681.7778964,100.0,42727.0
1719326681.9287195,99.0,42727.0
1719326682.083999,100.0,42727.0
1719326682.2378137,100.0,42727.0
1719326682.3932736,100.0,42727.0
1719326682.6192787,39.0,42727.0
1719326682.7695324,100.0,42727.0
1719326682.9200146,99.0,42727.0
1719326683.0732903,100.0,42727.0
1719326683.2232776,100.0,42727.0
1719326683.3792558,100.0,42727.0
1719326683.5392082,97.0,42727.0
1719326683.7031226,50.0,42727.0
1719326683.8613307,100.0,42727.0
1719326684.0175636,100.0,42727.0
1719326684.1744545,99.0,42727.0
1719326684.3279405,100.0,42727.0
1719326684.4822977,100.0,42727.0
1719326684.6348944,100.0,42727.0
1719326684.8407693,56.0,42727.0
1719326684.9923918,86.0,42727.0
1719326685.1443617,100.0,42727.0
1719326685.298276,99.0,42727.0
1719326685.4555876,100.0,42727.0
1719326685.612045,100.0,42727.0
1719326685.7669208,100.0,42727.0
1719326685.9252372,45.0,42727.0
1719326686.0807588,100.0,42727.0
1719326686.2297482,100.0,42727.0
1719326686.3808274,99.0,42727.0
1719326686.5351474,100.0,42727.0
1719326686.690091,100.0,42727.0
1719326686.8472168,100.0,42727.0
1719326687.001479,80.0,42727.0
1719326687.1611583,65.0,42727.0
1719326687.3165052,65.0,42727.0
1719326687.470819,100.0,42727.0
1719326687.623825,98.0,42727.0
1719326687.7771013,100.0,42727.0
1719326687.9314008,100.0,42727.0
1719326688.0860205,55.0,42727.0
1719326688.2367375,55.0,42727.0
1719326688.3886983,100.0,42727.0
1719326688.5395799,99.0,42727.0
1719326688.693659,100.0,42727.0
1719326688.8460538,100.0,42727.0
1719326688.997292,100.0,42727.0
1719326689.154355,92.0,42727.0
1719326689.3118029,53.0,42727.0
1719326689.4589422,53.0,42727.0
1719326689.6040967,100.0,42727.0
1719326689.7535377,99.0,42727.0
1719326689.899251,99.0,42727.0
1719326690.0487313,100.0,42727.0
1719326690.1995792,100.0,42727.0
1719326690.3539255,100.0,42727.0
1719326690.5064676,96.0,42727.0
1719326690.6695068,99.0,42727.0
1719326690.8242729,99.0,42727.0
1719326690.9780312,100.0,42727.0
1719326691.1278229,100.0,42727.0
1719326691.2745519,100.0,42727.0
1719326691.426682,100.0,42727.0
1719326691.5768664,55.0,42727.0
1719326691.728514,100.0,42727.0
1719326691.883133,100.0,42727.0
1719326692.0367706,99.0,42727.0
1719326692.1876562,100.0,42727.0
1719326692.3405488,100.0,42727.0
1719326692.490822,100.0,42727.0
1719326692.685246,59.0,42727.0
1719326692.8395233,85.0,42727.0
1719326692.9917772,100.0,42727.0
1719326693.143217,99.0,42727.0
1719326693.2942455,100.0,42727.0
1719326693.4451435,100.0,42727.0
1719326693.60191,100.0,42727.0
1719326693.7557847,44.0,42727.0
1719326693.9065764,100.0,42727.0
1719326694.0682168,100.0,42727.0
1719326694.2166975,99.0,42727.0
1719326694.3638654,100.0,42727.0
1719326694.50994,100.0,42727.0
1719326694.655139,100.0,42727.0
1719326694.8048677,80.0,42727.0
1719326694.9549584,77.0,42727.0
1719326695.1051664,77.0,42727.0
1719326695.2615209,100.0,42727.0
1719326695.414427,99.0,42727.0
1719326695.5656464,99.0,42727.0
1719326695.7177374,100.0,42727.0
1719326695.869938,100.0,42727.0
1719326696.0300553,44.0,42727.0
1719326696.1797304,44.0,42727.0
1719326696.327525,100.0,42727.0
1719326696.47521,99.0,42727.0
1719326696.6259682,100.0,42727.0
1719326696.7804642,100.0,42727.0
1719326696.9344766,91.0,42727.0
1719326697.0857575,91.0,42727.0
1719326697.2397838,57.0,42727.0
1719326697.3902605,100.0,42727.0
1719326697.5435233,99.0,42727.0
1719326697.694751,99.0,42727.0
1719326697.8493555,100.0,42727.0
1719326698.0004692,100.0,42727.0
1719326698.1538186,53.0,42727.0
1719326698.3050737,53.0,42727.0
1719326698.4610808,100.0,42727.0
1719326698.6125033,99.0,42727.0
1719326698.765296,99.0,42727.0
1719326698.9148424,100.0,42727.0
1719326699.0631728,100.0,42727.0
1719326699.2166228,100.0,42727.0
1719326699.3645148,100.0,42727.0
1719326699.5116665,42.0,42727.0
1719326699.6580708,100.0,42727.0
1719326699.8054574,99.0,42727.0
1719326699.9545004,99.0,42727.0
1719326700.1095662,100.0,42727.0
1719326700.2598205,100.0,42727.0
1719326700.4145324,67.0,42727.0
1719326700.563288,87.0,42727.0
1719326700.7135105,87.0,42727.0
1719326700.8596883,100.0,42727.0
1719326701.0032797,100.0,42727.0
1719326701.155905,100.0,42727.0
1719326701.3115878,100.0,42727.0
1719326701.4653528,100.0,42727.0
1719326701.626744,43.0,42727.0
1719326701.7828557,100.0,42727.0
1719326701.9338365,100.0,42727.0
1719326702.0897367,99.0,42727.0
1719326702.2424436,100.0,42727.0
1719326702.396086,100.0,42727.0
1719326702.5505178,100.0,42727.0
1719326702.706283,81.0,42727.0
1719326702.8590832,68.0,42727.0
1719326703.012567,100.0,42727.0
1719326703.1675107,100.0,42727.0
1719326703.322504,96.0,42727.0
1719326703.4756863,100.0,42727.0
1719326703.6294098,100.0,42727.0
1719326703.7818089,100.0,42727.0
1719326703.9321198,54.0,42727.0
1719326704.081599,100.0,42727.0
1719326704.234366,99.0,42727.0
1719326704.3810897,99.0,42727.0
1719326704.5269005,100.0,42727.0
1719326704.6730158,100.0,42727.0
1719326704.824216,94.0,42727.0
1719326704.9788606,94.0,42727.0
1719326705.1310074,48.0,42727.0
1719326705.2842875,100.0,42727.0
1719326705.4313788,100.0,42727.0
1719326705.5791438,99.0,42727.0
1719326705.7257931,100.0,42727.0
1719326705.8689365,100.0,42727.0
1719326706.0171764,100.0,42727.0
1719326706.1668763,58.0,42727.0
1719326706.3163083,89.0,42727.0
1719326706.469956,99.0,42727.0
1719326706.6236293,100.0,42727.0
1719326706.7769978,100.0,42727.0
1719326706.9303534,100.0,42727.0
1719326707.0838673,100.0,42727.0
1719326707.2378726,43.0,42727.0
1719326707.3895755,100.0,42727.0
1719326707.5395503,100.0,42727.0
1719326707.6896963,99.0,42727.0
1719326707.8447614,100.0,42727.0
1719326707.994882,100.0,42727.0
1719326708.1496034,100.0,42727.0
1719326708.304665,80.0,42727.0
1719326708.4583323,72.0,42727.0
1719326708.606857,72.0,42727.0
1719326708.7574282,100.0,42727.0
1719326708.9063132,99.0,42727.0
1719326709.0538456,100.0,42727.0
1719326709.198973,100.0,42727.0
1719326709.3490002,100.0,42727.0
1719326709.5056906,46.0,42727.0
1719326709.654727,100.0,42727.0
1719326709.8055897,99.0,42727.0
1719326709.9592063,99.0,42727.0
1719326710.110309,100.0,42727.0
1719326710.2571285,100.0,42727.0
1719326710.408655,92.0,42727.0
1719326710.5569448,92.0,42727.0
1719326710.7028809,59.0,42727.0
1719326710.8513155,100.0,42727.0
1719326711.000952,100.0,42727.0
1719326711.1497333,99.0,42727.0
1719326711.3018696,100.0,42727.0
1719326711.457282,100.0,42727.0
1719326711.6073313,100.0,42727.0
1719326711.8051186,48.0,42727.0
1719326712.009405,99.0,42727.0
1719326712.1644063,99.0,42727.0
1719326712.3221662,100.0,42727.0
1719326712.4802406,100.0,42727.0
1719326712.6461384,100.0,42727.0
1719326712.8029373,100.0,42727.0
1719326712.9517958,42.0,42727.0
1719326713.1050122,100.0,42727.0
1719326713.2575033,99.0,42727.0
1719326713.4075994,99.0,42727.0
1719326713.555739,100.0,42727.0
1719326713.703709,100.0,42727.0
1719326713.851864,70.0,42727.0
1719326714.0031824,70.0,42727.0
1719326714.1490624,70.0,42727.0
1719326714.292966,100.0,42727.0
1719326714.441896,100.0,42727.0
1719326714.592646,99.0,42727.0
1719326714.7458544,100.0,42727.0
1719326714.8993556,100.0,42727.0
1719326715.047853,100.0,42727.0
1719326715.2211592,100.0,42727.0
1719326715.3840704,100.0,42727.0
1719326715.533207,99.0,42727.0
1719326715.6832476,100.0,42727.0
1719326715.8321621,100.0,42727.0
1719326715.9841077,100.0,42727.0
1719326716.1383965,92.0,42727.0
1719326716.292548,54.0,42727.0
1719326716.4431868,100.0,42727.0
1719326716.5976696,100.0,42727.0
1719326716.7555175,99.0,42727.0
1719326716.9098163,100.0,42727.0
1719326717.0679655,100.0,42727.0
1719326717.2188466,100.0,42727.0
1719326717.3742692,52.0,42727.0
1719326717.5265322,95.0,42727.0
1719326717.6781964,99.0,42727.0
1719326717.8313556,99.0,42727.0
1719326717.9862256,100.0,42727.0
1719326718.137238,100.0,42727.0
1719326718.2846887,100.0,42727.0
1719326718.4363463,100.0,42727.0
1719326718.5845804,52.0,42727.0
1719326718.7329712,100.0,42727.0
1719326718.8789492,100.0,42727.0
1719326719.0253563,99.0,42727.0
1719326719.1696794,100.0,42727.0
1719326719.315702,100.0,42727.0
1719326719.479426,65.0,42727.0
1719326719.638796,65.0,42727.0
1719326719.7903614,77.0,42727.0
1719326719.938543,77.0,42727.0
1719326720.0897386,99.0,42727.0
1719326720.238668,99.0,42727.0
1719326720.383805,100.0,42727.0
1719326720.5322998,100.0,42727.0
1719326720.6832235,52.0,42727.0
1719326720.8353317,52.0,42727.0
1719326720.9863572,100.0,42727.0
1719326721.140339,99.0,42727.0
1719326721.2924025,100.0,42727.0
1719326721.447787,100.0,42727.0
1719326721.6007202,100.0,42727.0
1719326721.7549286,82.0,42727.0
1719326721.9057403,72.0,42727.0
1719326722.0574102,72.0,42727.0
1719326722.2623255,99.0,42727.0
1719326722.4273686,99.0,42727.0
1719326722.5786114,100.0,42727.0
1719326722.7341807,100.0,42727.0
1719326722.8860052,50.0,42727.0
1719326723.0406334,50.0,42727.0
1719326723.1908765,100.0,42727.0
1719326723.3397856,99.0,42727.0
1719326723.4902053,99.0,42727.0
1719326723.6374035,100.0,42727.0
1719326723.7829647,100.0,42727.0
1719326723.9299302,89.0,42727.0
1719326724.0808816,89.0,42727.0
1719326724.2326336,62.0,42727.0
1719326724.3843584,100.0,42727.0
1719326724.5397596,99.0,42727.0
1719326724.6908693,99.0,42727.0
1719326724.839553,100.0,42727.0
1719326724.9894023,100.0,42727.0
1719326725.1377318,52.0,42727.0
1719326725.2866724,52.0,42727.0
1719326725.4345582,100.0,42727.0
1719326725.586182,99.0,42727.0
1719326725.7375271,99.0,42727.0
1719326725.8934672,100.0,42727.0
1719326726.0462596,100.0,42727.0
1719326726.2023895,98.0,42727.0
1719326726.358043,48.0,42727.0
1719326726.5105069,100.0,42727.0
1719326726.6613677,100.0,42727.0
1719326726.8139837,99.0,42727.0
1719326726.9641364,100.0,42727.0
1719326727.1180875,100.0,42727.0
1719326727.2714434,100.0,42727.0
1719326727.4263964,58.0,42727.0
1719326727.5771477,86.0,42727.0
1719326727.7282498,100.0,42727.0
1719326727.8814929,100.0,42727.0
1719326728.0332253,99.0,42727.0
1719326728.1836784,100.0,42727.0
1719326728.3353493,100.0,42727.0
1719326728.4860404,100.0,42727.0
1719326728.6954324,100.0,42727.0
1719326728.8639777,100.0,42727.0
1719326729.0194159,99.0,42727.0
1719326729.1743224,100.0,42727.0
1719326729.325858,100.0,42727.0
1719326729.477396,100.0,42727.0
1719326729.62805,72.0,42727.0
1719326729.7775474,81.0,42727.0
1719326729.9227848,81.0,42727.0
1719326730.114538,100.0,42727.0
1719326730.2624815,99.0,42727.0
1719326730.4153697,100.0,42727.0
1719326730.5707743,100.0,42727.0
1719326730.7274568,100.0,42727.0
1719326730.9130394,100.0,42727.0
1719326731.0827193,100.0,42727.0
1719326731.2328482,99.0,42727.0
1719326731.3842237,100.0,42727.0
1719326731.5348551,100.0,42727.0
1719326731.6862335,100.0,42727.0
1719326731.8375995,80.0,42727.0
1719326731.9887216,66.0,42727.0
1719326732.1428254,100.0,42727.0
1719326732.2967136,100.0,42727.0
1719326732.451039,99.0,42727.0
1719326732.6025426,100.0,42727.0
1719326732.7517538,100.0,42727.0
1719326732.903446,100.0,42727.0
1719326733.0531993,41.0,42727.0
1719326733.2015166,41.0,42727.0
1719326733.3484185,99.0,42727.0
1719326733.4949265,99.0,42727.0
1719326733.6412237,100.0,42727.0
1719326733.7922752,100.0,42727.0
1719326733.9481394,100.0,42727.0
1719326734.0990114,100.0,42727.0
1719326734.250944,55.0,42727.0
1719326734.3998244,100.0,42727.0
1719326734.5473204,100.0,42727.0
1719326734.6930535,99.0,42727.0
1719326734.8410573,100.0,42727.0
1719326734.9906688,100.0,42727.0
1719326735.1469362,100.0,42727.0
1719326735.342749,56.0,42727.0
1719326735.5471206,99.0,42727.0
1719326735.7152696,99.0,42727.0
1719326735.8739023,100.0,42727.0
1719326736.0234873,100.0,42727.0
1719326736.1783347,100.0,42727.0
1719326736.3280318,100.0,42727.0
1719326736.4864595,46.0,42727.0
1719326736.6373158,100.0,42727.0
1719326736.7888129,99.0,42727.0
1719326736.9402971,99.0,42727.0
1719326737.094671,100.0,42727.0
1719326737.2459795,100.0,42727.0
1719326737.3983474,75.0,42727.0
1719326737.5557468,75.0,42727.0
1719326737.7091265,71.0,42727.0
1719326737.8551726,100.0,42727.0
1719326738.0010114,100.0,42727.0
1719326738.1463323,99.0,42727.0
1719326738.291173,100.0,42727.0
1719326738.4371,100.0,42727.0
1719326738.5895076,100.0,42727.0
1719326738.7632365,100.0,42727.0
1719326738.9351962,100.0,42727.0
1719326739.0843942,94.0,42727.0
1719326739.2388496,100.0,42727.0
1719326739.3859491,100.0,42727.0
1719326739.5315645,100.0,42727.0
1719326739.6834815,92.0,42727.0
1719326739.8327653,63.0,42727.0
1719326739.9800556,63.0,42727.0
1719326740.133969,100.0,42727.0
1719326740.2859466,99.0,42727.0
1719326740.4372506,100.0,42727.0
1719326740.5939887,100.0,42727.0
1719326740.7471538,100.0,42727.0
1719326740.9004006,46.0,42727.0
1719326741.055847,46.0,42727.0
1719326741.2062237,99.0,42727.0
1719326741.3585951,99.0,42727.0
1719326741.5131216,100.0,42727.0
1719326741.6656032,100.0,42727.0
1719326741.817389,100.0,42727.0
1719326741.9711459,100.0,42727.0
1719326742.123578,49.0,42727.0
1719326742.2753656,100.0,42727.0
1719326742.4255948,99.0,42727.0
1719326742.5720024,99.0,42727.0
1719326742.7189147,100.0,42727.0
1719326742.8644986,100.0,42727.0
1719326743.0139172,100.0,42727.0
1719326743.1647623,59.0,42727.0
1719326743.3132749,88.0,42727.0
1719326743.4632668,99.0,42727.0
1719326743.617068,99.0,42727.0
1719326743.7682781,100.0,42727.0
1719326743.9165819,100.0,42727.0
1719326744.0708787,100.0,42727.0
1719326744.2194197,100.0,42727.0
1719326744.364669,50.0,42727.0
1719326744.515903,100.0,42727.0
1719326744.6635332,99.0,42727.0
1719326744.8141668,99.0,42727.0
1719326744.9664345,100.0,42727.0
1719326745.120062,100.0,42727.0
1719326745.2736473,75.0,42727.0
1719326745.4352574,75.0,42727.0
1719326745.5885046,61.0,42727.0
1719326745.7395937,100.0,42727.0
1719326745.8923028,99.0,42727.0
1719326746.043287,100.0,42727.0
1719326746.1936655,100.0,42727.0
1719326746.3476408,100.0,42727.0
1719326746.500002,47.0,42727.0
1719326746.6529646,100.0,42727.0
1719326746.818336,100.0,42727.0
1719326746.9689968,92.0,42727.0
1719326747.1192038,100.0,42727.0
1719326747.2710197,100.0,42727.0
1719326747.4180741,100.0,42727.0
1719326747.5684285,100.0,42727.0
1719326747.7250407,42.0,42727.0
1719326747.8773162,100.0,42727.0
1719326748.0257905,100.0,42727.0
1719326748.1831257,99.0,42727.0
1719326748.3411465,100.0,42727.0
1719326748.4996734,100.0,42727.0
1719326748.6560721,100.0,42727.0
1719326748.8354568,70.0,42727.0
1719326748.9902592,70.0,42727.0
1719326749.142299,100.0,42727.0
1719326749.2923286,100.0,42727.0
1719326749.4444242,99.0,42727.0
1719326749.5975988,100.0,42727.0
1719326749.752932,100.0,42727.0
1719326749.9098685,100.0,42727.0
1719326750.0688567,100.0,42727.0
1719326750.2408118,100.0,42727.0
1719326750.4001632,99.0,42727.0
1719326750.5552194,100.0,42727.0
1719326750.7094543,100.0,42727.0
1719326750.85978,100.0,42727.0
1719326751.0102522,96.0,42727.0
1719326751.1618142,56.0,42727.0
1719326751.3125436,100.0,42727.0
1719326751.4649084,100.0,42727.0
1719326751.6190736,99.0,42727.0
1719326751.7718658,100.0,42727.0
1719326751.9226267,100.0,42727.0
1719326752.0710368,100.0,42727.0
1719326752.254437,52.0,42727.0
1719326752.4040759,98.0,42727.0
1719326752.549522,98.0,42727.0
1719326752.6964283,100.0,42727.0
1719326752.8395505,100.0,42727.0
1719326752.9911397,100.0,42727.0
1719326753.1442237,100.0,42727.0
1719326753.3227112,35.0,42727.0
1719326753.4771097,100.0,42727.0
1719326753.6275563,100.0,42727.0
1719326753.7765677,99.0,42727.0
1719326753.9226665,100.0,42727.0
1719326754.0734732,100.0,42727.0
1719326754.2238162,100.0,42727.0
1719326754.3745348,77.0,42727.0
1719326754.5289524,78.0,42727.0
1719326754.6816728,78.0,42727.0
1719326754.8735101,99.0,42727.0
1719326755.0277586,99.0,42727.0
1719326755.180198,100.0,42727.0
1719326755.3312168,100.0,42727.0
1719326755.483738,55.0,42727.0
1719326755.637684,55.0,42727.0
1719326755.788103,100.0,42727.0
1719326755.9411798,99.0,42727.0
1719326756.091222,99.0,42727.0
1719326756.2424996,100.0,42727.0
1719326756.395181,100.0,42727.0
1719326756.5499883,78.0,42727.0
1719326756.7087615,78.0,42727.0
1719326756.8647907,70.0,42727.0
1719326757.0171874,100.0,42727.0
1719326757.1641965,99.0,42727.0
1719326757.3073895,99.0,42727.0
1719326757.4507816,100.0,42727.0
1719326757.5933406,100.0,42727.0
1719326757.7418358,100.0,42727.0
1719326757.8938205,100.0,42727.0
1719326758.0533113,100.0,42727.0
1719326758.2072563,98.0,42727.0
1719326758.3585813,100.0,42727.0
1719326758.5082512,100.0,42727.0
1719326758.656321,100.0,42727.0
1719326758.8000383,92.0,42727.0
1719326758.9518287,58.0,42727.0
1719326759.1004336,58.0,42727.0
1719326759.2516563,100.0,42727.0
1719326759.4059155,99.0,42727.0
1719326759.5596936,100.0,42727.0
1719326759.7103765,100.0,42727.0
1719326759.8636742,100.0,42727.0
1719326760.0185285,48.0,42727.0
1719326760.1697645,48.0,42727.0
1719326760.3218737,99.0,42727.0
1719326760.4729168,99.0,42727.0
1719326760.6246035,100.0,42727.0
1719326760.7749128,100.0,42727.0
1719326760.9264908,100.0,42727.0
1719326761.0830545,100.0,42727.0
1719326761.2342317,53.0,42727.0
1719326761.383749,100.0,42727.0
1719326761.5322406,100.0,42727.0
1719326761.6825619,99.0,42727.0
1719326761.8301494,100.0,42727.0
1719326761.9765491,100.0,42727.0
1719326762.121127,100.0,42727.0
1719326762.322445,61.0,42727.0
1719326762.5174172,100.0,42727.0
1719326762.684726,100.0,42727.0
1719326762.8383462,99.0,42727.0
1719326762.9887822,100.0,42727.0
1719326763.1383748,100.0,42727.0
1719326763.287749,100.0,42727.0
1719326763.4371605,47.0,42727.0
1719326763.5803554,47.0,42727.0
1719326763.7360868,99.0,42727.0
1719326763.8840644,99.0,42727.0
1719326764.0348995,100.0,42727.0
1719326764.1865413,100.0,42727.0
1719326764.3382254,100.0,42727.0
1719326764.4907386,77.0,42727.0
1719326764.6432273,69.0,42727.0
1719326764.7969038,100.0,42727.0
1719326764.9501498,100.0,42727.0
1719326765.104576,95.0,42727.0
1719326765.2536952,100.0,42727.0
1719326765.4021363,100.0,42727.0
1719326765.5555382,100.0,42727.0
1719326765.74809,100.0,42727.0
1719326765.9175632,100.0,42727.0
1719326766.073019,93.0,42727.0
1719326766.2257054,100.0,42727.0
1719326766.3748167,100.0,42727.0
1719326766.522366,100.0,42727.0
1719326766.670205,96.0,42727.0
1719326766.8174067,59.0,42727.0
1719326766.961397,59.0,42727.0
1719326767.1061404,100.0,42727.0
1719326767.2522943,99.0,42727.0
1719326767.3996902,100.0,42727.0
1719326767.5548348,100.0,42727.0
1719326767.7064922,100.0,42727.0
1719326767.8699338,48.0,42727.0
1719326768.0201597,100.0,42727.0
1719326768.1686,99.0,42727.0
1719326768.3165386,99.0,42727.0
1719326768.4591756,100.0,42727.0
1719326768.6115084,100.0,42727.0
1719326768.7620342,100.0,42727.0
1719326768.910664,100.0,42727.0
1719326769.0647316,54.0,42727.0
1719326769.2199297,100.0,42727.0
1719326769.3717756,100.0,42727.0
1719326769.5249915,99.0,42727.0
1719326769.6786888,100.0,42727.0
1719326769.8302066,100.0,42727.0
1719326769.986983,100.0,42727.0
1719326770.1681361,87.0,42727.0
1719326770.3415463,87.0,42727.0
1719326770.493945,99.0,42727.0
1719326770.6452231,100.0,42727.0
1719326770.8027759,100.0,42727.0
1719326770.954908,100.0,42727.0
1719326771.118718,100.0,42727.0
1719326771.2778008,43.0,42727.0
1719326771.4278212,100.0,42727.0
1719326771.5738075,100.0,42727.0
1719326771.7201936,99.0,42727.0
1719326771.8645709,100.0,42727.0
1719326772.0088167,100.0,42727.0
1719326772.1548197,100.0,42727.0
1719326772.3042135,80.0,42727.0
1719326772.4600294,71.0,42727.0
1719326772.6107495,71.0,42727.0
1719326772.7637222,100.0,42727.0
1719326772.9143412,99.0,42727.0
1719326773.0634682,100.0,42727.0
1719326773.2085187,100.0,42727.0
1719326773.362965,100.0,42727.0
1719326773.5179183,44.0,42727.0
1719326773.6693273,100.0,42727.0
1719326773.821756,99.0,42727.0
1719326773.975951,99.0,42727.0
1719326774.1286907,100.0,42727.0
1719326774.2838545,100.0,42727.0
1719326774.436891,96.0,42727.0
1719326774.5897105,96.0,42727.0
1719326774.741166,49.0,42727.0
1719326774.8906317,100.0,42727.0
1719326775.0444512,99.0,42727.0
1719326775.1991808,99.0,42727.0
1719326775.3518271,100.0,42727.0
1719326775.5036583,100.0,42727.0
1719326775.6606827,100.0,42727.0
1719326775.812414,96.0,42727.0
1719326775.9714756,96.0,42727.0
1719326776.11838,99.0,42727.0
1719326776.265583,100.0,42727.0
1719326776.4129698,100.0,42727.0
1719326776.5590713,100.0,42727.0
1719326776.702989,100.0,42727.0
1719326776.8555677,47.0,42727.0
1719326777.0089335,47.0,42727.0
1719326777.1669993,100.0,42727.0
1719326777.323546,99.0,42727.0
1719326777.477804,100.0,42727.0
1719326777.630924,100.0,42727.0
1719326777.7866488,100.0,42727.0
1719326777.9399948,67.0,42727.0
1719326778.0924742,81.0,42727.0
1719326778.2472827,100.0,42727.0
1719326778.4028234,100.0,42727.0
1719326778.5586522,97.0,42727.0
1719326778.7159536,100.0,42727.0
1719326778.8745306,100.0,42727.0
1719326779.032097,100.0,42727.0
1719326779.2216556,100.0,42727.0
1719326779.3742676,100.0,42727.0
1719326779.5252,95.0,42727.0
1719326779.6788301,100.0,42727.0
1719326779.8312223,100.0,42727.0
1719326779.9819083,100.0,42727.0
1719326780.1352327,84.0,42727.0
1719326780.2873657,69.0,42727.0
1719326780.4381614,69.0,42727.0
1719326780.5872269,100.0,42727.0
1719326780.7375226,99.0,42727.0
1719326780.8880439,100.0,42727.0
1719326781.0382304,100.0,42727.0
1719326781.1878834,100.0,42727.0
1719326781.340223,41.0,42727.0
1719326781.4897404,41.0,42727.0
1719326781.63679,100.0,42727.0
1719326781.791432,99.0,42727.0
1719326781.9462414,100.0,42727.0
1719326782.1001,100.0,42727.0
1719326782.256642,100.0,42727.0
1719326782.405451,100.0,42727.0
1719326782.5589714,55.0,42727.0
1719326782.7031605,55.0,42727.0
1719326782.8500955,99.0,42727.0
1719326782.999785,99.0,42727.0
1719326783.1481998,100.0,42727.0
1719326783.2980475,100.0,42727.0
1719326783.4588997,51.0,42727.0
1719326783.63009,51.0,42727.0
1719326783.7813294,87.0,42727.0
1719326783.9346483,99.0,42727.0
1719326784.0878973,100.0,42727.0
1719326784.239467,100.0,42727.0
1719326784.3891013,100.0,42727.0
1719326784.5395703,100.0,42727.0
1719326784.6902347,100.0,42727.0
1719326784.8596528,45.0,42727.0
1719326785.0553997,100.0,42727.0
1719326785.2097435,99.0,42727.0
1719326785.362379,100.0,42727.0
1719326785.5122974,100.0,42727.0
1719326785.6618016,100.0,42727.0
1719326785.8114905,78.0,42727.0
1719326785.9637349,70.0,42727.0
1719326786.110793,100.0,42727.0
1719326786.2573075,100.0,42727.0
1719326786.4016926,99.0,42727.0
1719326786.5453026,100.0,42727.0
1719326786.693261,100.0,42727.0
1719326786.8515193,100.0,42727.0
1719326787.0702603,43.0,42727.0
1719326787.2206316,100.0,42727.0
1719326787.3735514,99.0,42727.0
1719326787.5221775,100.0,42727.0
1719326787.6673129,100.0,42727.0
1719326787.820312,100.0,42727.0
1719326787.9748192,98.0,42727.0
1719326788.1422265,44.0,42727.0
1719326788.2979198,100.0,42727.0
1719326788.4502287,100.0,42727.0
1719326788.6021316,99.0,42727.0
1719326788.7563214,100.0,42727.0
1719326788.907282,100.0,42727.0
1719326789.0564804,100.0,42727.0
1719326789.2074459,61.0,42727.0
1719326789.3587148,61.0,42727.0
1719326789.510749,86.0,42727.0
1719326789.6639066,99.0,42727.0
1719326789.8167534,99.0,42727.0
1719326789.9696996,100.0,42727.0
1719326790.1232607,100.0,42727.0
1719326790.276961,100.0,42727.0
1719326790.4261575,56.0,42727.0
1719326790.5748396,100.0,42727.0
1719326790.7211466,99.0,42727.0
1719326790.8675785,99.0,42727.0
1719326791.011459,100.0,42727.0
1719326791.1556962,100.0,42727.0
1719326791.2984293,100.0,42727.0
1719326791.5086427,76.0,42727.0
1719326791.662069,76.0,42727.0
1719326791.812548,100.0,42727.0
1719326791.9644256,99.0,42727.0
1719326792.114969,99.0,42727.0
1719326792.263894,100.0,42727.0
1719326792.410616,100.0,42727.0
1719326792.552981,51.0,42727.0
1719326792.7123282,51.0,42727.0
1719326792.9222856,100.0,42727.0
1719326793.0732863,99.0,42727.0
1719326793.2291052,100.0,42727.0
1719326793.3815005,100.0,42727.0
1719326793.5342062,100.0,42727.0
1719326793.6876693,83.0,42727.0
1719326793.8406658,62.0,42727.0
1719326793.9894764,100.0,42727.0
1719326794.1405451,99.0,42727.0
1719326794.2951694,99.0,42727.0
1719326794.4452271,100.0,42727.0
1719326794.5980098,100.0,42727.0
1719326794.7502675,100.0,42727.0
1719326794.9318223,55.0,42727.0
1719326795.0809712,100.0,42727.0
1719326795.2316835,99.0,42727.0
1719326795.3818784,100.0,42727.0
1719326795.5315745,100.0,42727.0
1719326795.682101,100.0,42727.0
1719326795.8348947,93.0,42727.0
1719326795.9929323,55.0,42727.0
1719326796.1473374,55.0,42727.0
1719326796.3027802,100.0,42727.0
1719326796.4606922,99.0,42727.0
1719326796.6120296,100.0,42727.0
1719326796.762627,100.0,42727.0
1719326796.9140263,100.0,42727.0
1719326797.0633152,51.0,42727.0
1719326797.2095993,96.0,42727.0
1719326797.3582578,99.0,42727.0
1719326797.5070605,99.0,42727.0
1719326797.6564796,100.0,42727.0
1719326797.8092613,100.0,42727.0
1719326797.964048,100.0,42727.0
1719326798.1146674,100.0,42727.0
1719326798.268263,53.0,42727.0
1719326798.4201682,100.0,42727.0
1719326798.57058,100.0,42727.0
1719326798.7229,99.0,42727.0
1719326798.873863,100.0,42727.0
1719326799.0289068,100.0,42727.0
1719326799.18474,100.0,42727.0
1719326799.3591826,80.0,42727.0
1719326799.5124803,80.0,42727.0
1719326799.6638288,100.0,42727.0
1719326799.8136604,99.0,42727.0
1719326799.9626412,99.0,42727.0
1719326800.1145241,100.0,42727.0
1719326800.2609613,100.0,42727.0
1719326800.4074132,100.0,42727.0
1719326800.5726573,49.0,42727.0
1719326800.7194283,100.0,42727.0
1719326800.8654702,94.0,42727.0
1719326801.018308,100.0,42727.0
1719326801.1721578,100.0,42727.0
1719326801.32502,100.0,42727.0
1719326801.4736176,84.0,42727.0
1719326801.6241283,71.0,42727.0
1719326801.7735841,71.0,42727.0
1719326801.919815,100.0,42727.0
1719326802.0641146,99.0,42727.0
1719326802.213371,99.0,42727.0
1719326802.3851612,100.0,42727.0
1719326802.5354335,100.0,42727.0
1719326802.6918612,43.0,42727.0
1719326802.8442037,100.0,42727.0
1719326802.997824,99.0,42727.0
1719326803.1520758,99.0,42727.0
1719326803.303055,100.0,42727.0
1719326803.4529383,100.0,42727.0
1719326803.6049697,95.0,42727.0
1719326803.7550437,95.0,42727.0
1719326803.9063408,57.0,42727.0
1719326804.059693,100.0,42727.0
1719326804.2119687,100.0,42727.0
1719326804.3664784,99.0,42727.0
1719326804.5214493,100.0,42727.0
1719326804.679668,100.0,42727.0
1719326804.8314166,100.0,42727.0
1719326804.9986153,100.0,42727.0
1719326805.1649191,100.0,42727.0
1719326805.3149168,99.0,42727.0
1719326805.460676,100.0,42727.0
1719326805.6074085,100.0,42727.0
1719326805.7547483,100.0,42727.0
1719326805.9095244,99.0,42727.0
1719326806.070745,42.0,42727.0
1719326806.224369,42.0,42727.0
1719326806.3734868,100.0,42727.0
1719326806.5360796,99.0,42727.0
1719326806.6816573,100.0,42727.0
1719326806.8245184,100.0,42727.0
1719326806.962543,100.0,42727.0
1719326807.1003397,64.0,42727.0
1719326807.309641,92.0,42727.0
1719326807.4522872,92.0,42727.0
1719326807.5943654,99.0,42727.0
1719326807.7350512,100.0,42727.0
1719326807.875638,100.0,42727.0
1719326808.01717,100.0,42727.0
1719326808.1564853,100.0,42727.0
1719326808.316816,41.0,42727.0
1719326808.4609947,41.0,42727.0
1719326808.6021378,100.0,42727.0
1719326808.7415144,99.0,42727.0
1719326808.8770072,99.0,42727.0
1719326809.0128276,100.0,42727.0
1719326809.146862,100.0,42727.0
1719326809.286086,100.0,42727.0
1719326809.4283955,79.0,42727.0
1719326809.5648844,69.0,42727.0
1719326809.6999526,100.0,42727.0
1719326809.8352385,100.0,42727.0
1719326809.9828434,99.0,42727.0
1719326810.1164293,100.0,42727.0
1719326810.2519782,100.0,42727.0
1719326810.386875,100.0,42727.0
1719326810.5297928,53.0,42727.0
1719326810.669385,53.0,42727.0
1719326810.8354008,100.0,42727.0
1719326810.9710948,99.0,42727.0
1719326811.1056886,100.0,42727.0
1719326811.241021,100.0,42727.0
1719326811.3745627,100.0,42727.0
1719326811.5180023,88.0,42727.0
1719326811.6619663,60.0,42727.0
1719326811.799423,60.0,42727.0
1719326811.937978,60.0,42727.0
1719326812.0726113,99.0,42727.0
1719326812.2085726,99.0,42727.0
1719326812.3418913,100.0,42727.0
1719326812.4778824,100.0,42727.0
1719326812.6109529,100.0,42727.0
1719326812.7589464,51.0,42727.0
1719326812.8998442,51.0,42727.0
1719326813.0484974,100.0,42727.0
1719326813.1857781,99.0,42727.0
1719326813.3205545,100.0,42727.0
1719326813.457578,100.0,42727.0
1719326813.5910842,100.0,42727.0
1719326813.7250545,100.0,42727.0
1719326813.871672,53.0,42727.0
1719326814.0168495,53.0,42727.0
1719326814.1587765,100.0,42727.0
1719326814.296879,99.0,42727.0
1719326814.4369452,99.0,42727.0
1719326814.5744562,100.0,42727.0
1719326814.7155595,100.0,42727.0
1719326814.8619056,100.0,42727.0
1719326815.0567846,53.0,42727.0
1719326815.2010827,95.0,42727.0
1719326815.3379202,99.0,42727.0
1719326815.471998,99.0,42727.0
1719326815.6072843,100.0,42727.0
1719326815.7405927,100.0,42727.0
1719326815.8752272,100.0,42727.0
1719326816.00856,100.0,42727.0
1719326816.1507363,56.0,42727.0
1719326816.2910075,56.0,42727.0
1719326816.428801,100.0,42727.0
1719326816.5646465,99.0,42727.0
1719326816.6999912,99.0,42727.0
1719326816.8341086,100.0,42727.0
1719326816.9681625,100.0,42727.0
1719326817.102151,100.0,42727.0
1719326817.2698588,60.0,42727.0
1719326817.413177,86.0,42727.0
1719326817.5499442,100.0,42727.0
1719326817.684761,100.0,42727.0
1719326817.820156,99.0,42727.0
1719326817.953142,100.0,42727.0
1719326818.088564,100.0,42727.0
1719326818.222222,100.0,42727.0
1719326818.3651602,48.0,42727.0
1719326818.5037782,48.0,42727.0
1719326818.6841495,100.0,42727.0
1719326818.8195767,99.0,42727.0
1719326818.953319,100.0,42727.0
1719326819.0883598,100.0,42727.0
1719326819.2218914,100.0,42727.0
1719326819.3575778,77.0,42727.0
1719326819.501231,77.0,42727.0
1719326819.6399782,75.0,42727.0
1719326819.7763255,100.0,42727.0
1719326819.9120817,100.0,42727.0
1719326820.0465837,99.0,42727.0
1719326820.1822982,100.0,42727.0
1719326820.3165438,100.0,42727.0
1719326820.4941325,100.0,42727.0
1719326820.6343224,57.0,42727.0
1719326820.771264,100.0,42727.0
1719326820.9076645,100.0,42727.0
1719326821.042365,99.0,42727.0
1719326821.1761615,100.0,42727.0
1719326821.311475,100.0,42727.0
1719326821.4465098,100.0,42727.0
1719326821.5810697,79.0,42727.0
1719326821.7249844,77.0,42727.0
1719326821.8643029,77.0,42727.0
1719326821.999377,100.0,42727.0
1719326822.1371539,99.0,42727.0
1719326822.2712584,99.0,42727.0
1719326822.409867,100.0,42727.0
1719326822.544257,100.0,42727.0
1719326822.6784878,100.0,42727.0
1719326822.8221748,54.0,42727.0
1719326822.9603035,54.0,42727.0
1719326823.0977075,100.0,42727.0
1719326823.2328598,99.0,42727.0
1719326823.367678,100.0,42727.0
1719326823.504291,100.0,42727.0
1719326823.6379437,100.0,42727.0
1719326823.7820206,79.0,42727.0
1719326823.925382,79.0,42727.0
1719326824.0642211,67.0,42727.0
1719326824.2002335,100.0,42727.0
1719326824.3357952,99.0,42727.0
1719326824.4916694,99.0,42727.0
1719326824.6307552,100.0,42727.0
1719326824.7641103,100.0,42727.0
1719326824.9037204,100.0,42727.0
1719326825.0467834,49.0,42727.0
1719326825.1851456,49.0,42727.0
1719326825.3289092,100.0,42727.0
1719326825.4663634,99.0,42727.0
1719326825.6010911,100.0,42727.0
1719326825.7356775,100.0,42727.0
1719326825.8690517,100.0,42727.0
1719326826.00309,94.0,42727.0
1719326826.1457264,94.0,42727.0
1719326826.2921915,56.0,42727.0
1719326826.4338357,100.0,42727.0
1719326826.5739322,99.0,42727.0
1719326826.7117531,99.0,42727.0
1719326826.8494983,100.0,42727.0
1719326826.987282,100.0,42727.0
1719326827.1229975,100.0,42727.0
1719326827.2660644,52.0,42727.0
1719326827.4095483,52.0,42727.0
1719326827.5502663,100.0,42727.0
1719326827.687695,99.0,42727.0
1719326827.8274279,100.0,42727.0
1719326827.9659078,100.0,42727.0
1719326828.1035693,100.0,42727.0
1719326828.249369,100.0,42727.0
1719326828.4005923,48.0,42727.0
1719326828.538438,48.0,42727.0
1719326828.6744368,100.0,42727.0
1719326828.8108623,99.0,42727.0
1719326828.9457598,99.0,42727.0
1719326829.0786505,100.0,42727.0
1719326829.2134507,100.0,42727.0
1719326829.3466341,100.0,42727.0
1719326829.4960933,59.0,42727.0
1719326829.6362422,59.0,42727.0
1719326829.7746706,92.0,42727.0
1719326829.9115076,96.0,42727.0
1719326830.0458906,100.0,42727.0
1719326830.1816986,100.0,42727.0
1719326830.3155465,100.0,42727.0
1719326830.4523704,100.0,42727.0
1719326830.5877445,53.0,42727.0
1719326830.7286966,53.0,42727.0
1719326830.8669698,100.0,42727.0
1719326831.003512,100.0,42727.0
1719326831.1411953,99.0,42727.0
1719326831.2772577,100.0,42727.0
1719326831.41476,100.0,42727.0
1719326831.5530567,100.0,42727.0
1719326831.6899524,68.0,42727.0
1719326831.8314931,85.0,42727.0
1719326831.971279,85.0,42727.0
1719326832.1079588,100.0,42727.0
1719326832.2508156,99.0,42727.0
1719326832.401514,100.0,42727.0
1719326832.55026,100.0,42727.0
1719326832.699233,100.0,42727.0
1719326832.8514202,50.0,42727.0
1719326833.0007045,100.0,42727.0
1719326833.1507645,100.0,42727.0
1719326833.2978873,99.0,42727.0
1719326833.4432335,100.0,42727.0
1719326833.5910282,100.0,42727.0
1719326833.745017,100.0,42727.0
1719326833.8961265,75.0,42727.0
1719326834.0453029,75.0,42727.0
1719326834.19694,79.0,42727.0
1719326834.34754,100.0,42727.0
1719326834.492667,100.0,42727.0
1719326834.6366198,100.0,42727.0
1719326834.7884974,100.0,42727.0
1719326834.9467587,100.0,42727.0
1719326835.1096594,43.0,42727.0
1719326835.2566628,100.0,42727.0
1719326835.400574,100.0,42727.0
1719326835.5490587,99.0,42727.0
1719326835.6941342,100.0,42727.0
1719326835.8407693,100.0,42727.0
1719326835.9845629,100.0,42727.0
1719326836.206585,88.0,42727.0
1719326836.3602686,60.0,42727.0
1719326836.5084496,100.0,42727.0
1719326836.674133,99.0,42727.0
1719326836.82356,99.0,42727.0
1719326836.9778478,100.0,42727.0
1719326837.1278226,100.0,42727.0
1719326837.2784965,48.0,42727.0
1719326837.43171,48.0,42727.0
1719326837.5787003,100.0,42727.0
1719326837.7286217,99.0,42727.0
1719326837.8749158,100.0,42727.0
1719326838.0233362,100.0,42727.0
1719326838.170328,100.0,42727.0
1719326838.3220172,100.0,42727.0
1719326838.4790776,45.0,42727.0
1719326838.623238,100.0,42727.0
1719326838.766202,100.0,42727.0
1719326838.9106197,99.0,42727.0
1719326839.0627983,100.0,42727.0
