timestamp,gpu_util,gpu_mem
1719936945.5671654,0.0,4.0
1719936945.7011986,0.0,4.0
1719936945.8367572,0.0,4.0
1719936945.9736412,0.0,21.0
1719936946.1181474,0.0,633.0
1719936946.2546425,7.0,633.0
1719936946.4044023,0.0,633.0
1719936946.5379775,0.0,633.0
1719936946.6720014,0.0,633.0
1719936946.8034704,0.0,633.0
1719936946.9322834,0.0,633.0
1719936947.0611696,0.0,633.0
1719936947.1925511,0.0,633.0
1719936947.3276858,0.0,633.0
1719936947.4630308,0.0,633.0
1719936947.5960798,0.0,633.0
1719936947.7282755,0.0,633.0
1719936947.8631334,0.0,633.0
1719936947.9969902,0.0,633.0
1719936948.132142,0.0,633.0
1719936948.2652345,0.0,633.0
1719936948.3956485,0.0,633.0
1719936948.5279534,0.0,633.0
1719936948.6593685,0.0,633.0
1719936948.7916088,0.0,633.0
1719936948.9240878,0.0,633.0
1719936949.058328,0.0,633.0
1719936949.1930118,0.0,633.0
1719936949.3279345,0.0,633.0
1719936949.4609332,0.0,633.0
1719936949.595696,0.0,633.0
1719936949.7279105,0.0,633.0
1719936949.8626888,0.0,633.0
1719936949.9971223,0.0,633.0
1719936950.1329439,0.0,633.0
1719936950.2700233,0.0,633.0
1719936950.4052513,0.0,633.0
1719936950.5378997,0.0,633.0
1719936950.6698148,0.0,633.0
1719936950.800866,0.0,633.0
1719936950.9322207,0.0,633.0
1719936951.0648336,0.0,633.0
1719936951.199931,0.0,633.0
1719936951.334391,0.0,633.0
1719936951.4669166,0.0,633.0
1719936951.6018572,0.0,633.0
1719936951.7357197,0.0,633.0
1719936951.8701274,0.0,633.0
1719936952.0040438,0.0,633.0
1719936952.139161,0.0,633.0
1719936952.273771,0.0,633.0
1719936952.4072163,0.0,633.0
1719936952.5405233,0.0,633.0
1719936952.671805,0.0,633.0
1719936952.8051813,0.0,633.0
1719936952.9354367,0.0,633.0
1719936953.06782,0.0,633.0
1719936953.2040687,0.0,633.0
1719936953.336735,0.0,633.0
1719936953.4690342,0.0,633.0
1719936953.602661,0.0,633.0
1719936953.734225,0.0,633.0
1719936953.8695364,0.0,633.0
1719936954.0044312,0.0,633.0
1719936954.1386452,0.0,633.0
1719936954.2710614,0.0,633.0
1719936954.4039736,0.0,633.0
1719936954.5361664,0.0,633.0
1719936954.6677692,0.0,633.0
1719936954.7992437,0.0,633.0
1719936954.9329114,0.0,633.0
1719936955.0672657,0.0,633.0
1719936955.2026796,0.0,633.0
1719936955.3384366,0.0,633.0
1719936955.4714177,0.0,633.0
1719936955.6065435,0.0,633.0
1719936955.7407994,0.0,633.0
1719936955.8767316,0.0,633.0
1719936956.0083306,0.0,633.0
1719936956.1407619,0.0,633.0
1719936956.2743642,0.0,633.0
1719936956.4094782,0.0,633.0
1719936956.543274,0.0,633.0
1719936956.6783679,0.0,633.0
1719936956.8100207,0.0,633.0
1719936956.9412105,0.0,633.0
1719936957.074145,0.0,633.0
1719936957.2081587,0.0,633.0
1719936957.3384511,0.0,633.0
1719936957.4690704,0.0,633.0
1719936957.5992904,0.0,633.0
1719936957.7349398,0.0,633.0
1719936957.8694122,0.0,633.0
1719936958.005523,0.0,633.0
1719936958.1394136,0.0,633.0
1719936958.2719147,0.0,633.0
1719936958.4063876,0.0,633.0
1719936958.5422475,0.0,633.0
1719936958.677577,0.0,633.0
1719936958.8089836,0.0,633.0
1719936958.9422822,0.0,633.0
1719936959.0721517,0.0,633.0
1719936959.203017,0.0,633.0
1719936959.3331356,0.0,633.0
1719936959.462216,0.0,633.0
1719936959.5911195,0.0,633.0
1719936959.7211013,0.0,633.0
1719936959.8500185,0.0,633.0
1719936959.978847,0.0,633.0
1719936960.1100242,0.0,633.0
1719936960.2399216,0.0,633.0
1719936960.368651,0.0,633.0
1719936960.4984472,0.0,633.0
1719936960.6280565,0.0,633.0
1719936960.7597454,0.0,633.0
1719936960.8943572,0.0,633.0
1719936961.0303662,0.0,633.0
1719936961.164954,0.0,633.0
1719936961.2990327,0.0,633.0
1719936961.433201,0.0,633.0
1719936961.5672665,0.0,633.0
1719936961.7014055,0.0,633.0
1719936961.834223,0.0,633.0
1719936961.965425,0.0,633.0
1719936962.0996306,0.0,633.0
1719936962.233152,0.0,633.0
1719936962.3642204,0.0,633.0
1719936962.4957683,0.0,633.0
1719936962.63182,0.0,633.0
1719936962.765846,0.0,633.0
1719936962.9012406,0.0,633.0
1719936963.0372436,0.0,633.0
1719936963.1700292,0.0,633.0
1719936963.3051443,0.0,633.0
1719936963.4394248,0.0,633.0
1719936963.5746293,0.0,633.0
1719936963.7082038,0.0,633.0
1719936963.842906,0.0,633.0
1719936963.974683,0.0,633.0
1719936964.1074321,0.0,633.0
1719936964.2388346,0.0,633.0
1719936964.3724692,0.0,633.0
1719936964.502715,0.0,633.0
1719936964.636361,0.0,633.0
1719936964.7671225,0.0,633.0
1719936964.9005518,0.0,633.0
1719936965.0339904,0.0,633.0
1719936965.164767,0.0,633.0
1719936965.2971246,0.0,633.0
1719936965.4322386,0.0,633.0
1719936965.5667126,0.0,633.0
1719936965.702967,0.0,633.0
1719936965.8372316,0.0,633.0
1719936965.970775,0.0,633.0
1719936966.1059024,0.0,633.0
1719936966.241117,0.0,633.0
1719936966.3756206,0.0,633.0
1719936966.5104077,0.0,633.0
1719936966.6449368,0.0,633.0
1719936966.7753847,0.0,633.0
1719936966.906487,0.0,633.0
1719936967.0363111,0.0,633.0
1719936967.1658506,0.0,633.0
1719936967.2966628,0.0,633.0
1719936967.4259284,0.0,633.0
1719936967.5552359,0.0,633.0
1719936967.6848576,0.0,633.0
1719936967.8137062,0.0,633.0
1719936967.9423935,0.0,633.0
1719936968.073258,0.0,633.0
1719936968.203636,0.0,633.0
1719936968.3336022,0.0,633.0
1719936968.4663806,0.0,633.0
1719936968.5974305,0.0,633.0
1719936968.7549036,0.0,633.0
1719936968.910247,0.0,633.0
1719936969.0681536,0.0,633.0
1719936969.2420554,0.0,633.0
1719936969.3908129,0.0,633.0
1719936969.5781763,0.0,633.0
1719936969.720096,0.0,633.0
1719936969.8643446,0.0,633.0
1719936970.0168028,0.0,633.0
1719936970.1582913,0.0,633.0
1719936970.335768,0.0,633.0
1719936970.50177,0.0,633.0
1719936970.6636095,0.0,633.0
1719936970.827629,0.0,633.0
1719936971.0234866,0.0,633.0
1719936971.1765633,0.0,633.0
1719936971.3594332,0.0,633.0
1719936971.511018,0.0,633.0
1719936971.696099,0.0,633.0
1719936971.8650303,0.0,633.0
1719936972.0270336,0.0,633.0
1719936972.1873887,0.0,633.0
1719936972.324509,0.0,633.0
1719936972.4566307,0.0,633.0
1719936972.591537,0.0,633.0
1719936972.7240853,0.0,633.0
1719936972.853398,0.0,633.0
1719936972.9892747,0.0,633.0
1719936973.1247723,0.0,633.0
1719936973.2712386,0.0,633.0
1719936973.427994,0.0,633.0
1719936973.588342,0.0,633.0
1719936973.7550116,0.0,633.0
1719936973.9075744,0.0,633.0
1719936974.1038175,0.0,633.0
1719936974.2443805,0.0,633.0
1719936974.3997903,0.0,633.0
1719936974.5414236,0.0,633.0
1719936974.6843219,0.0,633.0
1719936974.8417628,0.0,633.0
1719936975.0095122,0.0,633.0
1719936975.1610663,0.0,633.0
1719936975.3149664,0.0,633.0
1719936975.512883,0.0,633.0
1719936975.6787806,0.0,633.0
1719936975.8801441,0.0,633.0
1719936976.033757,0.0,633.0
1719936976.2184248,0.0,633.0
1719936976.3826668,0.0,633.0
1719936976.5535114,0.0,633.0
1719936976.6991835,0.0,633.0
1719936976.8435178,0.0,633.0
1719936976.9799793,0.0,633.0
1719936977.1178298,0.0,633.0
1719936977.253195,0.0,633.0
1719936977.3854485,0.0,633.0
1719936977.5227277,0.0,633.0
1719936977.658894,0.0,633.0
1719936977.79499,0.0,633.0
1719936977.9714744,0.0,633.0
1719936978.1213558,0.0,633.0
1719936978.271243,0.0,633.0
1719936978.4266396,0.0,633.0
1719936978.5788345,0.0,633.0
1719936978.7676256,0.0,633.0
1719936978.9375615,0.0,633.0
1719936979.0802953,0.0,633.0
1719936979.2282813,0.0,633.0
1719936979.377279,0.0,633.0
1719936979.5328808,0.0,633.0
1719936979.6799212,0.0,633.0
1719936979.8239117,0.0,633.0
1719936980.0122828,0.0,633.0
1719936980.2056673,0.0,633.0
1719936980.37775,0.0,633.0
1719936980.5767848,0.0,633.0
1719936980.7628794,0.0,633.0
1719936980.905005,0.0,633.0
1719936981.0507505,0.0,633.0
1719936981.2071278,0.0,633.0
1719936981.3657782,0.0,633.0
1719936981.5139213,0.0,633.0
1719936981.6490781,0.0,633.0
1719936981.7850757,0.0,633.0
1719936981.9176817,0.0,633.0
1719936982.0495453,0.0,633.0
1719936982.181062,0.0,633.0
1719936982.3176842,0.0,633.0
1719936982.453876,0.0,633.0
1719936982.6013145,0.0,633.0
1719936982.7509885,0.0,633.0
1719936982.9128015,0.0,633.0
1719936983.0755482,0.0,633.0
1719936983.2206106,0.0,633.0
1719936983.3835216,0.0,633.0
1719936983.5346117,0.0,633.0
1719936983.6893792,0.0,633.0
1719936983.85335,0.0,633.0
1719936984.0237007,0.0,633.0
1719936984.1838565,0.0,633.0
1719936984.3440382,0.0,633.0
1719936984.4858353,0.0,633.0
1719936984.6960258,0.0,633.0
1719936984.88047,0.0,633.0
1719936985.063663,0.0,633.0
1719936985.2601464,0.0,633.0
1719936985.4447107,0.0,633.0
1719936985.6013138,0.0,633.0
1719936985.758037,0.0,633.0
1719936985.92964,0.0,633.0
1719936986.0865386,0.0,633.0
1719936986.2240982,0.0,633.0
1719936986.3596425,0.0,633.0
1719936986.4947991,0.0,633.0
1719936986.6259775,0.0,633.0
1719936986.7572315,0.0,633.0
1719936986.8928168,0.0,633.0
1719936987.0290532,0.0,633.0
1719936987.2020526,0.0,633.0
1719936987.3701704,0.0,633.0
1719936987.5153933,0.0,633.0
1719936987.6931407,0.0,633.0
1719936987.8494701,0.0,633.0
1719936988.0142374,0.0,633.0
1719936988.1593745,0.0,633.0
1719936988.325307,0.0,633.0
1719936988.487744,0.0,633.0
1719936988.646178,0.0,633.0
1719936988.8024764,0.0,633.0
1719936988.9549048,0.0,633.0
1719936989.0975275,0.0,633.0
1719936989.2881453,0.0,633.0
1719936989.4772832,0.0,633.0
1719936989.6522434,0.0,633.0
1719936989.8502455,0.0,633.0
1719936990.0324464,0.0,633.0
1719936990.1860356,0.0,633.0
1719936990.344183,0.0,633.0
1719936990.4999452,0.0,633.0
1719936990.645767,0.0,633.0
1719936990.7823951,0.0,633.0
1719936990.9186006,0.0,633.0
1719936991.0534441,0.0,633.0
1719936991.1844695,0.0,633.0
1719936991.3218172,0.0,633.0
1719936991.4551377,0.0,633.0
1719936991.5905883,0.0,633.0
1719936991.7457685,0.0,633.0
1719936991.8951983,0.0,633.0
1719936992.0550394,0.0,633.0
1719936992.2152817,0.0,633.0
1719936992.3973415,0.0,633.0
1719936992.5416558,0.0,633.0
1719936992.7266092,0.0,633.0
1719936992.864523,0.0,633.0
1719936993.00687,0.0,633.0
1719936993.1812432,0.0,633.0
1719936993.3854613,0.0,633.0
1719936993.5899491,0.0,633.0
1719936993.7745001,0.0,633.0
1719936993.9336984,0.0,633.0
1719936994.0933788,0.0,633.0
1719936994.2517865,0.0,633.0
1719936994.4366221,0.0,633.0
1719936994.5781567,0.0,633.0
1719936994.7535233,0.0,633.0
1719936994.8952796,0.0,633.0
1719936995.0363767,0.0,633.0
1719936995.170591,0.0,633.0
1719936995.3088672,0.0,633.0
1719936995.4442046,0.0,633.0
1719936995.5774894,0.0,633.0
1719936995.7150238,0.0,633.0
1719936995.8503437,0.0,633.0
1719936996.043371,0.0,633.0
1719936996.2234657,0.0,633.0
1719936996.3745518,0.0,633.0
1719936996.541683,0.0,633.0
1719936996.688789,0.0,633.0
1719936996.8604276,0.0,633.0
1719936997.0196507,0.0,633.0
1719936997.1689043,0.0,633.0
1719936997.334048,0.0,633.0
1719936997.4946735,0.0,633.0
1719936997.6413803,0.0,633.0
1719936997.7943277,0.0,633.0
1719936997.9666302,0.0,633.0
1719936998.1636217,0.0,633.0
1719936998.3511677,0.0,633.0
1719936998.532,0.0,633.0
1719936998.7155552,0.0,633.0
1719936998.9004443,0.0,633.0
1719936999.0450234,0.0,633.0
1719936999.1938605,0.0,633.0
1719936999.3665943,0.0,633.0
1719936999.5143542,0.0,633.0
1719936999.6518981,0.0,633.0
1719936999.7874498,0.0,633.0
1719936999.9215646,0.0,633.0
1719937000.0509427,0.0,633.0
1719937000.1883411,0.0,633.0
1719937000.323135,0.0,633.0
1719937000.4600205,0.0,633.0
1719937000.6110334,0.0,633.0
1719937000.7629921,0.0,633.0
1719937000.9183092,0.0,633.0
1719937001.0720763,0.0,633.0
1719937001.236851,0.0,633.0
1719937001.3765507,0.0,633.0
1719937001.5464747,0.0,633.0
1719937001.6865191,0.0,633.0
1719937001.8307087,0.0,633.0
1719937001.9880035,0.0,633.0
1719937002.1426373,0.0,633.0
1719937002.304411,0.0,633.0
1719937002.4537783,0.0,633.0
1719937002.649908,0.0,633.0
1719937002.8435333,0.0,633.0
1719937003.009188,0.0,633.0
1719937003.1928527,0.0,633.0
1719937003.3791027,0.0,633.0
1719937003.5346477,0.0,633.0
1719937003.684059,0.0,633.0
1719937003.847111,0.0,633.0
1719937003.991939,0.0,633.0
1719937004.1287491,0.0,633.0
1719937004.2658074,0.0,633.0
1719937004.4014416,0.0,633.0
1719937004.5354023,0.0,633.0
1719937004.67002,0.0,633.0
1719937004.8068104,0.0,633.0
1719937004.94189,0.0,633.0
1719937005.0799713,0.0,633.0
1719937005.2300298,0.0,633.0
1719937005.3855639,0.0,633.0
1719937005.5395627,0.0,633.0
1719937005.6913774,0.0,633.0
1719937005.8668492,0.0,633.0
1719937006.0137331,0.0,633.0
1719937006.1874564,0.0,633.0
1719937006.3281887,0.0,633.0
1719937006.4942143,0.0,633.0
1719937006.6498845,0.0,633.0
1719937006.8001246,0.0,633.0
1719937006.9558492,0.0,633.0
1719937007.102532,0.0,633.0
1719937007.28483,0.0,633.0
1719937007.489922,0.0,633.0
1719937007.677687,0.0,633.0
1719937007.8618977,0.0,633.0
1719937008.0504973,0.0,633.0
1719937008.2416286,0.0,633.0
1719937008.3905492,0.0,633.0
1719937008.5533478,0.0,633.0
1719937008.6905398,0.0,633.0
1719937008.8265595,0.0,633.0
1719937008.9631052,0.0,633.0
1719937009.096621,0.0,633.0
1719937009.2319293,0.0,633.0
1719937009.3688438,0.0,633.0
1719937009.5051641,0.0,633.0
1719937009.668718,0.0,633.0
1719937009.8383043,0.0,633.0
1719937010.0014663,0.0,633.0
1719937010.151659,0.0,633.0
1719937010.3238728,0.0,633.0
1719937010.4793985,0.0,633.0
1719937010.636283,0.0,633.0
1719937010.7770813,0.0,633.0
1719937010.9212096,0.0,633.0
1719937011.0728197,0.0,633.0
1719937011.2328982,0.0,633.0
1719937011.3816104,0.0,633.0
1719937011.5222688,0.0,633.0
1719937011.7079687,0.0,633.0
1719937011.8918452,0.0,633.0
1719937012.0846798,0.0,633.0
1719937012.278284,0.0,633.0
1719937012.4692872,0.0,633.0
1719937012.648251,0.0,633.0
1719937012.8177602,0.0,633.0
1719937012.9742424,0.0,633.0
1719937013.1130066,0.0,633.0
1719937013.2481186,0.0,633.0
1719937013.3834255,0.0,633.0
1719937013.5174253,0.0,633.0
1719937013.6463144,0.0,633.0
1719937013.783389,0.0,633.0
1719937013.918497,0.0,633.0
1719937014.0529583,0.0,633.0
1719937014.206452,0.0,633.0
1719937014.358344,0.0,633.0
1719937014.518174,0.0,633.0
1719937014.665746,0.0,633.0
1719937014.8204143,0.0,633.0
1719937014.9800131,0.0,633.0
1719937015.1374238,0.0,633.0
1719937015.279334,0.0,633.0
1719937015.4301193,0.0,633.0
1719937015.5814383,0.0,633.0
1719937015.7339468,0.0,633.0
1719937015.887826,0.0,633.0
1719937016.0319376,0.0,633.0
1719937016.2236254,0.0,633.0
1719937016.408396,0.0,633.0
1719937016.601119,0.0,633.0
1719937016.7782562,0.0,633.0
1719937016.9535692,0.0,633.0
1719937017.1079578,0.0,633.0
1719937017.2619936,0.0,633.0
1719937017.4255288,0.0,633.0
1719937017.5859473,0.0,633.0
1719937017.722755,0.0,633.0
1719937017.8583152,0.0,633.0
1719937017.9923923,0.0,633.0
1719937018.1223533,0.0,633.0
1719937018.2592595,0.0,633.0
1719937018.3946373,0.0,633.0
1719937018.530327,0.0,633.0
1719937018.7033446,0.0,633.0
1719937018.8654454,0.0,633.0
1719937019.008186,0.0,633.0
1719937019.168863,0.0,633.0
1719937019.331459,0.0,633.0
1719937019.4754927,0.0,633.0
1719937019.6273093,0.0,633.0
1719937019.775366,0.0,633.0
1719937019.9318726,0.0,633.0
1719937020.1057441,0.0,633.0
1719937020.2784686,0.0,633.0
1719937020.4497635,0.0,633.0
1719937020.597315,0.0,633.0
1719937020.784112,0.0,633.0
1719937020.9684358,0.0,633.0
1719937021.1575327,0.0,633.0
1719937021.333442,0.0,633.0
1719937021.5197675,0.0,633.0
1719937021.6891632,0.0,633.0
1719937021.8330767,0.0,633.0
1719937021.9843965,0.0,633.0
1719937022.14072,0.0,633.0
1719937022.2781608,0.0,633.0
1719937022.4149687,0.0,633.0
1719937022.5511675,0.0,633.0
1719937022.6801908,0.0,633.0
1719937022.8083763,0.0,633.0
1719937022.9446971,0.0,633.0
1719937023.0804615,0.0,633.0
1719937023.229257,0.0,633.0
1719937023.3835812,0.0,633.0
1719937023.5622716,0.0,633.0
1719937023.7313256,0.0,633.0
1719937023.8891084,0.0,633.0
1719937024.0674748,0.0,633.0
1719937024.236195,0.0,633.0
1719937024.3871114,0.0,633.0
1719937024.5399964,0.0,633.0
1719937024.7102063,0.0,633.0
1719937024.8575716,0.0,633.0
1719937025.0175898,0.0,633.0
1719937025.1660416,0.0,633.0
1719937025.3473473,0.0,633.0
1719937025.5464525,0.0,633.0
1719937025.732407,0.0,633.0
1719937025.9332833,0.0,633.0
1719937026.1243744,0.0,633.0
1719937026.3110135,0.0,633.0
1719937026.4764261,0.0,633.0
1719937026.6370928,0.0,633.0
1719937026.7745392,0.0,633.0
1719937026.911005,0.0,633.0
1719937027.0464437,0.0,633.0
1719937027.1838129,0.0,633.0
1719937027.321864,0.0,633.0
1719937027.4571745,0.0,633.0
1719937027.594035,0.0,633.0
1719937027.767012,0.0,633.0
1719937027.921325,0.0,633.0
1719937028.0666304,0.0,633.0
1719937028.2245593,0.0,633.0
1719937028.3823605,0.0,633.0
1719937028.5555167,0.0,633.0
1719937028.719801,0.0,633.0
1719937028.8594944,0.0,633.0
1719937029.027445,0.0,633.0
1719937029.1736195,0.0,633.0
1719937029.3474793,0.0,633.0
1719937029.4990997,0.0,633.0
1719937029.6422477,0.0,633.0
1719937029.8414443,0.0,633.0
1719937030.0458817,0.0,633.0
1719937030.232056,0.0,633.0
1719937030.403394,0.0,633.0
1719937030.5945885,0.0,633.0
1719937030.763532,0.0,633.0
1719937030.9305074,0.0,633.0
1719937031.0975194,0.0,633.0
1719937031.2407706,0.0,633.0
1719937031.3776588,0.0,633.0
1719937031.51425,0.0,633.0
1719937031.6501534,0.0,633.0
1719937031.7867568,0.0,633.0
1719937031.924384,0.0,633.0
1719937032.066454,0.0,633.0
1719937032.2077732,0.0,633.0
1719937032.3867755,0.0,633.0
1719937032.547526,0.0,633.0
1719937032.7140095,0.0,633.0
1719937032.8743248,0.0,633.0
1719937033.0283835,0.0,633.0
1719937033.2037923,0.0,633.0
1719937033.3581572,0.0,633.0
1719937033.5190904,0.0,633.0
1719937033.671661,0.0,633.0
1719937033.8239486,0.0,633.0
1719937033.98063,0.0,633.0
1719937034.1476018,0.0,633.0
1719937034.301172,0.0,633.0
1719937034.4990559,0.0,633.0
1719937034.6986868,0.0,633.0
1719937034.8908114,0.0,633.0
1719937035.0955195,0.0,633.0
1719937035.2867217,0.0,633.0
1719937035.4484253,0.0,633.0
1719937035.6173842,0.0,633.0
1719937035.7681322,0.0,633.0
1719937035.9146745,0.0,633.0
1719937036.0502589,0.0,633.0
1719937036.1880505,0.0,633.0
1719937036.328684,0.0,633.0
1719937036.46365,0.0,633.0
1719937036.6002932,0.0,633.0
1719937036.7360497,0.0,633.0
1719937036.8713582,0.0,633.0
1719937037.0251796,0.0,633.0
1719937037.1816351,0.0,633.0
1719937037.3484504,0.0,633.0
1719937037.511004,0.0,633.0
1719937037.6669176,0.0,633.0
1719937037.8182416,0.0,633.0
1719937037.992116,0.0,633.0
1719937038.1364238,0.0,633.0
1719937038.2902732,0.0,633.0
1719937038.440176,0.0,633.0
1719937038.59004,0.0,633.0
1719937038.7486017,0.0,633.0
1719937038.8913538,0.0,633.0
1719937039.0694675,0.0,633.0
1719937039.2747889,0.0,633.0
1719937039.4630368,0.0,633.0
1719937039.66247,0.0,633.0
1719937039.8675818,0.0,633.0
1719937040.044631,0.0,633.0
1719937040.196658,0.0,633.0
1719937040.361525,0.0,633.0
1719937040.4989338,0.0,633.0
1719937040.63422,0.0,633.0
1719937040.7708483,0.0,633.0
1719937040.9061399,0.0,633.0
1719937041.0419888,0.0,633.0
1719937041.17802,0.0,633.0
1719937041.3146896,0.0,633.0
1719937041.4498441,0.0,633.0
1719937041.5931506,0.0,633.0
1719937041.7477617,0.0,633.0
1719937041.9043472,0.0,633.0
1719937042.0611455,0.0,633.0
1719937042.2232652,0.0,633.0
1719937042.3922915,0.0,633.0
1719937042.5365598,0.0,633.0
1719937042.6909492,0.0,633.0
1719937042.8427217,0.0,633.0
1719937042.982404,0.0,633.0
1719937043.1333454,0.0,633.0
1719937043.2968793,0.0,633.0
1719937043.4415033,0.0,633.0
1719937043.5909984,0.0,633.0
1719937043.7870889,0.0,633.0
1719937043.990206,0.0,633.0
1719937044.1869004,0.0,633.0
1719937044.3568888,0.0,633.0
1719937044.551282,0.0,633.0
1719937044.7077491,0.0,633.0
1719937044.87881,0.0,633.0
1719937045.0403116,0.0,633.0
1719937045.1788478,0.0,633.0
1719937045.317877,0.0,633.0
1719937045.452541,0.0,633.0
1719937045.5882418,0.0,633.0
1719937045.724836,0.0,633.0
1719937045.8599577,0.0,633.0
1719937045.9965146,0.0,633.0
1719937046.1546352,0.0,633.0
1719937046.3076057,0.0,633.0
1719937046.4597955,0.0,633.0
1719937046.6278176,0.0,633.0
1719937046.7744915,0.0,633.0
1719937046.939546,0.0,633.0
1719937047.1035905,0.0,633.0
1719937047.2466578,0.0,633.0
1719937047.4087336,0.0,633.0
1719937047.575221,0.0,633.0
1719937047.719592,0.0,633.0
1719937047.8762543,0.0,633.0
1719937048.0234067,0.0,633.0
1719937048.2293804,0.0,633.0
1719937048.4292874,0.0,633.0
1719937048.6372106,0.0,633.0
1719937048.809259,0.0,633.0
1719937049.016618,0.0,633.0
1719937049.1839154,0.0,633.0
1719937049.3415031,0.0,633.0
1719937049.494717,0.0,633.0
1719937049.6354094,0.0,633.0
1719937049.7700233,0.0,633.0
1719937049.9076223,0.0,633.0
1719937050.0432227,0.0,633.0
1719937050.1774175,0.0,633.0
1719937050.3147016,0.0,633.0
1719937050.4512765,0.0,633.0
1719937050.5864186,0.0,633.0
1719937050.745536,0.0,633.0
1719937050.9161394,0.0,633.0
1719937051.0675251,0.0,633.0
1719937051.217606,0.0,633.0
1719937051.3884237,0.0,633.0
1719937051.5702846,0.0,633.0
1719937051.7309067,0.0,633.0
1719937051.8843613,0.0,633.0
1719937052.0492513,0.0,633.0
1719937052.2117772,0.0,633.0
1719937052.3693082,0.0,633.0
1719937052.5231855,0.0,633.0
1719937052.6693869,0.0,633.0
1719937052.8579838,0.0,633.0
1719937053.0594323,0.0,633.0
1719937053.2612212,0.0,633.0
1719937053.4634058,0.0,633.0
1719937053.6678865,0.0,633.0
1719937053.8340373,0.0,633.0
1719937053.993456,0.0,633.0
1719937054.1546156,0.0,633.0
1719937054.2944558,0.0,633.0
1719937054.4315362,0.0,633.0
1719937054.5666912,0.0,633.0
1719937054.7004626,0.0,633.0
1719937054.8366964,0.0,633.0
1719937054.971866,0.0,633.0
1719937055.107979,0.0,633.0
1719937055.2547722,0.0,633.0
1719937055.40458,0.0,633.0
1719937055.5704796,0.0,633.0
1719937055.7443428,0.0,633.0
1719937055.9107018,0.0,633.0
1719937056.0987442,0.0,633.0
1719937056.2546666,0.0,633.0
1719937056.406045,0.0,633.0
1719937056.5722392,0.0,633.0
1719937056.7394135,0.0,633.0
1719937056.9009132,0.0,633.0
1719937057.0568776,0.0,633.0
1719937057.2033045,0.0,633.0
1719937057.400374,0.0,633.0
1719937057.6066642,0.0,633.0
1719937057.7896552,0.0,633.0
1719937057.984131,0.0,633.0
1719937058.1632626,0.0,633.0
1719937058.3295226,0.0,633.0
1719937058.4784307,0.0,633.0
1719937058.6282327,0.0,633.0
1719937058.7847414,0.0,633.0
1719937058.924677,0.0,633.0
1719937059.06447,0.0,633.0
1719937059.2002683,0.0,633.0
1719937059.3368046,0.0,633.0
1719937059.4769452,0.0,633.0
1719937059.6189578,0.0,633.0
1719937059.7633796,0.0,633.0
1719937059.9234083,0.0,633.0
1719937060.087543,0.0,633.0
1719937060.2641315,0.0,633.0
1719937060.4260495,0.0,633.0
1719937060.6043746,0.0,633.0
1719937060.755191,0.0,633.0
1719937060.9095438,0.0,633.0
1719937061.05177,0.0,633.0
1719937061.1915543,0.0,633.0
1719937061.3530717,0.0,633.0
1719937061.5112946,0.0,633.0
1719937061.6641276,0.0,633.0
1719937061.8153694,0.0,633.0
1719937061.9980323,0.0,633.0
1719937062.1815362,0.0,633.0
1719937062.3389583,0.0,633.0
1719937062.516039,0.0,633.0
1719937062.7042649,0.0,633.0
1719937062.881445,0.0,633.0
1719937063.0441053,0.0,633.0
1719937063.1927419,0.0,633.0
1719937063.32996,0.0,633.0
1719937063.4668474,0.0,633.0
1719937063.6000144,0.0,633.0
1719937063.731808,0.0,633.0
1719937063.8603413,0.0,633.0
1719937063.9968345,0.0,633.0
1719937064.1313503,0.0,633.0
1719937064.2770476,0.0,633.0
1719937064.438052,0.0,633.0
1719937064.607497,0.0,633.0
1719937064.7725837,0.0,633.0
1719937064.922358,0.0,633.0
1719937065.101496,0.0,633.0
1719937065.2447364,0.0,633.0
1719937065.412892,0.0,633.0
1719937065.5587082,0.0,633.0
1719937065.7013588,0.0,633.0
1719937065.8680043,0.0,633.0
1719937066.0188422,0.0,633.0
1719937066.189201,0.0,633.0
1719937066.3744347,0.0,633.0
1719937066.5736935,0.0,633.0
1719937066.7450006,0.0,633.0
1719937066.9231992,0.0,633.0
1719937067.125232,0.0,633.0
1719937067.2792594,0.0,633.0
1719937067.419749,0.0,633.0
1719937067.5628898,0.0,633.0
1719937067.7251828,0.0,633.0
1719937067.8736145,0.0,633.0
1719937068.0102851,0.0,633.0
1719937068.1478782,0.0,633.0
1719937068.2822106,0.0,633.0
1719937068.4111717,0.0,633.0
1719937068.5415878,0.0,633.0
1719937068.6771605,0.0,633.0
1719937068.8130977,0.0,633.0
1719937068.9777048,0.0,633.0
1719937069.1465666,0.0,633.0
1719937069.2929373,0.0,633.0
1719937069.4528964,0.0,633.0
1719937069.607906,0.0,633.0
1719937069.7938118,0.0,633.0
1719937069.9448042,0.0,633.0
1719937070.1060498,0.0,633.0
1719937070.2649963,0.0,633.0
1719937070.4285243,0.0,633.0
1719937070.5871131,0.0,633.0
1719937070.7539759,0.0,633.0
1719937070.90268,0.0,633.0
1719937071.0929961,0.0,633.0
1719937071.2974381,0.0,633.0
1719937071.5094032,0.0,633.0
1719937071.6716921,0.0,633.0
1719937071.825191,0.0,633.0
1719937071.997806,0.0,633.0
1719937072.151126,0.0,633.0
1719937072.3021836,0.0,633.0
1719937072.456397,0.0,633.0
1719937072.5930238,0.0,633.0
1719937072.7285042,0.0,633.0
1719937072.8646398,0.0,633.0
1719937072.9998722,0.0,633.0
1719937073.1357987,0.0,633.0
1719937073.2721682,0.0,633.0
1719937073.4197028,0.0,633.0
1719937073.567984,0.0,633.0
1719937073.738183,0.0,633.0
1719937073.8791745,0.0,633.0
1719937074.0419538,0.0,633.0
1719937074.1992934,0.0,633.0
1719937074.3413625,0.0,633.0
1719937074.5043304,0.0,633.0
1719937074.6493585,0.0,633.0
1719937074.7948844,0.0,633.0
1719937074.961164,0.0,633.0
1719937075.1229308,0.0,633.0
1719937075.2794797,0.0,633.0
1719937075.456793,0.0,633.0
1719937075.6571305,0.0,633.0
1719937075.8241777,0.0,633.0
1719937076.0251443,0.0,633.0
1719937076.223223,0.0,633.0
1719937076.3708723,0.0,633.0
1719937076.5204966,0.0,633.0
1719937076.6773984,0.0,633.0
1719937076.8392115,0.0,633.0
1719937076.979114,0.0,633.0
1719937077.1198757,0.0,633.0
1719937077.2616415,0.0,633.0
1719937077.3967555,0.0,633.0
1719937077.5378706,0.0,633.0
1719937077.679639,0.0,633.0
1719937077.824303,0.0,633.0
1719937077.9886713,0.0,633.0
1719937078.1518602,0.0,633.0
1719937078.3112996,0.0,633.0
1719937078.4767447,0.0,633.0
1719937078.625267,0.0,633.0
1719937078.7850037,0.0,633.0
1719937078.9548934,0.0,633.0
1719937079.1000078,0.0,633.0
1719937079.2586699,0.0,633.0
1719937079.4026995,0.0,633.0
1719937079.5604992,0.0,633.0
1719937079.722363,0.0,633.0
1719937079.8651464,0.0,633.0
1719937080.057408,0.0,633.0
1719937080.253434,0.0,633.0
1719937080.4583848,0.0,633.0
1719937080.6132336,0.0,633.0
1719937080.8140492,0.0,633.0
1719937080.9793894,0.0,633.0
1719937081.133702,0.0,633.0
1719937081.2944007,0.0,633.0
1719937081.4331732,0.0,633.0
1719937081.5736601,0.0,633.0
1719937081.7150838,0.0,633.0
1719937081.8519473,0.0,633.0
1719937081.9903536,0.0,633.0
1719937082.1316395,0.0,633.0
1719937082.2740154,0.0,633.0
1719937082.4156258,0.0,633.0
1719937082.5715268,0.0,633.0
1719937082.7394967,0.0,633.0
1719937082.9075446,0.0,633.0
1719937083.0639105,0.0,633.0
1719937083.2310555,0.0,633.0
1719937083.3785753,0.0,633.0
1719937083.534366,0.0,633.0
1719937083.6778007,0.0,633.0
1719937083.8346987,0.0,633.0
1719937083.9833407,0.0,633.0
1719937084.1780312,0.0,633.0
1719937084.335053,0.0,633.0
1719937084.4790843,0.0,633.0
1719937084.684745,0.0,633.0
1719937084.8720243,0.0,633.0
1719937085.0785506,0.0,633.0
1719937085.2359226,0.0,633.0
1719937085.438049,0.0,633.0
1719937085.5805995,0.0,633.0
1719937085.744647,0.0,633.0
1719937085.9058695,0.0,633.0
1719937086.0465004,0.0,633.0
1719937086.183213,0.0,633.0
1719937086.3199701,0.0,633.0
1719937086.4572427,0.0,633.0
1719937086.5932548,0.0,633.0
1719937086.7291837,0.0,633.0
1719937086.8659098,0.0,633.0
1719937087.002316,0.0,633.0
1719937087.167892,0.0,633.0
1719937087.317203,0.0,633.0
1719937087.486563,0.0,633.0
1719937087.647327,0.0,633.0
1719937087.8055391,0.0,633.0
1719937087.9727976,0.0,633.0
1719937088.1334314,0.0,633.0
1719937088.2754846,0.0,633.0
1719937088.437356,0.0,633.0
1719937088.583365,0.0,633.0
1719937088.7765646,0.0,633.0
1719937088.9297903,0.0,633.0
1719937089.0929968,0.0,633.0
1719937089.2980216,0.0,633.0
1719937089.474728,0.0,633.0
1719937089.6330862,0.0,633.0
1719937089.8087554,0.0,633.0
1719937090.0015101,0.0,633.0
1719937090.1694367,0.0,633.0
1719937090.3398716,0.0,633.0
1719937090.5020323,0.0,633.0
1719937090.6374922,0.0,633.0
1719937090.774595,0.0,633.0
1719937090.9105303,0.0,633.0
1719937091.0455632,0.0,633.0
1719937091.1817167,0.0,633.0
1719937091.3170695,0.0,633.0
1719937091.4524493,0.0,633.0
1719937091.6251252,0.0,633.0
1719937091.7873182,0.0,633.0
1719937091.930304,0.0,633.0
1719937092.1013281,0.0,633.0
1719937092.2570221,0.0,633.0
1719937092.437726,0.0,633.0
1719937092.6021888,0.0,633.0
1719937092.7514741,0.0,633.0
1719937092.9139454,0.0,633.0
1719937093.0776818,0.0,633.0
1719937093.240897,0.0,633.0
1719937093.391966,0.0,633.0
1719937093.5370147,0.0,633.0
1719937093.6958704,0.0,633.0
1719937093.908246,0.0,633.0
1719937094.0567687,0.0,633.0
1719937094.264324,0.0,633.0
1719937094.4579432,0.0,633.0
1719937094.6241374,0.0,633.0
1719937094.7861722,0.0,633.0
1719937094.93841,0.0,633.0
1719937095.0883427,0.0,633.0
1719937095.2264702,0.0,633.0
1719937095.3648345,0.0,633.0
1719937095.50072,0.0,633.0
1719937095.637751,0.0,633.0
1719937095.7748535,0.0,633.0
1719937095.910884,0.0,633.0
1719937096.0481784,0.0,633.0
1719937096.1856375,0.0,633.0
1719937096.3450222,0.0,633.0
1719937096.4997044,0.0,633.0
1719937096.650802,0.0,633.0
1719937096.817287,0.0,633.0
1719937096.9769328,0.0,633.0
1719937097.1204636,0.0,633.0
1719937097.2843163,0.0,633.0
1719937097.427687,0.0,633.0
1719937097.5727246,0.0,633.0
1719937097.7427702,0.0,633.0
1719937097.8961782,0.0,633.0
1719937098.0540416,0.0,633.0
1719937098.2005234,0.0,633.0
1719937098.4246144,0.0,633.0
1719937098.640349,0.0,633.0
1719937098.8337836,0.0,633.0
1719937098.990249,0.0,633.0
1719937099.1733124,0.0,633.0
1719937099.3435862,0.0,633.0
1719937099.502433,0.0,633.0
1719937099.6511316,0.0,633.0
1719937099.7911143,0.0,633.0
1719937099.9294221,0.0,633.0
1719937100.065356,0.0,633.0
1719937100.2000334,0.0,633.0
1719937100.337041,0.0,633.0
1719937100.4727528,0.0,633.0
1719937100.6093035,0.0,633.0
1719937100.744695,0.0,633.0
1719937100.9015465,0.0,633.0
1719937101.0526075,0.0,633.0
1719937101.2076147,0.0,633.0
1719937101.3854973,0.0,633.0
1719937101.5379653,0.0,633.0
1719937101.7195864,0.0,633.0
1719937101.879716,0.0,633.0
1719937102.022997,0.0,633.0
1719937102.165027,0.0,633.0
1719937102.314463,0.0,633.0
1719937102.4577775,0.0,633.0
1719937102.6129088,0.0,633.0
1719937102.7572153,0.0,633.0
1719937102.9327538,0.0,633.0
1719937103.1345937,0.0,633.0
1719937103.2931032,0.0,633.0
1719937103.4855442,0.0,633.0
1719937103.6510334,0.0,633.0
1719937103.8499353,0.0,633.0
1719937103.9916852,0.0,633.0
1719937104.151393,0.0,633.0
1719937104.303778,0.0,633.0
1719937104.4419618,0.0,633.0
1719937104.579635,0.0,633.0
1719937104.7162695,0.0,633.0
1719937104.851489,0.0,633.0
1719937104.987076,0.0,633.0
1719937105.1239495,0.0,633.0
1719937105.2593863,0.0,633.0
1719937105.397414,0.0,633.0
1719937105.5598538,0.0,633.0
1719937105.7125564,0.0,633.0
1719937105.871752,0.0,633.0
1719937106.0211856,0.0,633.0
1719937106.1899471,0.0,633.0
1719937106.3471117,0.0,633.0
1719937106.5204086,0.0,633.0
1719937106.6634896,0.0,633.0
1719937106.8100328,0.0,633.0
1719937106.974567,0.0,633.0
1719937107.1386044,0.0,633.0
1719937107.2959247,0.0,633.0
1719937107.4351068,0.0,633.0
1719937107.6399565,0.0,633.0
1719937107.8350513,0.0,633.0
1719937108.0202215,0.0,633.0
1719937108.1955042,0.0,633.0
1719937108.3492012,0.0,633.0
1719937108.5106614,0.0,633.0
1719937108.6742215,0.0,633.0
1719937108.8350627,0.0,633.0
1719937108.9832232,0.0,633.0
1719937109.1201515,0.0,633.0
1719937109.257058,0.0,633.0
1719937109.3911095,0.0,633.0
1719937109.5243084,0.0,633.0
1719937109.6598365,0.0,633.0
1719937109.794969,0.0,633.0
1719937109.9602501,0.0,633.0
1719937110.1118789,0.0,633.0
1719937110.2620487,0.0,633.0
1719937110.4364638,0.0,633.0
1719937110.5982969,0.0,633.0
1719937110.784245,0.0,633.0
1719937110.9310255,0.0,633.0
1719937111.0854592,0.0,633.0
1719937111.2537043,0.0,633.0
1719937111.4219468,0.0,633.0
1719937111.634541,0.0,633.0
1719937111.8437085,0.0,633.0
1719937112.0028281,0.0,633.0
1719937112.2064574,0.0,633.0
1719937112.3766196,0.0,633.0
1719937112.5240414,0.0,633.0
1719937112.7150817,0.0,633.0
1719937112.9004593,0.0,633.0
1719937113.0743024,0.0,633.0
1719937113.229185,0.0,633.0
1719937113.372985,0.0,633.0
1719937113.5064487,0.0,633.0
1719937113.643711,0.0,633.0
1719937113.7789829,0.0,633.0
1719937113.9093318,0.0,633.0
1719937114.0471494,0.0,633.0
1719937114.1829803,0.0,633.0
1719937114.3767583,0.0,633.0
1719937114.5500553,0.0,633.0
1719937114.7094321,0.0,633.0
1719937114.8800921,0.0,633.0
1719937115.044782,0.0,633.0
1719937115.1891782,0.0,633.0
1719937115.3490086,0.0,633.0
1719937115.502587,0.0,633.0
1719937115.6554596,0.0,633.0
1719937115.8205214,0.0,633.0
1719937115.9689608,0.0,633.0
1719937116.131332,0.0,633.0
1719937116.2857542,0.0,633.0
1719937116.472249,0.0,633.0
1719937116.6761148,0.0,633.0
1719937116.831456,0.0,633.0
1719937117.0068746,0.0,633.0
1719937117.1954389,0.0,633.0
1719937117.3786666,0.0,633.0
1719937117.5239666,0.0,633.0
1719937117.6835232,0.0,633.0
1719937117.8327408,0.0,633.0
1719937117.9679148,0.0,633.0
1719937118.1042283,0.0,633.0
1719937118.2387357,0.0,633.0
1719937118.3681777,0.0,633.0
1719937118.504762,0.0,633.0
1719937118.639007,0.0,633.0
1719937118.7929237,0.0,633.0
1719937118.947025,0.0,633.0
1719937119.0965035,0.0,633.0
1719937119.2545907,0.0,633.0
1719937119.4091942,0.0,633.0
1719937119.5674152,0.0,633.0
1719937119.7131166,0.0,633.0
1719937119.8549922,0.0,633.0
1719937119.9897845,0.0,633.0
1719937120.1431448,0.0,633.0
1719937120.3003504,0.0,633.0
1719937120.464975,0.0,633.0
1719937120.6295302,0.0,633.0
1719937120.7816799,0.0,633.0
1719937120.9697313,0.0,633.0
1719937121.155772,0.0,633.0
1719937121.3391483,0.0,633.0
1719937121.5024545,0.0,633.0
1719937121.6876187,0.0,633.0
1719937121.8557048,0.0,633.0
1719937122.0196886,0.0,633.0
1719937122.175412,0.0,633.0
1719937122.3177009,0.0,633.0
1719937122.4508517,0.0,633.0
1719937122.5866861,0.0,633.0
1719937122.7220132,0.0,633.0
1719937122.8513682,0.0,633.0
1719937122.982451,0.0,633.0
1719937123.1183786,0.0,633.0
1719937123.25342,0.0,633.0
1719937123.4050221,0.0,633.0
1719937123.559012,0.0,633.0
1719937123.7522554,0.0,633.0
1719937123.9161656,0.0,633.0
1719937124.072681,0.0,633.0
1719937124.2208405,0.0,633.0
1719937124.3733819,0.0,633.0
1719937124.5294237,0.0,633.0
1719937124.7070765,0.0,633.0
1719937124.8713872,0.0,633.0
1719937125.0777917,0.0,633.0
1719937125.2774818,0.0,633.0
1719937125.4345415,0.0,633.0
1719937125.6405861,0.0,633.0
1719937125.8290215,0.0,633.0
1719937125.9793446,0.0,633.0
1719937126.164529,0.0,633.0
1719937126.3378582,0.0,633.0
1719937126.4874964,0.0,633.0
1719937126.644256,0.0,633.0
1719937126.7937644,0.0,633.0
1719937126.938632,0.0,633.0
1719937127.075906,0.0,633.0
1719937127.2108943,0.0,633.0
1719937127.3456187,0.0,633.0
1719937127.480889,0.0,837.0
1719937127.6222456,9.0,1093.0
1719937127.8132133,3.0,1093.0
1719937127.9966533,3.0,1221.0
1719937128.1495426,3.0,1349.0
1719937128.322944,3.0,1477.0
1719937128.4839184,3.0,1477.0
1719937128.6531956,3.0,1605.0
1719937128.800265,3.0,1733.0
1719937128.95973,3.0,1733.0
1719937129.0986521,3.0,1861.0
1719937129.2647636,2.0,1989.0
1719937129.424571,3.0,2117.0
1719937129.6221437,1.0,2117.0
1719937129.859004,2.0,3729.0
1719937130.0585,0.0,3729.0
1719937130.2687514,0.0,3729.0
1719937130.4248693,2.0,5331.0
1719937130.62716,29.0,10517.0
1719937130.804939,29.0,31673.0
1719937130.966547,60.0,31673.0
1719937131.1818092,16.0,31673.0
1719937131.3549416,16.0,33987.0
1719937131.4980202,54.0,44747.0
1719937131.6437018,71.0,50893.0
1719937131.7885149,71.0,50893.0
1719937131.9259136,100.0,50897.0
1719937132.0688345,92.0,50897.0
1719937132.2148073,92.0,50911.0
1719937132.4038303,52.0,50911.0
1719937132.6074924,45.0,50911.0
1719937132.7905242,45.0,50911.0
1719937133.0031326,100.0,50911.0
1719937133.2138844,99.0,50911.0
1719937133.3922246,100.0,50911.0
1719937133.5736437,100.0,50911.0
1719937133.7353268,100.0,50911.0
1719937133.9174669,24.0,50911.0
1719937134.0974476,97.0,50911.0
1719937134.288941,99.0,50911.0
1719937134.4550385,100.0,50911.0
1719937134.6684697,100.0,50911.0
1719937134.9079907,100.0,50911.0
1719937135.131461,71.0,50911.0
1719937135.3256953,25.0,50911.0
1719937135.5367658,100.0,50911.0
1719937135.7030792,99.0,50911.0
1719937135.8715012,100.0,50911.0
1719937136.0631037,100.0,50911.0
1719937136.2130315,100.0,50911.0
1719937136.3599753,100.0,50911.0
1719937136.505044,43.0,50911.0
1719937136.6460402,43.0,50911.0
1719937136.83148,88.0,50911.0
1719937136.983711,100.0,50911.0
1719937137.1775374,99.0,50911.0
1719937137.3753533,100.0,50911.0
1719937137.5654953,100.0,50911.0
1719937137.745576,80.0,50911.0
1719937137.9648478,12.0,50911.0
1719937138.1417046,100.0,50911.0
1719937138.2988434,99.0,50911.0
1719937138.467982,100.0,50911.0
1719937138.635712,100.0,50911.0
1719937138.8198397,100.0,50911.0
1719937138.9940472,100.0,50911.0
1719937139.1806386,56.0,50911.0
1719937139.4474382,13.0,50911.0
1719937139.849005,100.0,50911.0
1719937140.0457242,100.0,50911.0
1719937140.2388308,100.0,50911.0
1719937140.4147456,100.0,50911.0
1719937140.5999455,56.0,50911.0
1719937140.757741,54.0,50911.0
1719937140.906173,100.0,50911.0
1719937141.0606256,100.0,50911.0
1719937141.2116694,99.0,50911.0
1719937141.3576312,100.0,50911.0
1719937141.5106614,100.0,50911.0
1719937141.6617575,100.0,50911.0
1719937141.856191,100.0,50911.0
1719937142.0603864,88.0,50911.0
1719937142.2694418,100.0,50911.0
1719937142.4582555,98.0,50911.0
1719937142.6243713,98.0,50911.0
1719937142.778846,100.0,50911.0
1719937142.9557266,100.0,50911.0
1719937143.1183193,82.0,50911.0
1719937143.3092542,31.0,50911.0
1719937143.4891624,31.0,50911.0
1719937143.683578,99.0,50911.0
1719937143.8585567,99.0,50911.0
1719937144.0177054,100.0,50911.0
1719937144.2124336,100.0,50911.0
1719937144.4231217,94.0,50911.0
1719937144.6523333,94.0,50911.0
1719937144.8263547,100.0,50911.0
1719937145.0224338,95.0,50911.0
1719937145.179339,100.0,50911.0
1719937145.3616984,84.0,50911.0
1719937145.5223284,100.0,50911.0
1719937145.6706138,100.0,50911.0
1719937145.8181403,94.0,50911.0
1719937145.963947,94.0,50911.0
1719937146.105751,96.0,50911.0
1719937146.2459183,96.0,50911.0
1719937146.3921993,100.0,50911.0
1719937146.544563,96.0,50911.0
1719937146.7476737,100.0,50911.0
1719937146.913696,94.0,50911.0
1719937147.0821636,100.0,50911.0
1719937147.2551625,100.0,50911.0
1719937147.4491427,94.0,50911.0
1719937147.6033478,100.0,50911.0
1719937147.7760844,91.0,50911.0
1719937147.9335,100.0,50911.0
1719937148.0990996,100.0,50911.0
1719937148.2650414,95.0,50911.0
1719937148.4654238,100.0,50911.0
1719937148.6364763,51.0,50911.0
1719937148.8015187,66.0,50911.0
1719937149.0173094,100.0,50911.0
1719937149.1932206,99.0,50911.0
1719937149.4030437,100.0,50911.0
1719937149.5676155,100.0,50911.0
1719937149.7917488,100.0,50911.0
1719937149.9957597,21.0,50911.0
1719937150.1792798,21.0,50911.0
1719937150.3439133,100.0,50911.0
1719937150.496887,99.0,50911.0
1719937150.649225,100.0,50911.0
1719937150.7977822,100.0,50911.0
1719937150.9408724,100.0,50911.0
1719937151.0914311,100.0,50911.0
1719937151.252697,51.0,50911.0
1719937151.445709,99.0,50911.0
1719937151.632206,99.0,50911.0
1719937151.7991405,100.0,50911.0
1719937151.9717643,100.0,50911.0
1719937152.148363,100.0,50911.0
1719937152.315009,68.0,50911.0
1719937152.5589974,42.0,50911.0
1719937152.7153463,42.0,50911.0
1719937152.8802888,100.0,50911.0
1719937153.0691211,99.0,50911.0
1719937153.2201536,100.0,50911.0
1719937153.3887122,100.0,50911.0
1719937153.5484812,100.0,50911.0
1719937153.7823768,26.0,50911.0
1719937153.9915438,54.0,50911.0
1719937154.2001889,100.0,50911.0
1719937154.3663766,94.0,50911.0
1719937154.5755053,100.0,50911.0
1719937154.7474077,100.0,50911.0
1719937154.938547,100.0,50911.0
1719937155.126289,100.0,50911.0
1719937155.2945724,23.0,50911.0
1719937155.443635,100.0,50911.0
1719937155.5901902,100.0,50911.0
1719937155.736441,99.0,50911.0
1719937155.8870363,100.0,50911.0
1719937156.035821,100.0,50911.0
1719937156.2353723,100.0,50911.0
1719937156.4072073,66.0,50911.0
1719937156.592237,36.0,50911.0
1719937156.7731488,100.0,50911.0
1719937156.9497983,100.0,50911.0
1719937157.1895664,99.0,50911.0
1719937157.35804,100.0,50911.0
1719937157.5327349,100.0,50911.0
1719937157.6980188,100.0,50911.0
1719937157.8706117,32.0,50911.0
1719937158.050969,79.0,50911.0
1719937158.2196155,100.0,50911.0
1719937158.438634,98.0,50911.0
1719937158.6657915,100.0,50911.0
1719937158.878395,100.0,50911.0
1719937159.0654805,88.0,50911.0
1719937159.2785234,1.0,50911.0
1719937159.4624174,93.0,50911.0
1719937159.6500263,100.0,50911.0
1719937159.8170853,100.0,50911.0
1719937159.9674013,99.0,50911.0
1719937160.113398,100.0,50911.0
1719937160.2610548,100.0,50911.0
1719937160.4051905,100.0,50911.0
1719937160.552273,76.0,50911.0
1719937160.7005537,57.0,50911.0
1719937160.8482206,100.0,50911.0
1719937161.0227401,100.0,50911.0
1719937161.1908667,98.0,50911.0
1719937161.3612616,100.0,50911.0
1719937161.5448704,100.0,50911.0
1719937161.739183,100.0,50911.0
1719937161.8964875,94.0,50911.0
1719937162.0810785,94.0,50911.0
1719937162.2278998,97.0,50911.0
1719937162.387107,97.0,50911.0
1719937162.5515814,100.0,50911.0
1719937162.726037,97.0,50911.0
1719937162.902049,100.0,50911.0
1719937163.069777,96.0,50911.0
1719937163.3250885,100.0,50911.0
1719937163.485465,97.0,50911.0
1719937163.7019126,100.0,50911.0
1719937163.889747,97.0,50911.0
1719937164.0883806,97.0,50911.0
1719937164.2383518,97.0,50911.0
1719937164.4108777,96.0,50911.0
1719937164.5757556,100.0,50911.0
1719937164.7252166,97.0,50911.0
1719937164.8732336,97.0,50911.0
1719937165.0195758,100.0,50911.0
1719937165.160806,98.0,50911.0
1719937165.2993393,99.0,50911.0
1719937165.446467,99.0,50911.0
1719937165.597941,98.0,50911.0
1719937165.7826047,7.0,50911.0
1719937166.0072544,100.0,50911.0
1719937166.2025073,100.0,50911.0
1719937166.3774672,99.0,50911.0
1719937166.5789027,100.0,50911.0
1719937166.7371016,100.0,50911.0
1719937166.9125729,100.0,50911.0
1719937167.094335,61.0,50911.0
1719937167.2866886,60.0,50911.0
1719937167.439666,60.0,50911.0
1719937167.6712282,99.0,50911.0
1719937167.856154,100.0,50911.0
1719937168.0765765,100.0,50911.0
1719937168.2940314,100.0,50911.0
1719937168.507611,7.0,50911.0
1719937168.701685,57.0,50911.0
1719937168.9127705,100.0,50911.0
1719937169.0980532,99.0,50911.0
1719937169.2850747,100.0,50911.0
1719937169.4616928,100.0,50911.0
1719937169.6085932,100.0,50911.0
1719937169.7557082,100.0,50911.0
1719937169.9061947,100.0,50911.0
1719937170.0773644,33.0,50911.0
1719937170.2263458,100.0,50911.0
1719937170.3797503,99.0,50911.0
1719937170.5569408,100.0,50911.0
1719937170.7332108,100.0,50911.0
1719937170.8991919,100.0,50911.0
1719937171.0657377,100.0,50911.0
1719937171.3003328,48.0,50911.0
1719937171.4914546,100.0,50911.0
1719937171.6580145,100.0,50911.0
1719937171.8136184,99.0,50911.0
1719937171.9726477,100.0,50911.0
1719937172.1532726,100.0,50911.0
1719937172.3304465,100.0,50911.0
1719937172.50735,17.0,50911.0
1719937172.667427,17.0,50911.0
1719937172.9037504,100.0,50911.0
1719937173.103987,100.0,50911.0
1719937173.3283927,100.0,50911.0
1719937173.5043902,100.0,50911.0
1719937173.7144911,56.0,50911.0
1719937173.8920898,57.0,50911.0
1719937174.0815523,57.0,50911.0
1719937174.2488387,100.0,50911.0
1719937174.4006429,99.0,50911.0
1719937174.548668,100.0,50911.0
1719937174.6950324,100.0,50911.0
1719937174.835497,100.0,50911.0
1719937174.9843075,100.0,50911.0
1719937175.1322532,100.0,50911.0
1719937175.3260474,100.0,50911.0
1719937175.5230005,99.0,50911.0
1719937175.7011547,100.0,50911.0
1719937175.8727407,100.0,50911.0
1719937176.0640993,100.0,50911.0
1719937176.224251,100.0,50911.0
1719937176.3904693,52.0,50911.0
1719937176.5575166,52.0,50911.0
1719937176.735903,100.0,50911.0
1719937176.9094849,100.0,50911.0
1719937177.1480565,99.0,50911.0
1719937177.344231,100.0,50911.0
1719937177.5545568,93.0,50911.0
1719937177.7755911,3.0,50911.0
1719937177.999964,100.0,50911.0
1719937178.1954777,99.0,50911.0
1719937178.399678,100.0,50911.0
1719937178.572209,100.0,50911.0
1719937178.7504416,100.0,50911.0
1719937178.924229,100.0,50911.0
1719937179.0713935,97.0,50911.0
1719937179.2168996,100.0,50911.0
1719937179.3628879,98.0,50911.0
1719937179.5110633,98.0,50911.0
1719937179.6534262,100.0,50911.0
1719937179.8040462,98.0,50911.0
1719937179.9514394,100.0,50911.0
1719937180.149917,96.0,50911.0
1719937180.3336132,96.0,50911.0
1719937180.4921782,100.0,50911.0
1719937180.6779711,88.0,50911.0
1719937180.8577096,100.0,50911.0
1719937181.014495,97.0,50911.0
1719937181.2016084,97.0,50911.0
1719937181.3580506,100.0,50911.0
1719937181.520457,95.0,50911.0
1719937181.7071342,100.0,50911.0
1719937181.8803318,89.0,50911.0
1719937182.0560005,100.0,50911.0
1719937182.244426,97.0,50911.0
1719937182.4608617,100.0,50911.0
1719937182.6548727,97.0,50911.0
1719937182.8676171,100.0,50911.0
1719937183.1081822,60.0,50911.0
1719937183.296299,20.0,50911.0
1719937183.4688184,100.0,50911.0
1719937183.63713,98.0,50911.0
1719937183.7998002,100.0,50911.0
1719937183.949969,100.0,50911.0
1719937184.0979826,100.0,50911.0
1719937184.2472188,100.0,50911.0
1719937184.3949914,49.0,50911.0
1719937184.556349,49.0,50911.0
1719937184.7842326,75.0,50911.0
1719937184.9994285,98.0,50911.0
1719937185.1685631,100.0,50911.0
1719937185.368975,100.0,50911.0
1719937185.6041582,92.0,50911.0
1719937185.7857053,92.0,50911.0
1719937186.0001202,100.0,50911.0
1719937186.1712828,100.0,50911.0
1719937186.340177,99.0,50911.0
1719937186.509924,100.0,50911.0
1719937186.6903045,100.0,50911.0
1719937186.8683107,100.0,50911.0
1719937187.0862763,58.0,50911.0
1719937187.2788954,30.0,50911.0
1719937187.5163956,100.0,50911.0
1719937187.7328563,92.0,50911.0
1719937188.0689409,99.0,50911.0
1719937188.5514634,47.0,50911.0
1719937188.849926,90.0,50911.0
1719937189.026497,98.0,50911.0
1719937189.1991644,98.0,50911.0
1719937189.3575957,100.0,50911.0
1719937189.5308304,100.0,50911.0
1719937189.7246573,79.0,50911.0
1719937189.9180481,27.0,50911.0
1719937190.092647,100.0,50911.0
1719937190.2679074,100.0,50911.0
1719937190.445366,99.0,50911.0
1719937190.6416688,100.0,50911.0
1719937190.7969072,100.0,50911.0
1719937190.9696507,100.0,50911.0
1719937191.1578429,41.0,50911.0
1719937191.3481905,66.0,50911.0
1719937191.523867,100.0,50911.0
1719937191.734196,94.0,50911.0
1719937191.9545374,100.0,50911.0
1719937192.1133587,100.0,50911.0
1719937192.323724,100.0,50911.0
1719937192.5382636,7.0,50911.0
1719937192.7317972,65.0,50911.0
1719937192.9176831,100.0,50911.0
1719937193.0813758,100.0,50911.0
1719937193.261326,98.0,50911.0
1719937193.4104445,100.0,50911.0
1719937193.5573025,100.0,50911.0
1719937193.6991374,100.0,50911.0
1719937193.8422673,100.0,50911.0
1719937193.9927192,37.0,50911.0
1719937194.1450922,100.0,50911.0
1719937194.3315449,96.0,50911.0
1719937194.5242763,100.0,50911.0
1719937194.6942647,100.0,50911.0
1719937194.8828344,100.0,50911.0
1719937195.0792038,41.0,50911.0
1719937195.274606,41.0,50911.0
1719937195.4779482,97.0,50911.0
1719937195.6447363,98.0,50911.0
1719937195.8237114,100.0,50911.0
1719937195.9962091,100.0,50911.0
1719937196.1717722,100.0,50911.0
1719937196.395662,96.0,50911.0
1719937196.6141407,100.0,50911.0
1719937196.8182206,86.0,50911.0
1719937197.0152235,100.0,50911.0
1719937197.2180433,97.0,50911.0
1719937197.4179735,100.0,50911.0
1719937197.598052,97.0,50911.0
1719937197.7757638,100.0,50911.0
1719937197.924184,98.0,50911.0
1719937198.0720165,98.0,50911.0
1719937198.2189376,100.0,50911.0
1719937198.3659275,98.0,50911.0
1719937198.5100374,98.0,50911.0
1719937198.6597178,100.0,50911.0
1719937198.8075738,95.0,50911.0
1719937198.9806526,100.0,50911.0
1719937199.1583068,97.0,50911.0
1719937199.342699,100.0,50911.0
1719937199.535609,97.0,50911.0
1719937199.721211,97.0,50911.0
1719937199.884732,100.0,50911.0
1719937200.0522475,97.0,50911.0
1719937200.220633,100.0,50911.0
1719937200.4052851,60.0,50911.0
1719937200.5780165,28.0,50911.0
1719937200.7417543,100.0,50911.0
1719937200.9025881,99.0,50911.0
1719937201.1506758,100.0,50911.0
1719937201.3557136,100.0,50911.0
1719937201.571462,100.0,50911.0
1719937201.7354279,40.0,50911.0
1719937201.9735386,30.0,50911.0
1719937202.147274,100.0,50911.0
1719937202.3344052,99.0,50911.0
1719937202.502753,99.0,50911.0
1719937202.658744,100.0,50911.0
1719937202.807445,100.0,50911.0
1719937202.9529548,100.0,50911.0
1719937203.0962977,100.0,50911.0
1719937203.2429569,39.0,50911.0
1719937203.389115,39.0,50911.0
1719937203.55917,100.0,50911.0
1719937203.7370436,100.0,50911.0
1719937203.943915,98.0,50911.0
1719937204.1514788,100.0,50911.0
1719937204.3787384,100.0,50911.0
1719937204.5719478,4.0,50911.0
1719937204.7290158,4.0,50911.0
1719937204.9527562,100.0,50911.0
1719937205.142083,100.0,50911.0
1719937205.316125,100.0,50911.0
1719937205.4750915,100.0,50911.0
1719937205.6977973,71.0,50911.0
1719937205.9345005,71.0,50911.0
1719937206.1640406,18.0,50911.0
1719937206.364856,99.0,50911.0
1719937206.5914025,100.0,50911.0
1719937206.7513878,100.0,50911.0
1719937206.929649,100.0,50911.0
1719937207.0975332,100.0,50911.0
1719937207.2465117,51.0,50911.0
1719937207.4021878,51.0,50911.0
1719937207.5732121,92.0,50911.0
1719937207.7213886,100.0,50911.0
1719937207.8744228,99.0,50911.0
1719937208.024062,99.0,50911.0
1719937208.1968904,100.0,50911.0
1719937208.3986297,76.0,50911.0
1719937208.58922,49.0,50911.0
1719937208.7760901,49.0,50911.0
1719937208.9855332,100.0,50911.0
1719937209.1872857,100.0,50911.0
1719937209.3531199,100.0,50911.0
1719937209.5152671,100.0,50911.0
1719937209.6947875,100.0,50911.0
1719937209.8663573,21.0,50911.0
1719937210.0441093,100.0,50911.0
1719937210.2143178,99.0,50911.0
1719937210.4405417,100.0,50911.0
1719937210.6868334,100.0,50911.0
1719937210.9098375,100.0,50911.0
1719937211.0833955,66.0,50911.0
1719937211.303052,41.0,50911.0
1719937211.4658759,100.0,50911.0
1719937211.6347141,100.0,50911.0
1719937211.8116312,99.0,50911.0
1719937211.9629784,100.0,50911.0
1719937212.1117375,100.0,50911.0
1719937212.2570763,100.0,50911.0
1719937212.4046571,38.0,50911.0
1719937212.5772183,38.0,50911.0
1719937212.7352018,100.0,50911.0
1719937212.9080317,99.0,50911.0
1719937213.0740464,100.0,50911.0
1719937213.2346559,100.0,50911.0
1719937213.411349,100.0,50911.0
1719937213.577498,100.0,50911.0
1719937213.7490606,97.0,50911.0
1719937213.9245684,100.0,50911.0
1719937214.087547,96.0,50911.0
1719937214.2506475,100.0,50911.0
1719937214.4372764,100.0,50911.0
1719937214.6109626,100.0,50911.0
1719937214.7735577,100.0,50911.0
1719937214.9463153,97.0,50911.0
1719937215.1657119,100.0,50911.0
1719937215.3770502,100.0,50911.0
1719937215.6011071,97.0,50911.0
1719937215.8228486,97.0,50911.0
1719937215.9934053,100.0,50911.0
1719937216.1592798,97.0,50911.0
1719937216.34073,100.0,50911.0
1719937216.5008988,89.0,50911.0
1719937216.648531,89.0,50911.0
1719937216.7999532,100.0,50911.0
1719937216.9458878,98.0,50911.0
1719937217.0890577,100.0,50911.0
1719937217.2391763,100.0,50911.0
1719937217.3871682,97.0,50911.0
1719937217.5642607,100.0,50911.0
1719937217.7350051,41.0,50911.0
1719937217.91083,54.0,50911.0
1719937218.1068578,100.0,50911.0
1719937218.290445,99.0,50911.0
1719937218.4680402,100.0,50911.0
1719937218.6476083,100.0,50911.0
1719937218.816222,100.0,50911.0
1719937219.002213,16.0,50911.0
1719937219.222995,16.0,50911.0
1719937219.4267511,100.0,50911.0
1719937219.5949717,96.0,50911.0
1719937219.8143156,100.0,50911.0
1719937220.0454736,100.0,50911.0
1719937220.2779937,100.0,50911.0
1719937220.4889035,41.0,50911.0
1719937220.702185,100.0,50911.0
1719937220.872478,99.0,50911.0
1719937221.047338,99.0,50911.0
1719937221.228495,100.0,50911.0
1719937221.38309,100.0,50911.0
1719937221.532378,100.0,50911.0
1719937221.6790996,100.0,50911.0
1719937221.8762295,51.0,50911.0
1719937222.0720208,99.0,50911.0
1719937222.228144,99.0,50911.0
1719937222.412383,100.0,50911.0
1719937222.5843384,100.0,50911.0
1719937222.759434,100.0,50911.0
1719937222.9402933,46.0,50911.0
1719937223.1246629,46.0,50911.0
1719937223.2941322,100.0,50911.0
1719937223.4873712,99.0,50911.0
1719937223.6688821,99.0,50911.0
1719937223.8958988,100.0,50911.0
1719937224.073676,91.0,50911.0
1719937224.2660327,91.0,50911.0
1719937224.4256554,100.0,50911.0
1719937224.6930883,100.0,50911.0
1719937224.9001992,98.0,50911.0
1719937225.1136253,100.0,50911.0
1719937225.319766,100.0,50911.0
1719937225.4913478,100.0,50911.0
1719937225.6696584,23.0,50911.0
1719937225.8467479,93.0,50911.0
1719937226.0028746,100.0,50911.0
1719937226.152176,99.0,50911.0
1719937226.3018222,99.0,50911.0
1719937226.451734,100.0,50911.0
1719937226.5969698,100.0,50911.0
1719937226.7502503,76.0,50911.0
1719937226.901046,67.0,50911.0
1719937227.0910208,67.0,50911.0
1719937227.2646272,100.0,50911.0
1719937227.4546554,98.0,50911.0
1719937227.644685,100.0,50911.0
1719937227.8309772,100.0,50911.0
1719937227.9894812,100.0,50911.0
1719937228.17655,100.0,50911.0
1719937228.3323736,19.0,50911.0
1719937228.5193064,99.0,50911.0
1719937228.6980276,100.0,50911.0
1719937228.8718705,100.0,50911.0
1719937229.0412316,100.0,50911.0
1719937229.2078822,100.0,50911.0
1719937229.4163857,54.0,50911.0
1719937229.6268759,22.0,50911.0
1719937229.8334548,100.0,50911.0
1719937230.0219097,99.0,50911.0
1719937230.2440646,100.0,50911.0
1719937230.4088206,100.0,50911.0
1719937230.5911922,100.0,50911.0
1719937230.763333,95.0,50911.0
1719937230.9148524,95.0,50911.0
1719937231.062405,100.0,50911.0
1719937231.209578,93.0,50911.0
1719937231.3523812,93.0,50911.0
1719937231.5009294,100.0,50911.0
1719937231.6514215,98.0,50911.0
1719937231.8356738,100.0,50911.0
1719937232.004622,96.0,50911.0
1719937232.1928825,100.0,50911.0
1719937232.3674204,100.0,50911.0
1719937232.5425992,96.0,50911.0
1719937232.709555,100.0,50911.0
1719937232.8913484,96.0,50911.0
1719937233.047282,100.0,50911.0
1719937233.2199588,89.0,50911.0
1719937233.3933806,100.0,50911.0
1719937233.5831418,97.0,50911.0
1719937233.781885,100.0,50911.0
1719937233.9506419,97.0,50911.0
1719937234.164944,100.0,50911.0
1719937234.3387706,97.0,50911.0
1719937234.5501444,97.0,50911.0
1719937234.7178106,42.0,50911.0
1719937234.9410355,42.0,50911.0
1719937235.1611006,60.0,50911.0
1719937235.3687677,100.0,50911.0
1719937235.523697,99.0,50911.0
1719937235.6680644,100.0,50911.0
1719937235.8157067,100.0,50911.0
1719937235.9617088,100.0,50911.0
1719937236.1090484,100.0,50911.0
1719937236.265287,34.0,50911.0
1719937236.4123673,100.0,50911.0
1719937236.5851023,99.0,50911.0
1719937236.7551332,99.0,50911.0
1719937236.9839497,100.0,50911.0
1719937237.157641,100.0,50911.0
1719937237.3894026,44.0,50911.0
1719937237.5824819,77.0,50911.0
1719937237.7570236,100.0,50911.0
1719937237.9425352,100.0,50911.0
1719937238.115295,99.0,50911.0
1719937238.3070974,100.0,50911.0
1719937238.490762,100.0,50911.0
1719937238.6607378,89.0,50911.0
1719937238.9012713,5.0,50911.0
1719937239.0728245,100.0,50911.0
1719937239.2990303,99.0,50911.0
1719937239.50359,100.0,50911.0
1719937239.688417,100.0,50911.0
1719937239.8601525,100.0,50911.0
1719937240.0229862,100.0,50911.0
1719937240.2126443,58.0,50911.0
1719937240.369445,58.0,50911.0
1719937240.5216198,100.0,50911.0
1719937240.675002,99.0,50911.0
1719937240.8210516,100.0,50911.0
1719937240.973408,100.0,50911.0
1719937241.1304553,100.0,50911.0
1719937241.322031,100.0,50911.0
1719937241.512101,13.0,50911.0
1719937241.6893804,100.0,50911.0
1719937241.8604593,100.0,50911.0
1719937242.0444617,100.0,50911.0
1719937242.2102265,100.0,50911.0
1719937242.3923116,100.0,50911.0
1719937242.5585725,100.0,50911.0
1719937242.724422,64.0,50911.0
1719937242.8991911,44.0,50911.0
1719937243.0932024,100.0,50911.0
1719937243.264734,99.0,50911.0
1719937243.5041914,100.0,50911.0
1719937243.7228074,100.0,50911.0
1719937243.930628,100.0,50911.0
1719937244.0982969,23.0,50911.0
1719937244.3184812,54.0,50911.0
1719937244.497691,100.0,50911.0
1719937244.6889887,99.0,50911.0
1719937244.8645337,100.0,50911.0
1719937245.0121505,100.0,50911.0
1719937245.161544,100.0,50911.0
1719937245.3089657,100.0,50911.0
1719937245.4517076,100.0,50911.0
1719937245.649916,39.0,50911.0
1719937245.806025,100.0,50911.0
1719937245.9994972,95.0,50911.0
1719937246.1709857,100.0,50911.0
1719937246.3397264,100.0,50911.0
1719937246.504234,100.0,50911.0
1719937246.701287,49.0,50911.0
1719937246.875287,58.0,50911.0
1719937247.064772,58.0,50911.0
1719937247.271611,100.0,50911.0
1719937247.4797158,100.0,50911.0
1719937247.663245,100.0,50911.0
1719937247.8263555,100.0,50911.0
1719937247.9917555,100.0,50911.0
1719937248.1971166,100.0,50911.0
1719937248.434015,96.0,50911.0
1719937248.664056,100.0,50911.0
1719937248.8449366,100.0,50911.0
1719937249.0432427,90.0,50911.0
1719937249.1955988,100.0,50911.0
1719937249.3909602,96.0,50911.0
1719937249.5619211,100.0,50911.0
1719937249.7102077,100.0,50911.0
1719937249.8609557,97.0,50911.0
1719937250.006419,100.0,50911.0
1719937250.1562648,98.0,50911.0
1719937250.3044333,98.0,50911.0
1719937250.4529717,98.0,50911.0
1719937250.6232226,95.0,50911.0
1719937250.802358,100.0,50911.0
1719937250.9806807,96.0,50911.0
1719937251.153395,100.0,50911.0
1719937251.3477306,97.0,50911.0
1719937251.5072966,97.0,50911.0
1719937251.673048,96.0,50911.0
1719937251.854248,100.0,50911.0
1719937252.0980275,8.0,50911.0
1719937252.3409061,54.0,50911.0
1719937252.5616908,100.0,50911.0
1719937252.7951655,95.0,50911.0
1719937252.9971871,100.0,50911.0
1719937253.1912036,100.0,50911.0
1719937253.40909,100.0,50911.0
1719937253.587623,18.0,50911.0
1719937253.760215,18.0,50911.0
1719937253.930921,100.0,50911.0
1719937254.0824475,100.0,50911.0
1719937254.2308166,99.0,50911.0
1719937254.3796687,100.0,50911.0
1719937254.5265412,100.0,50911.0
1719937254.6736128,100.0,50911.0
1719937254.8286173,92.0,50911.0
1719937254.9955645,32.0,50911.0
1719937255.1782374,100.0,50911.0
1719937255.3481348,99.0,50911.0
1719937255.542909,99.0,50911.0
1719937255.7244155,100.0,50911.0
1719937255.9027243,100.0,50911.0
1719937256.0573032,100.0,50911.0
1719937256.2442918,37.0,50911.0
1719937256.3969445,81.0,50911.0
1719937256.575892,100.0,50911.0
1719937256.7627282,100.0,50911.0
1719937256.9400916,93.0,50911.0
1719937257.1431599,100.0,50911.0
1719937257.3721812,90.0,50911.0
1719937257.6392605,1.0,50911.0
1719937257.8619044,94.0,50911.0
1719937258.045761,99.0,50911.0
1719937258.2760375,100.0,50911.0
1719937258.4369426,100.0,50911.0
1719937258.6290474,100.0,50911.0
1719937258.8231628,74.0,50911.0
1719937258.986812,49.0,50911.0
1719937259.1386664,100.0,50911.0
1719937259.3235238,100.0,50911.0
1719937259.473109,99.0,50911.0
1719937259.6229343,99.0,50911.0
1719937259.7735786,100.0,50911.0
1719937259.9404864,100.0,50911.0
1719937260.1150753,100.0,50911.0
1719937260.2800078,19.0,50911.0
1719937260.4486523,87.0,50911.0
1719937260.6446152,100.0,50911.0
1719937260.8338153,99.0,50911.0
1719937261.0009074,100.0,50911.0
1719937261.1805086,100.0,50911.0
1719937261.3533921,82.0,50911.0
1719937261.5525978,82.0,50911.0
1719937261.7770205,26.0,50911.0
1719937261.979333,100.0,50911.0
1719937262.1781397,100.0,50911.0
1719937262.402435,100.0,50911.0
1719937262.6268144,100.0,50911.0
1719937262.8438253,43.0,50911.0
1719937263.0823798,73.0,50911.0
1719937263.2455928,100.0,50911.0
1719937263.4290955,94.0,50911.0
1719937263.6003766,94.0,50911.0
1719937263.798946,100.0,50911.0
1719937263.9462476,100.0,50911.0
1719937264.1048942,98.0,50911.0
1719937264.2646775,35.0,50911.0
1719937264.4104738,100.0,50911.0
1719937264.5665255,100.0,50911.0
1719937264.7140176,99.0,50911.0
1719937264.8786523,100.0,50911.0
1719937265.0479805,100.0,50911.0
1719937265.2199519,100.0,50911.0
1719937265.4073637,100.0,50911.0
1719937265.6214595,100.0,50911.0
1719937265.7765517,100.0,50911.0
1719937265.9429145,97.0,50911.0
1719937266.111073,100.0,50911.0
1719937266.2895594,97.0,50911.0
1719937266.4488711,97.0,50911.0
1719937266.6232646,100.0,50911.0
1719937266.7780366,97.0,50911.0
1719937266.9971893,100.0,50911.0
1719937267.2100315,100.0,50911.0
1719937267.4239607,100.0,50911.0
1719937267.59867,100.0,50911.0
1719937267.8065383,96.0,50911.0
1719937267.9902332,96.0,50911.0
1719937268.1457493,100.0,50911.0
1719937268.2895086,97.0,50911.0
1719937268.465325,97.0,50911.0
1719937268.6280258,100.0,50911.0
1719937268.7764626,92.0,50911.0
1719937268.925341,100.0,50911.0
1719937269.0692546,100.0,50911.0
1719937269.208319,98.0,50911.0
1719937269.3578215,100.0,50911.0
1719937269.5282319,26.0,50911.0
1719937269.7012255,100.0,50911.0
1719937269.8873067,99.0,50911.0
1719937270.0581615,100.0,50911.0
1719937270.287322,100.0,50911.0
1719937270.4744039,100.0,50911.0
1719937270.6631947,58.0,50911.0
1719937270.8484447,75.0,50911.0
1719937271.0234911,100.0,50911.0
1719937271.2129107,100.0,50911.0
1719937271.4569385,99.0,50911.0
1719937271.6606426,100.0,50911.0
1719937271.882307,92.0,50911.0
1719937272.1104367,15.0,50911.0
1719937272.3353288,100.0,50911.0
1719937272.5039077,99.0,50911.0
1719937272.7256792,100.0,50911.0
1719937272.8939748,100.0,50911.0
1719937273.0923884,100.0,50911.0
1719937273.2573159,53.0,50911.0
1719937273.4303,53.0,50911.0
1719937273.577419,79.0,50911.0
1719937273.7280016,100.0,50911.0
1719937273.8786778,100.0,50911.0
1719937274.0779502,93.0,50911.0
1719937274.2256925,100.0,50911.0
1719937274.406451,100.0,50911.0
1719937274.6018713,14.0,50911.0
1719937274.841083,14.0,50911.0
1719937275.0229607,99.0,50911.0
1719937275.247642,99.0,50911.0
1719937275.4310553,100.0,50911.0
1719937275.5932472,100.0,50911.0
1719937275.7821689,100.0,50911.0
1719937275.9591908,54.0,50911.0
1719937276.149327,54.0,50911.0
1719937276.3239307,100.0,50911.0
1719937276.5033348,100.0,50911.0
1719937276.7057672,100.0,50911.0
1719937276.944279,100.0,50911.0
1719937277.1566563,84.0,50911.0
1719937277.3854277,14.0,50911.0
1719937277.6196394,100.0,50911.0
1719937277.8121552,99.0,50911.0
1719937277.9848194,100.0,50911.0
1719937278.1622272,100.0,50911.0
1719937278.3122416,100.0,50911.0
1719937278.4691856,100.0,50911.0
1719937278.6163275,55.0,50911.0
1719937278.7637312,81.0,50911.0
1719937278.9308283,100.0,50911.0
1719937279.0860095,100.0,50911.0
1719937279.2372017,99.0,50911.0
1719937279.4116886,100.0,50911.0
1719937279.5839896,100.0,50911.0
1719937279.7575202,100.0,50911.0
1719937279.9456425,86.0,50911.0
1719937280.167116,100.0,50911.0
1719937280.3478436,100.0,50911.0
1719937280.5149362,99.0,50911.0
1719937280.6765358,100.0,50911.0
1719937280.8492901,100.0,50911.0
1719937281.0144024,100.0,50911.0
1719937281.1904976,100.0,50911.0
1719937281.3620455,68.0,50911.0
1719937281.5800374,100.0,50911.0
1719937281.8141813,98.0,50911.0
1719937282.0125337,100.0,50911.0
1719937282.1867344,100.0,50911.0
1719937282.398981,100.0,50911.0
1719937282.578772,96.0,50911.0
1719937282.7604473,95.0,50911.0
1719937282.9369612,95.0,50911.0
1719937283.0969386,97.0,50911.0
1719937283.2446249,100.0,50911.0
1719937283.3930445,98.0,50911.0
1719937283.541196,98.0,50911.0
1719937283.691131,100.0,50911.0
1719937283.8401737,98.0,50911.0
1719937283.991524,98.0,50911.0
1719937284.168812,98.0,50911.0
1719937284.3532004,98.0,50911.0
1719937284.5153918,97.0,50911.0
1719937284.6914394,99.0,50911.0
1719937284.8782232,93.0,50911.0
1719937285.0400937,96.0,50911.0
1719937285.2150416,96.0,50911.0
1719937285.3711257,100.0,50911.0
1719937285.5304325,98.0,50911.0
1719937285.7031586,98.0,50911.0
1719937285.8764384,98.0,50911.0
1719937286.0404894,98.0,50911.0
1719937286.266938,99.0,50911.0
1719937286.511684,0.0,50911.0
1719937286.7607412,0.0,50911.0
1719937286.9890308,100.0,50911.0
1719937287.2237885,98.0,50911.0
1719937287.4001725,100.0,50911.0
1719937287.5703106,100.0,50911.0
1719937287.755357,100.0,50911.0
1719937287.913212,85.0,50911.0
1719937288.0686252,42.0,50911.0
1719937288.21918,42.0,50911.0
1719937288.3931677,100.0,50911.0
1719937288.5888526,100.0,50911.0
1719937288.7595327,100.0,50911.0
1719937288.9363284,100.0,50911.0
1719937289.1215398,100.0,50911.0
1719937289.3271136,26.0,50911.0
1719937289.4938283,89.0,50911.0
1719937289.7008405,100.0,50911.0
1719937289.8938422,99.0,50911.0
1719937290.0531523,99.0,50911.0
1719937290.2239473,100.0,50911.0
1719937290.4073696,79.0,50911.0
1719937290.6224658,39.0,50911.0
1719937290.7958276,100.0,50911.0
1719937290.9727607,99.0,50911.0
1719937291.2023456,100.0,50911.0
1719937291.378013,100.0,50911.0
1719937291.6653254,100.0,50911.0
1719937291.9102747,31.0,50911.0
1719937292.107745,55.0,50911.0
1719937292.2910106,100.0,50911.0
1719937292.4655106,99.0,50911.0
1719937292.619088,99.0,50911.0
1719937292.7698932,100.0,50911.0
1719937292.9176195,100.0,50911.0
1719937293.0653043,100.0,50911.0
1719937293.2109637,100.0,50911.0
1719937293.4255211,27.0,50911.0
1719937293.5743542,100.0,50911.0
1719937293.7682233,99.0,50911.0
1719937293.9526186,100.0,50911.0
1719937294.120746,100.0,50911.0
1719937294.2910433,100.0,50911.0
1719937294.5004306,56.0,50911.0
1719937294.674479,53.0,50911.0
1719937294.868668,53.0,50911.0
1719937295.0400772,99.0,50911.0
1719937295.2260435,100.0,50911.0
1719937295.4085982,100.0,50911.0
1719937295.5846217,100.0,50911.0
1719937295.7459285,100.0,50911.0
1719937295.99947,68.0,50911.0
1719937296.2591703,100.0,50911.0
1719937296.4897819,99.0,50911.0
1719937296.712211,100.0,50911.0
1719937296.9248202,100.0,50911.0
1719937297.0916455,100.0,50911.0
1719937297.2659075,100.0,50911.0
1719937297.459165,18.0,50911.0
1719937297.6111047,100.0,50911.0
1719937297.763976,99.0,50911.0
1719937297.911962,100.0,50911.0
1719937298.0602064,100.0,50911.0
1719937298.210529,100.0,50911.0
1719937298.4127116,100.0,50911.0
1719937298.6430578,51.0,50911.0
1719937298.8834658,100.0,50911.0
1719937299.0671911,100.0,50911.0
1719937299.238359,92.0,50911.0
1719937299.4287336,100.0,50911.0
1719937299.5846403,100.0,50911.0
1719937299.7448678,100.0,50911.0
1719937299.9104836,96.0,50911.0
1719937300.0832038,100.0,50911.0
1719937300.2800703,96.0,50911.0
1719937300.4664865,100.0,50911.0
1719937300.687156,92.0,50911.0
1719937300.8595598,100.0,50911.0
1719937301.081227,97.0,50911.0
1719937301.2752733,100.0,50911.0
1719937301.480442,100.0,50911.0
1719937301.6524398,97.0,50911.0
1719937301.827915,100.0,50911.0
1719937301.9959502,96.0,50911.0
1719937302.1439402,96.0,50911.0
1719937302.2947662,98.0,50911.0
1719937302.4428983,98.0,50911.0
1719937302.5906954,100.0,50911.0
1719937302.738855,98.0,50911.0
1719937302.885953,100.0,50911.0
1719937303.0709605,97.0,50911.0
1719937303.2562366,97.0,50911.0
1719937303.4277902,100.0,50911.0
1719937303.6007047,97.0,50911.0
1719937303.777162,100.0,50911.0
1719937303.9797316,6.0,50911.0
1719937304.1383007,6.0,50911.0
1719937304.3064828,90.0,50911.0
1719937304.492247,100.0,50911.0
1719937304.6686046,100.0,50911.0
1719937304.8592055,100.0,50911.0
1719937305.0223649,100.0,50911.0
1719937305.2073543,11.0,50911.0
1719937305.576204,100.0,50911.0
1719937305.7976573,99.0,50911.0
1719937305.9740317,100.0,50911.0
1719937306.1934123,100.0,50911.0
1719937306.3656113,100.0,50911.0
1719937306.5452445,57.0,50911.0
1719937306.7495449,57.0,50911.0
1719937306.9196231,100.0,50911.0
1719937307.0674624,100.0,50911.0
1719937307.2147112,99.0,50911.0
1719937307.361208,100.0,50911.0
1719937307.5088673,100.0,50911.0
1719937307.6589131,100.0,50911.0
1719937307.831224,100.0,50911.0
1719937308.00904,20.0,50911.0
1719937308.199179,100.0,50911.0
1719937308.3742847,100.0,50911.0
1719937308.5514112,100.0,50911.0
1719937308.7122796,100.0,50911.0
1719937308.884517,100.0,50911.0
1719937309.0599427,100.0,50911.0
1719937309.2152798,60.0,50911.0
1719937309.3973622,51.0,50911.0
1719937309.5862026,100.0,50911.0
1719937309.777239,99.0,50911.0
1719937310.0055485,100.0,50911.0
1719937310.2522626,100.0,50911.0
1719937310.4654949,100.0,50911.0
1719937310.6520677,98.0,50911.0
1719937310.9093134,98.0,50911.0
1719937311.0744438,99.0,50911.0
1719937311.248391,100.0,50911.0
1719937311.425642,100.0,50911.0
1719937311.5737536,100.0,50911.0
1719937311.7257903,100.0,50911.0
1719937311.875432,69.0,50911.0
1719937312.021289,76.0,50911.0
1719937312.1709917,76.0,50911.0
1719937312.3669784,99.0,50911.0
1719937312.5568507,100.0,50911.0
1719937312.7341726,100.0,50911.0
1719937312.9157767,100.0,50911.0
1719937313.0913112,90.0,50911.0
1719937313.2750413,27.0,50911.0
1719937313.4355938,100.0,50911.0
1719937313.625674,99.0,50911.0
1719937313.8016782,100.0,50911.0
1719937313.9802563,100.0,50911.0
1719937314.1419737,100.0,50911.0
1719937314.3141627,100.0,50911.0
1719937314.474754,42.0,50911.0
1719937314.69915,100.0,50911.0
1719937314.9374003,99.0,50911.0
1719937315.2013505,99.0,50911.0
1719937315.3969915,100.0,50911.0
1719937315.5845141,91.0,50911.0
1719937315.7551496,41.0,50911.0
1719937315.9364605,41.0,50911.0
1719937316.105731,100.0,50911.0
1719937316.2642605,99.0,50911.0
1719937316.4142,99.0,50911.0
1719937316.560679,100.0,50911.0
1719937316.7086341,100.0,50911.0
1719937316.8584876,100.0,50911.0
1719937317.0108042,100.0,50911.0
1719937317.196185,100.0,50911.0
1719937317.41372,96.0,50911.0
1719937317.5956163,100.0,50911.0
1719937317.782082,96.0,50911.0
1719937317.9771585,96.0,50911.0
1719937318.143623,100.0,50911.0
1719937318.3007135,97.0,50911.0
1719937318.4758234,100.0,50911.0
1719937318.6726208,87.0,50911.0
1719937318.8442118,100.0,50911.0
1719937319.0274546,97.0,50911.0
1719937319.2577484,100.0,50911.0
1719937319.4668195,97.0,50911.0
1719937319.6852524,100.0,50911.0
1719937319.8753273,83.0,50911.0
1719937320.0841434,100.0,50911.0
1719937320.278604,89.0,50911.0
1719937320.4834588,100.0,50911.0
1719937320.6510396,97.0,50911.0
1719937320.8009846,97.0,50911.0
1719937320.9528673,100.0,50911.0
1719937321.1017032,39.0,50911.0
1719937321.2463415,77.0,50911.0
1719937321.393022,77.0,50911.0
1719937321.5416446,100.0,50911.0
1719937321.6923316,99.0,50911.0
1719937321.8962145,99.0,50911.0
1719937322.0663393,100.0,50911.0
1719937322.247381,89.0,50911.0
1719937322.4132514,7.0,50911.0
1719937322.60523,7.0,50911.0
1719937322.774642,100.0,50911.0
1719937322.9453688,99.0,50911.0
1719937323.099446,100.0,50911.0
1719937323.2720635,100.0,50911.0
1719937323.4410307,100.0,50911.0
1719937323.6159575,100.0,50911.0
1719937323.8590825,53.0,50911.0
1719937324.0940325,100.0,50911.0
1719937324.3115923,99.0,50911.0
1719937324.5220163,100.0,50911.0
1719937324.7163236,100.0,50911.0
1719937324.9241614,100.0,50911.0
1719937325.1195922,17.0,50911.0
1719937325.2945864,17.0,50911.0
1719937325.465511,94.0,50911.0
1719937325.6263905,98.0,50911.0
1719937325.7769954,100.0,50911.0
1719937325.924499,100.0,50911.0
1719937326.0691652,100.0,50911.0
1719937326.2197187,100.0,50911.0
1719937326.383604,74.0,50911.0
1719937326.571746,24.0,50911.0
1719937326.7588444,100.0,50911.0
1719937326.938908,99.0,50911.0
1719937327.117208,100.0,50911.0
1719937327.2976544,100.0,50911.0
1719937327.4648259,100.0,50911.0
1719937327.6366367,100.0,50911.0
1719937327.8096893,44.0,50911.0
1719937327.976606,91.0,50911.0
1719937328.1545177,100.0,50911.0
1719937328.323904,99.0,50911.0
1719937328.5051649,100.0,50911.0
1719937328.6860423,100.0,50911.0
1719937328.894295,78.0,50911.0
1719937329.1357028,19.0,50911.0
1719937329.3540483,100.0,50911.0
1719937329.5407298,99.0,50911.0
1719937329.7452865,100.0,50911.0
1719937329.9250438,100.0,50911.0
1719937330.1123104,100.0,50911.0
1719937330.281559,100.0,50911.0
1719937330.5100212,84.0,50911.0
1719937330.6644988,84.0,50911.0
1719937330.8112998,100.0,50911.0
1719937330.9587026,99.0,50911.0
1719937331.1078362,100.0,50911.0
1719937331.2547917,100.0,50911.0
1719937331.4316707,100.0,50911.0
1719937331.6323042,84.0,50911.0
1719937331.8206851,16.0,50911.0
1719937331.992516,100.0,50911.0
1719937332.177404,99.0,50911.0
1719937332.3599946,100.0,50911.0
1719937332.5349808,100.0,50911.0
1719937332.7127051,100.0,50911.0
1719937332.9008584,100.0,50911.0
1719937333.128156,81.0,50911.0
1719937333.3165212,100.0,50911.0
1719937333.5663774,99.0,50911.0
1719937333.785025,100.0,50911.0
1719937334.002029,100.0,50911.0
1719937334.194673,96.0,50911.0
1719937334.389464,100.0,50911.0
1719937334.6027586,97.0,50911.0
1719937334.7887213,97.0,50911.0
1719937334.9721274,97.0,50911.0
1719937335.1313202,97.0,50911.0
1719937335.2878115,100.0,50911.0
1719937335.4366577,98.0,50911.0
1719937335.5796595,100.0,50911.0
1719937335.7382376,100.0,50911.0
1719937335.901283,98.0,50911.0
1719937336.0752387,100.0,50911.0
1719937336.2595437,96.0,50911.0
1719937336.4248478,100.0,50911.0
1719937336.5970616,96.0,50911.0
1719937336.7751722,100.0,50911.0
1719937336.9345126,100.0,50911.0
1719937337.1275613,96.0,50911.0
1719937337.2787483,100.0,50911.0
1719937337.4468384,97.0,50911.0
1719937337.6474943,100.0,50911.0
1719937337.8281724,96.0,50911.0
1719937337.994688,100.0,50911.0
1719937338.2450762,22.0,50911.0
1719937338.524339,100.0,50911.0
1719937338.7795348,99.0,50911.0
1719937338.9904263,100.0,50911.0
1719937339.1639214,100.0,50911.0
1719937339.340327,100.0,50911.0
1719937339.5290418,100.0,50911.0
1719937339.705429,46.0,50911.0
1719937339.8529336,86.0,50911.0
1719937340.000075,86.0,50911.0
1719937340.1823168,99.0,50911.0
1719937340.335781,99.0,50911.0
1719937340.4833329,100.0,50911.0
1719937340.629455,100.0,50911.0
1719937340.8109035,81.0,50911.0
1719937341.0033052,24.0,50911.0
1719937341.2064836,24.0,50911.0
1719937341.4050307,99.0,50911.0
1719937341.6171038,100.0,50911.0
1719937341.7947545,100.0,50911.0
1719937341.948828,100.0,50911.0
1719937342.11935,100.0,50911.0
1719937342.2870584,44.0,50911.0
1719937342.4844844,83.0,50911.0
1719937342.6617343,100.0,50911.0
1719937342.892056,99.0,50911.0
1719937343.1012018,100.0,50911.0
1719937343.3131793,100.0,50911.0
1719937343.5243723,84.0,50911.0
1719937343.810622,13.0,50911.0
1719937344.020228,99.0,50911.0
1719937344.2131824,100.0,50911.0
1719937344.3802872,100.0,50911.0
1719937344.534558,100.0,50911.0
1719937344.6814778,100.0,50911.0
1719937344.8373098,100.0,50911.0
1719937345.0176907,55.0,50911.0
1719937345.1673005,77.0,50911.0
1719937345.3212843,100.0,50911.0
1719937345.498778,99.0,50911.0
1719937345.6822166,100.0,50911.0
1719937345.8419704,100.0,50911.0
1719937346.0162704,92.0,50911.0
1719937346.192835,92.0,50911.0
1719937346.3722408,6.0,50911.0
1719937346.6340365,100.0,50911.0
1719937346.8281987,100.0,50911.0
1719937347.005067,100.0,50911.0
1719937347.1931832,100.0,50911.0
1719937347.3620448,100.0,50911.0
1719937347.5524302,13.0,50911.0
1719937347.7985678,13.0,50911.0
1719937347.971423,100.0,50911.0
1719937348.191942,99.0,50911.0
1719937348.3698983,100.0,50911.0
1719937348.5639122,100.0,50911.0
1719937348.7330408,100.0,50911.0
1719937348.9211385,55.0,50911.0
1719937349.1021461,55.0,50911.0
1719937349.2551527,100.0,50911.0
1719937349.410811,100.0,50911.0
1719937349.5580192,99.0,50911.0
1719937349.6986752,100.0,50911.0
1719937349.8478649,100.0,50911.0
1719937349.9976091,100.0,50911.0
1719937350.1978254,100.0,50911.0
1719937350.457887,22.0,50911.0
1719937350.6649969,100.0,50911.0
1719937350.8604949,99.0,50911.0
1719937351.0769033,100.0,50911.0
1719937351.2523146,100.0,50911.0
1719937351.4125187,100.0,50911.0
1719937351.591104,100.0,50911.0
1719937351.7636938,97.0,50911.0
1719937351.9551392,100.0,50911.0
1719937352.1223495,96.0,50911.0
1719937352.306492,100.0,50911.0
1719937352.5259252,90.0,50911.0
1719937352.7150128,100.0,50911.0
1719937352.9371696,91.0,50911.0
1719937353.1659894,100.0,50911.0
1719937353.359767,97.0,50911.0
1719937353.5563657,100.0,50911.0
1719937353.7351627,96.0,50911.0
1719937353.885021,100.0,50911.0
1719937354.036323,100.0,50911.0
1719937354.186184,97.0,50911.0
1719937354.3284993,100.0,50911.0
1719937354.4676912,100.0,50911.0
1719937354.620985,98.0,50911.0
1719937354.7706728,100.0,50911.0
1719937354.952513,96.0,50911.0
1719937355.1262739,100.0,50911.0
1719937355.3110852,97.0,50911.0
1719937355.5024655,96.0,50911.0
1719937355.6723382,96.0,50911.0
1719937355.8859715,100.0,50911.0
1719937356.051885,98.0,50911.0
1719937356.2328162,98.0,50911.0
1719937356.4038591,100.0,50911.0
1719937356.588537,100.0,50911.0
1719937356.7643192,100.0,50911.0
1719937356.9678996,55.0,50911.0
1719937357.2148433,39.0,50911.0
1719937357.427842,96.0,50911.0
1719937357.6664503,100.0,50911.0
1719937357.8735542,100.0,50911.0
1719937358.0404565,100.0,50911.0
1719937358.2303252,100.0,50911.0
1719937358.4363928,32.0,50911.0
1719937358.5883446,32.0,50911.0
1719937358.7400646,100.0,50911.0
1719937358.9051979,100.0,50911.0
1719937359.0469356,96.0,50911.0
1719937359.1972308,100.0,50911.0
1719937359.3484535,100.0,50911.0
1719937359.5205564,81.0,50911.0
1719937359.7359257,43.0,50911.0
1719937359.9041202,43.0,50911.0
1719937360.0764863,100.0,50911.0
1719937360.256812,99.0,50911.0
1719937360.4271703,100.0,50911.0
1719937360.616418,100.0,50911.0
1719937360.7878394,100.0,50911.0
1719937360.969833,41.0,50911.0
1719937361.1460314,41.0,50911.0
1719937361.3528652,99.0,50911.0
1719937361.5345113,100.0,50911.0
1719937361.7563844,100.0,50911.0
1719937361.986748,100.0,50911.0
1719937362.1674027,55.0,50911.0
1719937362.4183338,43.0,50911.0
1719937362.6286116,100.0,50911.0
1719937362.8284948,98.0,50911.0
1719937363.0207927,100.0,50911.0
1719937363.197938,100.0,50911.0
1719937363.3500242,100.0,50911.0
1719937363.5018084,100.0,50911.0
1719937363.66148,40.0,50911.0
1719937363.805921,100.0,50911.0
1719937363.9533815,100.0,50911.0
1719937364.106575,99.0,50911.0
1719937364.2719626,100.0,50911.0
1719937364.4642735,100.0,50911.0
1719937364.640543,100.0,50911.0
1719937364.871329,53.0,50911.0
1719937365.0419147,90.0,50911.0
1719937365.227594,100.0,50911.0
1719937365.422042,99.0,50911.0
1719937365.5818334,99.0,50911.0
1719937365.745832,100.0,50911.0
1719937365.9367385,100.0,50911.0
1719937366.1091332,77.0,50911.0
1719937366.2911015,47.0,50911.0
1719937366.4545465,100.0,50911.0
1719937366.6924949,98.0,50911.0
1719937366.899706,100.0,50911.0
1719937367.13714,100.0,50911.0
1719937367.3651228,23.0,50911.0
1719937367.5442936,23.0,50911.0
1719937367.7158492,91.0,50911.0
1719937367.8982022,100.0,50911.0
1719937368.0640147,99.0,50911.0
1719937368.2313328,100.0,50911.0
1719937368.3909879,100.0,50911.0
1719937368.5373418,100.0,50911.0
1719937368.6972115,93.0,50911.0
1719937368.8611872,100.0,50911.0
1719937369.0574977,95.0,50911.0
1719937369.2462757,100.0,50911.0
1719937369.416222,97.0,50911.0
1719937369.6123612,100.0,50911.0
1719937369.795607,96.0,50911.0
1719937369.9582732,100.0,50911.0
1719937370.148716,100.0,50911.0
1719937370.3112361,93.0,50911.0
1719937370.4730532,100.0,50911.0
1719937370.6443985,97.0,50911.0
1719937370.815915,100.0,50911.0
1719937370.9935226,97.0,50911.0
1719937371.1882098,100.0,50911.0
1719937371.4303858,97.0,50911.0
1719937371.6055903,100.0,50911.0
1719937371.808303,97.0,50911.0
1719937371.9967303,97.0,50911.0
1719937372.1957486,100.0,50911.0
1719937372.3568752,96.0,50911.0
1719937372.5339708,100.0,50911.0
1719937372.7153475,65.0,50911.0
1719937372.864781,75.0,50911.0
1719937373.0169926,100.0,50911.0
1719937373.173502,100.0,50911.0
1719937373.318229,99.0,50911.0
1719937373.4592967,99.0,50911.0
1719937373.6118705,100.0,50911.0
1719937373.758633,100.0,50911.0
1719937373.9398494,92.0,50911.0
1719937374.137398,2.0,50911.0
1719937374.3100533,100.0,50911.0
1719937374.4781504,98.0,50911.0
1719937374.6494918,100.0,50911.0
1719937374.8114285,100.0,50911.0
1719937374.9786415,100.0,50911.0
1719937375.1317174,100.0,50911.0
1719937375.314338,67.0,50911.0
1719937375.4809444,67.0,50911.0
1719937375.6707284,100.0,50911.0
1719937375.856537,99.0,50911.0
1719937376.0977395,100.0,50911.0
1719937376.3371005,100.0,50911.0
1719937376.5740232,100.0,50911.0
1719937376.771525,21.0,50911.0
1719937377.0567071,100.0,50911.0
1719937377.2569664,99.0,50911.0
1719937377.4457712,99.0,50911.0
1719937377.600761,100.0,50911.0
1719937377.7505944,100.0,50911.0
1719937377.9009204,80.0,50911.0
1719937378.0643213,80.0,50911.0
1719937378.2136216,53.0,50911.0
1719937378.3660514,100.0,50911.0
1719937378.5476165,86.0,50911.0
1719937378.7181606,100.0,50911.0
1719937378.9079623,100.0,50911.0
1719937379.078352,100.0,50911.0
1719937379.2589889,100.0,50911.0
1719937379.469079,54.0,50911.0
1719937379.6366332,100.0,50911.0
1719937379.8207273,100.0,50911.0
1719937379.9958527,99.0,50911.0
1719937380.183341,100.0,50911.0
1719937380.3697672,100.0,50911.0
1719937380.5433917,100.0,50911.0
1719937380.6989136,16.0,50911.0
1719937380.8976192,90.0,50911.0
1719937381.1434844,100.0,50911.0
1719937381.3680184,99.0,50911.0
1719937381.5277562,100.0,50911.0
1719937381.738861,100.0,50911.0
1719937381.9079,100.0,50911.0
1719937382.1112108,77.0,50911.0
1719937382.2924714,41.0,50911.0
1719937382.4938526,99.0,50911.0
1719937382.6516159,99.0,50911.0
1719937382.8013346,100.0,50911.0
1719937382.9441242,100.0,50911.0
1719937383.0952926,100.0,50911.0
1719937383.2513974,100.0,50911.0
1719937383.5020547,35.0,50911.0
1719937383.7075825,99.0,50911.0
1719937383.8862004,100.0,50911.0
1719937384.055841,100.0,50911.0
1719937384.273578,100.0,50911.0
1719937384.4548476,100.0,50911.0
1719937384.6238694,59.0,50911.0
1719937384.7959864,66.0,50911.0
1719937384.9797494,100.0,50911.0
1719937385.1596675,100.0,50911.0
1719937385.3323863,100.0,50911.0
1719937385.4902115,100.0,50911.0
1719937385.696613,100.0,50911.0
1719937385.9099467,96.0,50911.0
1719937386.1260304,100.0,50911.0
1719937386.2925444,98.0,50911.0
1719937386.5033698,98.0,50911.0
1719937386.7287004,98.0,50911.0
1719937386.9016306,99.0,50911.0
1719937387.0744312,99.0,50911.0
1719937387.2345684,98.0,50911.0
1719937387.382654,98.0,50911.0
1719937387.5302687,98.0,50911.0
1719937387.672072,99.0,50911.0
1719937387.8153763,97.0,50911.0
1719937387.963219,100.0,50911.0
1719937388.110003,94.0,50911.0
1719937388.302407,94.0,50911.0
1719937388.487395,100.0,50911.0
1719937388.655295,96.0,50911.0
1719937388.8367515,100.0,50911.0
1719937389.0308394,97.0,50911.0
1719937389.2080176,100.0,50911.0
1719937389.3711264,96.0,50911.0
1719937389.5415142,96.0,50911.0
1719937389.7082114,100.0,50911.0
1719937389.901376,87.0,50911.0
1719937390.1351328,100.0,50911.0
1719937390.3494573,94.0,50911.0
1719937390.5879235,100.0,50911.0
1719937390.8013036,100.0,50911.0
1719937390.9906585,100.0,50911.0
1719937391.208121,36.0,50911.0
1719937391.3959374,36.0,50911.0
1719937391.5661948,100.0,50911.0
1719937391.7623446,98.0,50911.0
1719937391.931823,98.0,50911.0
1719937392.0807607,100.0,50911.0
1719937392.2282279,100.0,50911.0
1719937392.3688927,79.0,50911.0
1719937392.5560472,79.0,50911.0
1719937392.7066503,54.0,50911.0
1719937392.8540504,100.0,50911.0
1719937393.0326605,99.0,50911.0
1719937393.2142754,99.0,50911.0
1719937393.3855722,100.0,50911.0
1719937393.5538518,100.0,50911.0
1719937393.7342494,100.0,50911.0
1719937393.9009726,20.0,50911.0
1719937394.12999,100.0,50911.0
1719937394.3187053,99.0,50911.0
1719937394.4920225,100.0,50911.0
1719937394.6733487,100.0,50911.0
1719937394.8576562,100.0,50911.0
1719937395.0580769,64.0,50911.0
1719937395.3139703,15.0,50911.0
1719937395.4798658,100.0,50911.0
1719937395.6762547,99.0,50911.0
1719937395.8885148,100.0,50911.0
1719937396.0777073,100.0,50911.0
1719937396.2468643,100.0,50911.0
1719937396.431253,100.0,50911.0
1719937396.5985193,55.0,50911.0
1719937396.7517464,55.0,50911.0
1719937396.899621,100.0,50911.0
1719937397.046015,99.0,50911.0
1719937397.1928751,99.0,50911.0
1719937397.3426876,100.0,50911.0
1719937397.4918778,100.0,50911.0
1719937397.6896477,100.0,50911.0
1719937397.8967812,14.0,50911.0
1719937398.0845683,92.0,50911.0
1719937398.263044,100.0,50911.0
1719937398.4360356,100.0,50911.0
1719937398.6171155,99.0,50911.0
1719937398.7728536,100.0,50911.0
1719937398.9427238,100.0,50911.0
1719937399.1270876,76.0,50911.0
1719937399.3174934,44.0,50911.0
1719937399.4887464,100.0,50911.0
1719937399.6605883,99.0,50911.0
1719937399.883421,100.0,50911.0
1719937400.0577433,100.0,50911.0
1719937400.2642448,100.0,50911.0
1719937400.4380095,25.0,50911.0
1719937400.6736329,63.0,50911.0
1719937400.8246746,100.0,50911.0
1719937401.0168254,99.0,50911.0
1719937401.1910932,99.0,50911.0
1719937401.3432875,100.0,50911.0
1719937401.4941895,100.0,50911.0
1719937401.6428757,98.0,50911.0
1719937401.7863367,98.0,50911.0
1719937401.9361587,35.0,50911.0
1719937402.0853255,35.0,50911.0
1719937402.235966,99.0,50911.0
1719937402.3979495,99.0,50911.0
1719937402.572618,100.0,50911.0
1719937402.736404,100.0,50911.0
1719937402.9101806,100.0,50911.0
1719937403.0881097,95.0,50911.0
1719937403.2471948,100.0,50911.0
1719937403.4373307,96.0,50911.0
1719937403.6166794,96.0,50911.0
1719937403.7784803,100.0,50911.0
1719937403.9470956,97.0,50911.0
1719937404.1199346,100.0,50911.0
1719937404.2951891,94.0,50911.0
1719937404.5193088,100.0,50911.0
1719937404.736489,85.0,50911.0
1719937404.953149,100.0,50911.0
1719937405.1518295,78.0,50911.0
1719937405.3756166,100.0,50911.0
1719937405.5467188,95.0,50911.0
1719937405.7358725,100.0,50911.0
1719937405.9118564,97.0,50911.0
1719937406.061385,97.0,50911.0
1719937406.2101731,100.0,50911.0
1719937406.356875,98.0,50911.0
1719937406.4961615,98.0,50911.0
1719937406.632952,100.0,50911.0
1719937406.7803106,98.0,50911.0
1719937406.9295669,100.0,50911.0
1719937407.1086607,56.0,50911.0
1719937407.2940245,56.0,50911.0
1719937407.480708,100.0,50911.0
1719937407.6516693,99.0,50911.0
1719937407.8335564,100.0,50911.0
1719937408.0158408,100.0,50911.0
1719937408.2077272,100.0,50911.0
1719937408.35518,100.0,50911.0
1719937408.5575106,21.0,50911.0
1719937408.7260559,100.0,50911.0
1719937408.8995092,100.0,50911.0
1719937409.0638943,100.0,50911.0
1719937409.2197218,100.0,50911.0
1719937409.4937205,100.0,50911.0
1719937409.6697502,57.0,50911.0
1719937409.8947186,19.0,50911.0
1719937410.1293411,19.0,50911.0
1719937410.3002102,100.0,50911.0
1719937410.468305,100.0,50911.0
1719937410.6590455,100.0,50911.0
1719937410.8244925,100.0,50911.0
1719937410.9791796,100.0,50911.0
1719937411.1285553,49.0,50911.0
1719937411.2846715,88.0,50911.0
1719937411.451364,88.0,50911.0
1719937411.6010845,100.0,50911.0
1719937411.7498827,99.0,50911.0
1719937411.9369395,100.0,50911.0
1719937412.1149974,100.0,50911.0
1719937412.2871745,81.0,50911.0
1719937412.4856315,40.0,50911.0
1719937412.6809282,40.0,50911.0
1719937412.8590431,100.0,50911.0
1719937413.0375955,99.0,50911.0
1719937413.218393,100.0,50911.0
1719937413.3883343,100.0,50911.0
1719937413.5789356,100.0,50911.0
1719937413.745263,100.0,50911.0
1719937413.9036489,30.0,50911.0
1719937414.1270957,100.0,50911.0
1719937414.3516405,98.0,50911.0
1719937414.5489483,100.0,50911.0
1719937414.7100337,100.0,50911.0
1719937414.9338155,84.0,50911.0
1719937415.1090593,46.0,50911.0
1719937415.30263,46.0,50911.0
1719937415.4723382,100.0,50911.0
1719937415.6230423,99.0,50911.0
1719937415.7730982,100.0,50911.0
1719937415.9194837,100.0,50911.0
1719937416.0614269,100.0,50911.0
1719937416.2058697,100.0,50911.0
1719937416.3586645,100.0,50911.0
1719937416.5128274,35.0,50911.0
1719937416.6928008,100.0,50911.0
1719937416.8605444,98.0,50911.0
1719937417.0230312,100.0,50911.0
1719937417.1987484,100.0,50911.0
1719937417.3925788,100.0,50911.0
1719937417.5713594,57.0,50911.0
1719937417.7524965,57.0,50911.0
1719937417.9370263,100.0,50911.0
1719937418.1338534,99.0,50911.0
1719937418.3119233,100.0,50911.0
1719937418.491251,100.0,50911.0
1719937418.6543787,100.0,50911.0
1719937418.8922188,100.0,50911.0
1719937419.1389809,0.0,50911.0
1719937419.3446596,100.0,50911.0
1719937419.5519285,99.0,50911.0
1719937419.736855,100.0,50911.0
1719937419.9278157,100.0,50911.0
1719937420.1035063,100.0,50911.0
1719937420.264661,96.0,50911.0
1719937420.4171531,100.0,50911.0
1719937420.566382,98.0,50911.0
1719937420.712496,98.0,50911.0
1719937420.8554206,100.0,50911.0
1719937420.9939125,100.0,50911.0
1719937421.1415107,98.0,50911.0
1719937421.2879643,100.0,50911.0
1719937421.436776,96.0,50911.0
1719937421.6288948,100.0,50911.0
1719937421.798883,97.0,50911.0
1719937421.9642465,100.0,50911.0
1719937422.1626647,97.0,50911.0
1719937422.3369694,100.0,50911.0
1719937422.5326145,100.0,50911.0
1719937422.7052402,89.0,50911.0
1719937422.8674252,100.0,50911.0
1719937423.0432572,97.0,50911.0
1719937423.2086964,100.0,50911.0
1719937423.4004736,95.0,50911.0
1719937423.5882761,100.0,50911.0
1719937423.7755501,97.0,50911.0
1719937423.9954126,100.0,50911.0
1719937424.16395,100.0,50911.0
1719937424.4104295,25.0,50911.0
1719937424.6311781,100.0,50911.0
1719937424.823994,99.0,50911.0
1719937424.9880948,100.0,50911.0
1719937425.167191,100.0,50911.0
1719937425.329248,100.0,50911.0
1719937425.4851084,100.0,50911.0
1719937425.6359124,100.0,50911.0
1719937425.7848034,46.0,50911.0
1719937425.936738,99.0,50911.0
1719937426.0881867,99.0,50911.0
1719937426.2348413,100.0,50911.0
1719937426.4064853,100.0,50911.0
1719937426.575501,100.0,50911.0
1719937426.7329032,100.0,50911.0
1719937426.9163282,67.0,50911.0
1719937427.09457,38.0,50911.0
1719937427.2519138,100.0,50911.0
1719937427.4643197,100.0,50911.0
1719937427.6237411,100.0,50911.0
1719937427.7856975,100.0,50911.0
1719937427.9609826,100.0,50911.0
1719937428.1333728,100.0,50911.0
1719937428.3099444,34.0,50911.0
1719937428.559935,99.0,50911.0
1719937428.7906826,100.0,50911.0
1719937428.9900267,100.0,50911.0
1719937429.173762,100.0,50911.0
1719937429.3735409,66.0,50911.0
1719937429.5774922,44.0,50911.0
1719937429.8104348,100.0,50911.0
1719937429.9971445,100.0,50911.0
1719937430.2236183,99.0,50911.0
1719937430.3744028,100.0,50911.0
1719937430.5234075,100.0,50911.0
1719937430.665985,100.0,50911.0
1719937430.821395,40.0,50911.0
1719937430.985984,100.0,50911.0
1719937431.181322,100.0,50911.0
1719937431.377481,98.0,50911.0
1719937431.5428588,100.0,50911.0
1719937431.71381,100.0,50911.0
1719937431.9051378,100.0,50911.0
1719937432.0799592,52.0,50911.0
1719937432.2708564,52.0,50911.0
1719937432.45621,100.0,50911.0
1719937432.6477678,99.0,50911.0
1719937432.8787374,100.0,50911.0
1719937433.1166382,100.0,50911.0
1719937433.3249643,100.0,50911.0
1719937433.573288,5.0,50911.0
1719937433.7503142,92.0,50911.0
1719937433.945276,100.0,50911.0
1719937434.1264284,99.0,50911.0
1719937434.2832253,100.0,50911.0
1719937434.4532213,100.0,50911.0
1719937434.6242578,100.0,50911.0
1719937434.772448,76.0,50911.0
1719937434.9215462,57.0,50911.0
1719937435.0667996,100.0,50911.0
1719937435.2087398,100.0,50911.0
1719937435.3603153,99.0,50911.0
1719937435.5082583,100.0,50911.0
1719937435.6860552,100.0,50911.0
1719937435.8669653,100.0,50911.0
1719937436.057672,12.0,50911.0
1719937436.263631,88.0,50911.0
1719937436.4651494,100.0,50911.0
1719937436.646033,100.0,50911.0
1719937436.805823,99.0,50911.0
1719937436.9752796,100.0,50911.0
1719937437.146257,100.0,50911.0
1719937437.3172958,96.0,50911.0
1719937437.480902,96.0,50911.0
1719937437.6512613,87.0,50911.0
1719937437.8726907,87.0,50911.0
1719937438.0866635,97.0,50911.0
1719937438.3093557,100.0,50911.0
1719937438.493525,97.0,50911.0
1719937438.7016447,100.0,50911.0
1719937438.8576663,100.0,50911.0
1719937439.0320277,90.0,50911.0
1719937439.2080822,100.0,50911.0
1719937439.3561983,98.0,50911.0
1719937439.5044513,98.0,50911.0
1719937439.6524255,100.0,50911.0
1719937439.8006318,98.0,50911.0
1719937439.9514596,100.0,50911.0
1719937440.0985656,100.0,50911.0
1719937440.2457383,98.0,50911.0
1719937440.4361944,100.0,50911.0
1719937440.6040778,96.0,50911.0
1719937440.7860339,100.0,50911.0
1719937440.9562316,96.0,50911.0
1719937441.1774628,100.0,50911.0
1719937441.333872,100.0,50911.0
1719937441.5180273,74.0,50911.0
1719937441.6953874,100.0,50911.0
1719937441.8709307,100.0,50911.0
1719937442.0372722,99.0,50911.0
1719937442.2234325,100.0,50911.0
1719937442.3887527,100.0,50911.0
1719937442.5852156,100.0,50911.0
1719937442.8331187,22.0,50911.0
1719937443.1352339,100.0,50911.0
1719937443.3918314,99.0,50911.0
1719937443.6088696,100.0,50911.0
1719937443.7905545,100.0,50911.0
1719937443.981976,100.0,50911.0
1719937444.1690104,35.0,50911.0
1719937444.3207476,35.0,50911.0
1719937444.5268872,99.0,50911.0
1719937444.6882086,99.0,50911.0
1719937444.8367107,100.0,50911.0
1719937444.9852238,100.0,50911.0
1719937445.158345,100.0,50911.0
1719937445.3516653,100.0,50911.0
1719937445.5391524,36.0,50911.0
1719937445.744135,100.0,50911.0
1719937445.9462037,98.0,50911.0
1719937446.1034791,100.0,50911.0
1719937446.3102968,100.0,50911.0
1719937446.4736066,100.0,50911.0
1719937446.7824485,87.0,50911.0
1719937446.9602332,100.0,50911.0
1719937447.1390688,99.0,50911.0
1719937447.353735,100.0,50911.0
1719937447.5935204,100.0,50911.0
1719937447.8357747,100.0,50911.0
1719937448.0774577,33.0,50911.0
1719937448.2867603,70.0,50911.0
1719937448.4365406,100.0,50911.0
1719937448.6068509,99.0,50911.0
1719937448.7848933,99.0,50911.0
1719937448.9310827,100.0,50911.0
1719937449.078898,100.0,50911.0
1719937449.2281957,99.0,50911.0
1719937449.40364,99.0,50911.0
1719937449.553024,33.0,50911.0
1719937449.699435,100.0,50911.0
1719937449.8980246,98.0,50911.0
1719937450.0669296,100.0,50911.0
1719937450.2484336,100.0,50911.0
1719937450.4398994,100.0,50911.0
1719937450.622033,100.0,50911.0
1719937450.7904024,38.0,50911.0
1719937450.9799032,100.0,50911.0
1719937451.1384726,100.0,50911.0
1719937451.2985208,99.0,50911.0
1719937451.4730322,100.0,50911.0
1719937451.6492565,100.0,50911.0
1719937451.8203535,100.0,50911.0
1719937451.9976964,5.0,50911.0
1719937452.2397678,95.0,50911.0
1719937452.4217072,99.0,50911.0
1719937452.6468983,100.0,50911.0
1719937452.8714814,100.0,50911.0
1719937453.054034,100.0,50911.0
1719937453.2155476,100.0,50911.0
1719937453.406822,72.0,50911.0
1719937453.574823,44.0,50911.0
1719937453.7323816,100.0,50911.0
1719937453.880706,99.0,50911.0
1719937454.0323734,100.0,50911.0
1719937454.18084,100.0,50911.0
1719937454.330243,100.0,50911.0
1719937454.4786913,100.0,50911.0
1719937454.6288528,94.0,50911.0
1719937454.816108,100.0,50911.0
1719937455.0014186,97.0,50911.0
1719937455.17337,97.0,50911.0
1719937455.3510392,96.0,50911.0
1719937455.5869033,96.0,50911.0
1719937455.776851,100.0,50911.0
1719937455.9407513,96.0,50911.0
1719937456.1034691,100.0,50911.0
1719937456.267695,96.0,50911.0
1719937456.4578333,100.0,50911.0
1719937456.6262765,100.0,50911.0
1719937456.7847624,89.0,50911.0
1719937457.0087059,100.0,50911.0
1719937457.211038,97.0,50911.0
1719937457.4254472,100.0,50911.0
1719937457.5973854,100.0,50911.0
1719937457.8328764,97.0,50911.0
1719937457.9854856,97.0,50911.0
1719937458.1604824,100.0,50911.0
1719937458.3286479,95.0,50911.0
1719937458.4766154,100.0,50911.0
1719937458.6253195,39.0,50911.0
1719937458.7806737,39.0,50911.0
1719937458.9363,100.0,50911.0
1719937459.089871,99.0,50911.0
1719937459.2399366,99.0,50911.0
1719937459.3928366,100.0,50911.0
1719937459.5707638,100.0,50911.0
1719937459.7515924,100.0,50911.0
1719937459.9232461,48.0,50911.0
1719937460.1024983,76.0,50911.0
1719937460.2722495,100.0,50911.0
1719937460.4437056,98.0,50911.0
1719937460.6437454,98.0,50911.0
1719937460.8371298,100.0,50911.0
1719937461.0200167,92.0,50911.0
1719937461.2105656,9.0,50911.0
1719937461.4071698,100.0,50911.0
1719937461.6772866,99.0,50911.0
1719937461.9123414,100.0,50911.0
1719937462.1586695,100.0,50911.0
1719937462.3519611,100.0,50911.0
1719937462.6006174,60.0,50911.0
1719937462.7593195,47.0,50911.0
1719937462.9530656,100.0,50911.0
1719937463.1215975,98.0,50911.0
1719937463.2702856,100.0,50911.0
1719937463.4174428,100.0,50911.0
1719937463.565254,100.0,50911.0
1719937463.7141495,100.0,50911.0
1719937463.8620503,100.0,50911.0
1719937464.0692935,100.0,50911.0
1719937464.2260394,96.0,50911.0
1719937464.4073203,96.0,50911.0
1719937464.579093,100.0,50911.0
1719937464.760436,100.0,50911.0
1719937464.933504,100.0,50911.0
1719937465.1465256,65.0,50911.0
1719937465.3233,53.0,50911.0
1719937465.4902892,100.0,50911.0
1719937465.6805682,99.0,50911.0
1719937465.8515582,99.0,50911.0
1719937466.0296428,100.0,50911.0
1719937466.215758,100.0,50911.0
1719937466.3826046,100.0,50911.0
1719937466.6405404,15.0,50911.0
1719937466.8141618,58.0,50911.0
1719937467.047783,99.0,50911.0
1719937467.2783937,99.0,50911.0
1719937467.4584622,100.0,50911.0
1719937467.625379,100.0,50911.0
1719937467.791295,100.0,50911.0
1719937467.9887273,16.0,50911.0
1719937468.1357005,100.0,50911.0
1719937468.2945602,100.0,50911.0
1719937468.449761,94.0,50911.0
1719937468.5979776,100.0,50911.0
1719937468.747774,100.0,50911.0
1719937468.8950834,100.0,50911.0
1719937469.0884452,100.0,50911.0
1719937469.3195295,67.0,50911.0
1719937469.5124903,100.0,50911.0
1719937469.706374,98.0,50911.0
1719937469.9326243,100.0,50911.0
1719937470.0935035,100.0,50911.0
1719937470.2696357,100.0,50911.0
1719937470.4467628,100.0,50911.0
1719937470.641533,22.0,50911.0
1719937470.8064628,98.0,50911.0
1719937470.9775558,99.0,50911.0
1719937471.1378927,100.0,50911.0
1719937471.3638198,100.0,50911.0
1719937471.5802217,100.0,50911.0
1719937471.7957058,96.0,50911.0
1719937471.964149,100.0,50911.0
1719937472.186417,97.0,50911.0
1719937472.361159,100.0,50911.0
1719937472.5399737,96.0,50911.0
1719937472.7152472,96.0,50911.0
1719937472.9360983,100.0,50911.0
1719937473.0843093,97.0,50911.0
1719937473.2301676,100.0,50911.0
1719937473.3804657,100.0,50911.0
1719937473.5284514,98.0,50911.0
1719937473.674697,100.0,50911.0
1719937473.8357332,92.0,50911.0
1719937474.0161693,100.0,50911.0
1719937474.189287,97.0,50911.0
1719937474.3545291,100.0,50911.0
1719937474.5251493,100.0,50911.0
1719937474.7445996,83.0,50911.0
1719937474.9048705,100.0,50911.0
1719937475.0585725,92.0,50911.0
1719937475.2182825,100.0,50911.0
1719937475.382532,97.0,50911.0
1719937475.5688066,100.0,50911.0
1719937475.759381,70.0,50911.0
1719937476.0248935,6.0,50911.0
1719937476.2583046,100.0,50911.0
1719937476.4790492,99.0,50911.0
1719937476.652648,100.0,50911.0
1719937476.8634756,100.0,50911.0
1719937477.0255756,100.0,50911.0
1719937477.2069366,63.0,50911.0
1719937477.3749287,63.0,50911.0
1719937477.525752,66.0,50911.0
1719937477.6821604,100.0,50911.0
1719937477.8293028,99.0,50911.0
1719937477.9695108,100.0,50911.0
1719937478.1262994,100.0,50911.0
1719937478.2731998,100.0,50911.0
1719937478.459802,100.0,50911.0
1719937478.6541586,6.0,50911.0
1719937478.837485,100.0,50911.0
1719937479.0095427,99.0,50911.0
1719937479.1791098,100.0,50911.0
1719937479.359569,100.0,50911.0
1719937479.5528545,100.0,50911.0
