timestamp,gpu_util,gpu_mem
1719940011.2115219,0.0,4.0
1719940011.3480797,0.0,4.0
1719940011.4817815,0.0,4.0
1719940011.6176522,0.0,21.0
1719940011.7615786,0.0,633.0
1719940011.893227,0.0,633.0
1719940012.023342,7.0,633.0
1719940012.166256,0.0,633.0
1719940012.300827,0.0,633.0
1719940012.4337137,0.0,633.0
1719940012.5651026,0.0,633.0
1719940012.6971834,0.0,965.0
1719940012.833476,0.0,965.0
1719940012.9767118,11.0,1093.0
1719940013.1113882,3.0,1221.0
1719940013.2471418,3.0,1349.0
1719940013.3848686,3.0,1349.0
1719940013.5213954,3.0,1477.0
1719940013.6608062,3.0,1605.0
1719940013.7981102,3.0,1733.0
1719940013.9763772,3.0,1861.0
1719940014.1139257,3.0,1989.0
1719940014.2510948,3.0,1989.0
1719940014.4867287,3.0,2117.0
1719940014.6218948,3.0,2117.0
1719940014.753855,0.0,2321.0
1719940014.897384,8.0,3319.0
1719940015.040311,8.0,8141.0
1719940015.1907358,37.0,8151.0
1719940015.3383517,64.0,8157.0
1719940015.4861643,64.0,8157.0
1719940015.6608486,98.0,8157.0
1719940015.810645,99.0,8157.0
1719940015.9626,98.0,8157.0
1719940016.1106563,98.0,8157.0
1719940016.2605274,72.0,8157.0
1719940016.4074614,72.0,8157.0
1719940016.5572188,82.0,8157.0
1719940016.70534,78.0,8157.0
1719940016.8561497,89.0,11295.0
1719940017.0096307,89.0,28963.0
1719940017.1621094,96.0,28963.0
1719940017.3079045,96.0,28963.0
1719940017.4516096,96.0,28963.0
1719940017.5924127,100.0,28963.0
1719940017.7303035,96.0,28963.0
1719940017.8663893,96.0,28963.0
1719940018.0723102,100.0,28963.0
1719940018.2104409,96.0,28963.0
1719940018.3470502,100.0,28963.0
1719940018.4835825,100.0,28963.0
1719940018.6195688,96.0,28963.0
1719940018.7553186,100.0,28963.0
1719940018.8928351,96.0,28963.0
1719940019.0280395,96.0,28963.0
1719940019.1652918,100.0,28963.0
1719940019.3036258,96.0,28963.0
1719940019.4396768,96.0,28963.0
1719940019.581331,100.0,28963.0
1719940019.739369,96.0,28963.0
1719940019.894738,100.0,28963.0
1719940020.0442035,100.0,28963.0
1719940020.1881425,96.0,28963.0
1719940020.3362956,100.0,28963.0
1719940020.4797835,100.0,28963.0
1719940020.6210592,96.0,28963.0
1719940020.766531,100.0,28963.0
1719940020.9075658,100.0,28963.0
1719940021.0582943,98.0,28963.0
1719940021.2130888,98.0,28963.0
1719940021.3633485,98.0,28963.0
1719940021.5154996,98.0,28963.0
1719940021.6627362,98.0,28963.0
1719940021.8175626,80.0,28963.0
1719940021.9629378,78.0,28963.0
1719940022.1113317,68.0,28963.0
1719940022.2622283,68.0,28963.0
1719940022.4115062,82.0,28963.0
1719940022.5607579,75.0,28963.0
1719940022.7156463,97.0,28963.0
1719940022.8715165,97.0,28963.0
1719940023.093909,100.0,28963.0
1719940023.249463,97.0,28963.0
1719940023.404133,100.0,28963.0
1719940023.5517242,100.0,28963.0
1719940023.6924076,92.0,28963.0
1719940023.8293953,100.0,28963.0
1719940023.963854,100.0,28963.0
1719940024.1024575,100.0,28963.0
1719940024.2420635,100.0,28963.0
1719940024.3775122,98.0,28963.0
1719940024.5125449,98.0,28963.0
1719940024.6474342,100.0,28963.0
1719940024.783572,98.0,28963.0
1719940024.9188974,98.0,28963.0
1719940025.0534282,100.0,28963.0
1719940025.1897871,98.0,28963.0
1719940025.3253753,98.0,28963.0
1719940025.4635973,100.0,28963.0
1719940025.599933,98.0,28963.0
1719940025.7358422,98.0,28963.0
1719940025.8707006,100.0,28963.0
1719940026.010233,98.0,28963.0
1719940026.1500814,98.0,28963.0
1719940026.2936633,100.0,28963.0
1719940026.4454575,98.0,28963.0
1719940026.5939188,100.0,28963.0
1719940026.7383308,100.0,28963.0
1719940026.8817606,93.0,28963.0
1719940027.03106,98.0,28963.0
1719940027.1837964,98.0,28963.0
1719940027.335314,98.0,28963.0
1719940027.4843044,99.0,28963.0
1719940027.6315718,75.0,28963.0
1719940027.781068,84.0,28963.0
1719940027.927689,74.0,28963.0
1719940028.0756018,74.0,28963.0
1719940028.228392,74.0,28963.0
1719940028.3760188,75.0,28963.0
1719940028.5271537,97.0,28963.0
1719940028.6777434,97.0,28963.0
1719940028.8268373,100.0,28963.0
1719940028.9702437,100.0,28963.0
1719940029.1135473,98.0,28963.0
1719940029.2540183,100.0,28963.0
1719940029.3898692,100.0,28963.0
1719940029.5283952,98.0,28963.0
1719940029.6667812,100.0,28963.0
1719940029.802752,98.0,28963.0
1719940029.9375348,98.0,28963.0
1719940030.074552,100.0,28963.0
1719940030.211537,98.0,28963.0
1719940030.3463588,98.0,28963.0
1719940030.4866495,100.0,28963.0
1719940030.6223094,98.0,28963.0
1719940030.7571676,98.0,28963.0
1719940030.8940759,100.0,28963.0
1719940031.0290818,98.0,28963.0
1719940031.1653707,97.0,28963.0
1719940031.3233824,97.0,28963.0
1719940031.476719,93.0,28963.0
1719940031.623522,100.0,28963.0
1719940031.7635064,100.0,28963.0
1719940031.9031115,98.0,28963.0
1719940032.0581908,100.0,28963.0
1719940032.2072792,98.0,28963.0
1719940032.3507776,98.0,28963.0
1719940032.4897277,100.0,28963.0
1719940032.6315334,97.0,28963.0
1719940032.777584,97.0,28963.0
1719940032.9250717,98.0,28963.0
1719940033.0700507,99.0,28963.0
1719940033.2145052,89.0,28963.0
1719940033.363337,89.0,28963.0
1719940033.5124383,76.0,28963.0
1719940033.6584227,76.0,28963.0
1719940033.8055613,76.0,28963.0
1719940033.9537497,76.0,28963.0
1719940034.1003888,76.0,28963.0
1719940034.247083,89.0,28963.0
1719940034.3938546,100.0,28963.0
1719940034.540999,100.0,28963.0
1719940034.6849272,94.0,28963.0
1719940034.8257978,94.0,28963.0
1719940034.9704201,100.0,28963.0
1719940035.114839,98.0,28963.0
1719940035.2568183,100.0,28963.0
1719940035.401205,98.0,28963.0
1719940035.5443952,98.0,28963.0
1719940035.686127,100.0,28963.0
1719940035.8203857,98.0,28963.0
1719940035.9552758,98.0,28963.0
1719940036.0909147,100.0,28963.0
1719940036.2245383,98.0,28963.0
1719940036.360121,98.0,28963.0
1719940036.4933136,100.0,28963.0
1719940036.6272423,98.0,28963.0
1719940036.7603478,98.0,28963.0
1719940036.894485,100.0,28963.0
1719940037.0279217,98.0,28963.0
1719940037.1622288,98.0,28963.0
1719940037.2951064,100.0,28963.0
1719940037.431121,98.0,28963.0
1719940037.5646617,98.0,28963.0
1719940037.6984487,100.0,28963.0
1719940037.8317726,98.0,28963.0
1719940037.9665096,98.0,28963.0
1719940038.0996814,100.0,28963.0
1719940038.2341676,98.0,28963.0
1719940038.3743858,98.0,28963.0
1719940038.5210366,99.0,28963.0
1719940038.6687765,98.0,28963.0
1719940038.8140001,98.0,28963.0
1719940038.9625592,98.0,28963.0
1719940039.110077,83.0,28963.0
1719940039.2568324,72.0,28963.0
1719940039.4027243,72.0,28963.0
1719940039.5853844,75.0,28963.0
1719940039.7325418,81.0,28963.0
1719940039.8796115,78.0,28963.0
1719940040.0252404,97.0,28963.0
1719940040.1718314,97.0,28963.0
1719940040.3167214,100.0,28963.0
1719940040.4608898,98.0,28963.0
1719940040.6001797,98.0,28963.0
1719940040.7346237,100.0,28963.0
1719940040.8691761,98.0,28963.0
1719940041.002022,98.0,28963.0
1719940041.135915,100.0,28963.0
1719940041.271696,98.0,28963.0
1719940041.408614,98.0,28963.0
1719940041.5426176,100.0,28963.0
1719940041.677717,98.0,28963.0
1719940041.8129926,98.0,28963.0
1719940041.9453526,100.0,28963.0
1719940042.0782263,98.0,28963.0
1719940042.21311,98.0,28963.0
1719940042.3454635,100.0,28963.0
1719940042.4786148,100.0,28963.0
1719940042.612366,98.0,28963.0
1719940042.7459826,100.0,28963.0
1719940042.8786566,98.0,28963.0
1719940043.0136666,98.0,28963.0
1719940043.146539,100.0,28963.0
1719940043.2808192,98.0,28963.0
1719940043.4148386,100.0,28963.0
1719940043.5577612,100.0,28963.0
1719940043.697782,98.0,28963.0
1719940043.8352726,100.0,28963.0
1719940043.9698012,100.0,28963.0
1719940044.1082408,98.0,28963.0
1719940044.2609794,98.0,28963.0
1719940044.4073753,98.0,28963.0
1719940044.5520732,98.0,28963.0
1719940044.6991293,99.0,28963.0
1719940044.846044,79.0,28963.0
1719940044.9920382,79.0,28963.0
1719940045.1375082,77.0,28963.0
1719940045.2855785,75.0,28963.0
1719940045.436508,75.0,28963.0
1719940045.583755,76.0,28963.0
1719940045.729,79.0,28963.0
1719940045.8754296,100.0,28963.0
1719940046.021357,100.0,28963.0
1719940046.1638012,96.0,28963.0
1719940046.3051326,100.0,28963.0
1719940046.4422545,100.0,28963.0
1719940046.577565,96.0,28963.0
1719940046.7135108,100.0,28963.0
1719940046.8464184,100.0,28963.0
1719940046.9812992,95.0,28963.0
1719940047.1140015,95.0,28963.0
1719940047.248522,98.0,28963.0
1719940047.383868,98.0,28963.0
1719940047.5186138,100.0,28963.0
1719940047.6531763,98.0,28963.0
1719940047.7861133,98.0,28963.0
1719940047.9205194,100.0,28963.0
1719940048.0542424,100.0,28963.0
1719940048.1874785,98.0,28963.0
1719940048.321864,100.0,28963.0
1719940048.4545355,100.0,28963.0
1719940048.5887635,98.0,28963.0
1719940048.7213557,100.0,28963.0
1719940048.8549576,100.0,28963.0
1719940048.987686,98.0,28963.0
1719940049.1215506,100.0,28963.0
1719940049.2553961,100.0,28963.0
1719940049.389202,98.0,28963.0
1719940049.5225973,100.0,28963.0
1719940049.655761,100.0,28963.0
1719940049.7922788,98.0,28963.0
1719940049.9401596,99.0,28963.0
1719940050.08472,99.0,28963.0
1719940050.2460437,99.0,28963.0
1719940050.3921037,91.0,28963.0
1719940050.538391,91.0,28963.0
1719940050.6843028,77.0,28963.0
1719940050.8314562,77.0,28963.0
1719940050.9799516,72.0,28963.0
1719940051.126486,82.0,28963.0
1719940051.2785516,77.0,28963.0
1719940051.4293554,77.0,28963.0
1719940051.5813565,93.0,28963.0
1719940051.7307608,100.0,28963.0
1719940051.8764358,100.0,28963.0
1719940052.0195222,98.0,28963.0
1719940052.159494,100.0,28963.0
1719940052.298886,100.0,28963.0
1719940052.4349518,98.0,28963.0
1719940052.5719411,100.0,28963.0
1719940052.7051873,95.0,28963.0
1719940052.8413897,95.0,28963.0
1719940052.9785354,100.0,28963.0
1719940053.1134558,94.0,28963.0
1719940053.2505984,94.0,28963.0
1719940053.387099,100.0,28963.0
1719940053.5232317,94.0,28963.0
1719940053.6599665,94.0,28963.0
1719940053.7956548,100.0,28963.0
1719940053.9326,95.0,28963.0
1719940054.0695915,95.0,28963.0
1719940054.2042918,100.0,28963.0
1719940054.3382902,98.0,28963.0
1719940054.4738736,98.0,28963.0
1719940054.6098711,100.0,28963.0
1719940054.7450814,98.0,28963.0
1719940054.8814607,98.0,28963.0
1719940055.0173938,100.0,28963.0
1719940055.1525805,98.0,28963.0
1719940055.2904012,98.0,28963.0
1719940055.4253309,100.0,28963.0
1719940055.5672462,98.0,28963.0
1719940055.7166474,98.0,28963.0
1719940055.8734717,98.0,28963.0
1719940056.0274112,98.0,28963.0
1719940056.1804132,98.0,28963.0
1719940056.3278234,98.0,28963.0
1719940056.4825766,71.0,28963.0
1719940056.6388316,71.0,28963.0
1719940056.7923772,75.0,28963.0
1719940056.9388196,77.0,28963.0
1719940057.0895522,77.0,28963.0
1719940057.2451837,77.0,28963.0
1719940057.3994083,97.0,28963.0
1719940057.5511875,97.0,28963.0
1719940057.6972163,100.0,28963.0
1719940057.8453307,96.0,28963.0
1719940057.9845665,96.0,28963.0
1719940058.1210852,98.0,28963.0
1719940058.2591982,98.0,28963.0
1719940058.3971467,98.0,28963.0
1719940058.5338993,98.0,28963.0
1719940058.669527,98.0,28963.0
1719940058.8058887,100.0,28963.0
1719940058.9411576,98.0,28963.0
1719940059.0774732,98.0,28963.0
1719940059.2123706,100.0,28963.0
1719940059.3477588,98.0,28963.0
1719940059.4849465,98.0,28963.0
1719940059.6196551,100.0,28963.0
1719940059.7565188,98.0,28963.0
1719940059.8923616,98.0,28963.0
1719940060.0284011,100.0,28963.0
1719940060.1654828,98.0,28963.0
1719940060.3019478,98.0,28963.0
1719940060.4370823,100.0,28963.0
1719940060.5738873,98.0,28963.0
1719940060.7086647,98.0,28963.0
1719940060.846021,100.0,28963.0
1719940060.9827335,98.0,28963.0
1719940061.1176107,98.0,28963.0
1719940061.2539866,100.0,28963.0
1719940061.3968441,98.0,28963.0
1719940061.5482435,98.0,28963.0
1719940061.6999247,98.0,28963.0
1719940061.8513412,99.0,28963.0
1719940061.9992814,90.0,28963.0
1719940062.150311,90.0,28963.0
1719940062.3252296,76.0,28963.0
1719940062.4833386,76.0,28963.0
1719940062.633058,76.0,28963.0
1719940062.782476,76.0,28963.0
1719940062.9365547,89.0,28963.0
1719940063.0872083,89.0,28963.0
1719940063.2396972,100.0,28963.0
1719940063.3868294,98.0,28963.0
1719940063.5302765,98.0,28963.0
1719940063.6721606,100.0,28963.0
1719940063.811139,98.0,28963.0
1719940063.9519854,98.0,28963.0
1719940064.0968056,100.0,28963.0
1719940064.239224,94.0,28963.0
1719940064.3812966,94.0,28963.0
1719940064.538622,100.0,28963.0
1719940064.67649,98.0,28963.0
1719940064.8161497,100.0,28963.0
1719940064.9563065,100.0,28963.0
1719940065.1038427,98.0,28963.0
1719940065.2521944,100.0,28963.0
1719940065.3958118,98.0,28963.0
1719940065.5346498,98.0,28963.0
1719940065.6823046,100.0,28963.0
1719940065.8312638,96.0,28963.0
1719940065.9791148,100.0,28963.0
1719940066.1302652,100.0,28963.0
1719940066.283157,98.0,28963.0
1719940066.4379776,100.0,28963.0
1719940066.5915601,98.0,28963.0
1719940066.7368178,98.0,28963.0
1719940066.8873055,100.0,28963.0
1719940067.039442,93.0,28963.0
1719940067.1876028,98.0,28963.0
1719940067.339256,98.0,28963.0
1719940067.49392,98.0,28963.0
1719940067.6436841,98.0,28963.0
1719940067.7974696,98.0,28963.0
1719940067.957289,77.0,28963.0
1719940068.1532986,77.0,28963.0
1719940068.3046436,77.0,28963.0
1719940068.4548802,73.0,28963.0
1719940068.610087,75.0,28963.0
1719940068.764367,91.0,28963.0
1719940068.9199123,91.0,28963.0
1719940069.0720031,100.0,28963.0
1719940069.2233884,100.0,28963.0
1719940069.3719103,98.0,28963.0
1719940069.563152,100.0,28963.0
1719940069.7029917,98.0,28963.0
1719940069.8410065,100.0,28963.0
1719940069.9781697,100.0,28963.0
1719940070.1135094,98.0,28963.0
1719940070.2502062,100.0,28963.0
1719940070.3863194,100.0,28963.0
1719940070.5212917,98.0,28963.0
1719940070.6568315,100.0,28963.0
1719940070.791524,100.0,28963.0
1719940070.9265482,98.0,28963.0
1719940071.0618644,100.0,28963.0
1719940071.1984909,100.0,28963.0
1719940071.3401573,98.0,28963.0
1719940071.4782426,100.0,28963.0
1719940071.6141405,100.0,28963.0
1719940071.7515113,98.0,28963.0
1719940071.8859422,100.0,28963.0
1719940072.0217776,100.0,28963.0
1719940072.1584039,95.0,28963.0
1719940072.2929657,100.0,28963.0
1719940072.4299712,100.0,28963.0
1719940072.564737,95.0,28963.0
1719940072.7004032,100.0,28963.0
1719940072.833488,100.0,28963.0
1719940072.9760568,99.0,28963.0
1719940073.1259403,99.0,28963.0
1719940073.2782109,98.0,28963.0
1719940073.4317727,98.0,28963.0
1719940073.583041,73.0,28963.0
1719940073.7338758,73.0,28963.0
1719940073.8866506,84.0,28963.0
1719940074.0407665,75.0,28963.0
1719940074.190349,75.0,28963.0
1719940074.3404634,68.0,28963.0
1719940074.4929242,85.0,28963.0
1719940074.6492672,88.0,28963.0
1719940074.7991483,88.0,28963.0
1719940074.9978592,100.0,28963.0
1719940075.140092,98.0,28963.0
1719940075.2792413,98.0,28963.0
1719940075.4162872,100.0,28963.0
1719940075.5505037,98.0,28963.0
1719940075.683629,100.0,28963.0
1719940075.8182886,97.0,28963.0
1719940075.9511209,97.0,28963.0
1719940076.0845282,100.0,28963.0
1719940076.2173135,95.0,28963.0
1719940076.3512151,95.0,28963.0
1719940076.4835782,100.0,28963.0
1719940076.6180375,100.0,28963.0
1719940076.7506762,96.0,28963.0
1719940076.8836954,100.0,28963.0
1719940077.0165782,100.0,28963.0
1719940077.1492693,96.0,28963.0
1719940077.2833612,100.0,28963.0
1719940077.4175434,100.0,28963.0
1719940077.5514066,96.0,28963.0
1719940077.6838052,100.0,28963.0
1719940077.817577,100.0,28963.0
1719940077.9503958,96.0,28963.0
1719940078.0845454,100.0,28963.0
1719940078.2171404,100.0,28963.0
1719940078.3525598,96.0,28963.0
1719940078.4847636,100.0,28963.0
1719940078.6184556,100.0,28963.0
1719940078.7570233,96.0,28963.0
1719940078.910428,98.0,28963.0
1719940079.0613399,98.0,28963.0
1719940079.2168818,99.0,28963.0
1719940079.3652892,99.0,28963.0
1719940079.5167642,77.0,28963.0
1719940079.6672442,73.0,28963.0
1719940079.8190897,80.0,28963.0
1719940079.967675,80.0,28963.0
1719940080.1202543,76.0,28963.0
1719940080.2746317,71.0,28963.0
1719940080.4255064,97.0,28963.0
1719940080.5773098,97.0,28963.0
1719940080.7252562,100.0,28963.0
1719940080.8699098,100.0,28963.0
1719940081.0102763,98.0,28963.0
1719940081.1524487,100.0,28963.0
1719940081.295448,98.0,28963.0
1719940081.437502,98.0,28963.0
1719940081.5752013,100.0,28963.0
1719940081.7107217,98.0,28963.0
1719940081.851485,100.0,28963.0
1719940081.9901657,100.0,28963.0
1719940082.13319,98.0,28963.0
1719940082.2705047,100.0,28963.0
1719940082.4062915,100.0,28963.0
1719940082.540277,95.0,28963.0
1719940082.674961,100.0,28963.0
1719940082.8082833,100.0,28963.0
1719940082.9437182,95.0,28963.0
1719940083.0859017,100.0,28963.0
1719940083.225666,100.0,28963.0
1719940083.3683174,94.0,28963.0
1719940083.507192,100.0,28963.0
1719940083.6525464,100.0,28963.0
1719940083.7953024,98.0,28963.0
1719940083.9328856,100.0,28963.0
1719940084.0694103,100.0,28963.0
1719940084.2051384,98.0,28963.0
1719940084.3413513,100.0,28963.0
1719940084.4844217,100.0,28963.0
1719940084.6405282,94.0,28963.0
1719940084.7956414,94.0,28963.0
1719940084.9474442,98.0,28963.0
1719940085.100246,99.0,28963.0
1719940085.2592082,75.0,28963.0
1719940085.4136817,75.0,28963.0
1719940085.5664618,76.0,28963.0
1719940085.7199984,74.0,28963.0
1719940085.8762443,72.0,28963.0
1719940086.0319629,72.0,28963.0
1719940086.1848233,77.0,28963.0
1719940086.3380907,97.0,28963.0
1719940086.4880157,97.0,28963.0
1719940086.6564243,100.0,28963.0
1719940086.802264,93.0,28963.0
1719940086.9438417,100.0,28963.0
1719940087.0840244,98.0,28963.0
1719940087.2358801,98.0,28963.0
1719940087.3853276,100.0,28963.0
1719940087.5342574,98.0,28963.0
1719940087.683746,98.0,28963.0
1719940087.8329036,98.0,28963.0
1719940087.9804296,94.0,28963.0
1719940088.1224349,100.0,28963.0
1719940088.2602937,100.0,28963.0
1719940088.3992918,98.0,28963.0
1719940088.533847,100.0,28963.0
1719940088.6721797,100.0,28963.0
1719940088.8156521,98.0,28963.0
1719940088.9560835,100.0,28963.0
1719940089.1002862,98.0,28963.0
1719940089.2421806,98.0,28963.0
1719940089.3834915,100.0,28963.0
1719940089.5259886,98.0,28963.0
1719940089.6630802,98.0,28963.0
1719940089.8046165,98.0,28963.0
1719940089.9494455,100.0,28963.0
1719940090.0904374,100.0,28963.0
1719940090.234131,99.0,28963.0
1719940090.3792117,96.0,28963.0
1719940090.52585,96.0,28963.0
1719940090.6780527,99.0,28963.0
1719940090.8349383,99.0,28963.0
1719940090.9886715,84.0,28963.0
1719940091.140698,76.0,28963.0
1719940091.2901568,76.0,28963.0
1719940091.439061,76.0,28963.0
1719940091.5846043,76.0,28963.0
1719940091.7363622,76.0,28963.0
1719940091.886984,76.0,28963.0
1719940092.0357733,77.0,28963.0
1719940092.1860223,99.0,28963.0
1719940092.334995,98.0,28963.0
1719940092.4802234,98.0,28963.0
1719940092.6244278,100.0,28963.0
1719940092.7609634,98.0,28963.0
1719940092.9084165,100.0,28963.0
1719940093.0515132,100.0,28963.0
1719940093.1928616,98.0,28963.0
1719940093.33088,100.0,28963.0
1719940093.4664404,100.0,28963.0
1719940093.6019936,98.0,28963.0
1719940093.7354732,100.0,28963.0
1719940093.8684323,100.0,28963.0
1719940094.0013673,97.0,28963.0
1719940094.1345484,97.0,28963.0
1719940094.2672787,100.0,28963.0
1719940094.4014356,97.0,28963.0
1719940094.534278,97.0,28963.0
1719940094.668341,100.0,28963.0
1719940094.8011456,95.0,28963.0
1719940094.935497,95.0,28963.0
1719940095.0680523,100.0,28963.0
1719940095.2019422,96.0,28963.0
1719940095.3374553,96.0,28963.0
1719940095.471049,100.0,28963.0
1719940095.6039243,96.0,28963.0
1719940095.7378378,96.0,28963.0
1719940095.8699667,100.0,28963.0
1719940096.0033355,97.0,28963.0
1719940096.1390128,98.0,28963.0
1719940096.285634,98.0,28963.0
1719940096.43112,99.0,28963.0
1719940096.575379,98.0,28963.0
1719940096.7195268,84.0,28963.0
1719940096.8723004,84.0,28963.0
1719940097.0191066,77.0,28963.0
1719940097.1632514,74.0,28963.0
1719940097.3115747,74.0,28963.0
1719940097.4572551,78.0,28963.0
1719940097.602649,77.0,28963.0
1719940097.7472146,97.0,28963.0
1719940097.8941329,97.0,28963.0
1719940098.0428019,100.0,28963.0
1719940098.1853049,94.0,28963.0
1719940098.3211129,94.0,28963.0
1719940098.4593346,100.0,28963.0
1719940098.5931141,95.0,28963.0
1719940098.7283025,95.0,28963.0
1719940098.8614614,100.0,28963.0
1719940098.9966145,95.0,28963.0
1719940099.1298838,95.0,28963.0
1719940099.264241,100.0,28963.0
1719940099.3970635,95.0,28963.0
1719940099.5308912,95.0,28963.0
1719940099.6634562,100.0,28963.0
1719940099.7980442,100.0,28963.0
1719940099.9310486,95.0,28963.0
1719940100.064047,100.0,28963.0
1719940100.1973372,95.0,28963.0
1719940100.3319354,95.0,28963.0
1719940100.465396,100.0,28963.0
1719940100.59945,95.0,28963.0
1719940100.732306,95.0,28963.0
1719940100.8656077,100.0,28963.0
1719940100.998895,95.0,28963.0
1719940101.1329195,95.0,28963.0
1719940101.2660472,100.0,28963.0
1719940101.4003513,96.0,28963.0
1719940101.5352395,96.0,28963.0
1719940101.671768,100.0,28963.0
1719940101.8081224,97.0,28963.0
1719940101.9469085,97.0,28963.0
1719940102.092135,99.0,28963.0
1719940102.2400377,98.0,28963.0
1719940102.3889966,98.0,28963.0
1719940102.5339556,98.0,28963.0
1719940102.6807952,80.0,28963.0
1719940102.8296041,77.0,28963.0
1719940102.9760296,77.0,28963.0
1719940103.121949,81.0,28963.0
1719940103.269227,76.0,28963.0
1719940103.4159405,77.0,28963.0
1719940103.563482,97.0,28963.0
1719940103.7083929,97.0,28963.0
1719940103.8548486,100.0,28963.0
1719940103.9971561,98.0,28963.0
1719940104.1349342,98.0,28963.0
1719940104.269345,100.0,28963.0
1719940104.4038723,98.0,28963.0
1719940104.5384727,98.0,28963.0
1719940104.6711001,100.0,28963.0
1719940104.8048117,98.0,28963.0
1719940104.9374616,98.0,28963.0
1719940105.0716023,100.0,28963.0
1719940105.2044222,98.0,28963.0
1719940105.3387175,98.0,28963.0
1719940105.4725168,100.0,28963.0
1719940105.607074,98.0,28963.0
1719940105.740388,98.0,28963.0
1719940105.8741922,100.0,28963.0
1719940106.006819,98.0,28963.0
1719940106.141426,98.0,28963.0
1719940106.2738345,100.0,28963.0
1719940106.4079998,100.0,28963.0
1719940106.5414622,98.0,28963.0
1719940106.6749294,100.0,28963.0
1719940106.8074348,100.0,28963.0
1719940106.9434953,98.0,28963.0
1719940107.0760477,100.0,28963.0
1719940107.2101068,100.0,28963.0
1719940107.3451111,98.0,28963.0
1719940107.4794784,100.0,28963.0
1719940107.614816,98.0,28963.0
1719940107.767513,92.0,28963.0
1719940107.9138584,92.0,28963.0
1719940108.059556,99.0,28963.0
1719940108.2077842,98.0,28963.0
1719940108.3565655,98.0,28963.0
1719940108.5015273,76.0,28963.0
1719940108.6455834,76.0,28963.0
1719940108.795052,77.0,28963.0
1719940108.9403594,77.0,28963.0
1719940109.0851433,76.0,28963.0
1719940109.2324185,86.0,28963.0
1719940109.3805597,86.0,28963.0
1719940109.5276277,100.0,28963.0
1719940109.6738,98.0,28963.0
1719940109.8146896,98.0,28963.0
1719940109.9591773,100.0,28963.0
1719940110.1003323,94.0,28963.0
1719940110.2385614,100.0,28963.0
1719940110.3766866,100.0,28963.0
1719940110.5143611,95.0,28963.0
1719940110.652926,100.0,28963.0
1719940110.7878585,100.0,28963.0
1719940110.9219427,98.0,28963.0
1719940111.0571208,98.0,28963.0
1719940111.1903372,100.0,28963.0
1719940111.32755,98.0,28963.0
1719940111.464982,98.0,28963.0
1719940111.597965,100.0,28963.0
1719940111.732494,98.0,28963.0
1719940111.8658242,100.0,28963.0
1719940112.000363,100.0,28963.0
1719940112.1339855,98.0,28963.0
1719940112.268789,98.0,28963.0
1719940112.4033642,98.0,28963.0
1719940112.5436218,98.0,28963.0
1719940112.6819723,100.0,28963.0
1719940112.8251464,98.0,28963.0
1719940112.9641538,98.0,28963.0
1719940113.0991669,100.0,28963.0
1719940113.234378,100.0,28963.0
1719940113.3729188,98.0,28963.0
1719940113.5205112,99.0,28963.0
1719940113.6665857,94.0,28963.0
1719940113.8132648,98.0,28963.0
1719940113.9608738,98.0,28963.0
1719940114.108002,83.0,28963.0
1719940114.2539227,78.0,28963.0
1719940114.4011629,78.0,28963.0
1719940114.5520854,76.0,28963.0
1719940114.7011032,75.0,28963.0
1719940114.8476949,76.0,28963.0
1719940114.994116,76.0,28963.0
1719940115.2072585,97.0,28963.0
1719940115.359522,100.0,28963.0
1719940115.501955,98.0,28963.0
1719940115.6486418,100.0,28963.0
1719940115.7985666,100.0,28963.0
1719940115.9455297,98.0,28963.0
1719940116.0858068,98.0,28963.0
1719940116.2274384,100.0,28963.0
1719940116.3745909,98.0,28963.0
1719940116.5193517,100.0,28963.0
1719940116.660811,94.0,28963.0
1719940116.7991083,94.0,28963.0
1719940116.935405,100.0,28963.0
1719940117.070285,95.0,28963.0
1719940117.2054708,95.0,28963.0
1719940117.3428893,100.0,28963.0
1719940117.4820719,98.0,28963.0
1719940117.6217122,98.0,28963.0
1719940117.761456,100.0,28963.0
1719940117.9021919,98.0,28963.0
1719940118.0439498,98.0,28963.0
1719940118.181868,100.0,28963.0
1719940118.317378,98.0,28963.0
1719940118.45684,98.0,28963.0
1719940118.598044,100.0,28963.0
1719940118.737777,98.0,28963.0
1719940118.873538,98.0,28963.0
1719940119.0097075,100.0,28963.0
1719940119.1540744,98.0,28963.0
1719940119.3047512,98.0,28963.0
1719940119.454777,98.0,28963.0
1719940119.6010091,98.0,28963.0
1719940119.7490733,90.0,28963.0
1719940119.896249,78.0,28963.0
1719940120.0437357,82.0,28963.0
1719940120.189595,82.0,28963.0
1719940120.3382304,76.0,28963.0
1719940120.4842663,74.0,28963.0
1719940120.6287844,74.0,28963.0
1719940120.7746787,81.0,28963.0
1719940120.92208,97.0,28963.0
1719940121.0716252,97.0,28963.0
1719940121.2495935,100.0,28963.0
1719940121.391421,98.0,28963.0
1719940121.533538,100.0,28963.0
1719940121.6729856,98.0,28963.0
1719940121.809757,98.0,28963.0
1719940121.9609756,100.0,28963.0
1719940122.104768,100.0,28963.0
1719940122.243261,98.0,28963.0
1719940122.380624,100.0,28963.0
1719940122.5159962,98.0,28963.0
1719940122.6510816,98.0,28963.0
1719940122.794209,100.0,28963.0
1719940122.9359865,98.0,28963.0
1719940123.0760899,97.0,28963.0
1719940123.2157617,97.0,28963.0
1719940123.3597333,98.0,28963.0
1719940123.4992735,99.0,28963.0
1719940123.6409566,99.0,28963.0
1719940123.7798784,98.0,28963.0
1719940123.916778,98.0,28963.0
1719940124.052353,98.0,28963.0
1719940124.1935256,100.0,28963.0
1719940124.332525,98.0,28963.0
1719940124.4710443,98.0,28963.0
1719940124.6100657,100.0,28963.0
1719940124.7555242,99.0,28963.0
1719940124.8986204,99.0,28963.0
1719940125.0481913,98.0,28963.0
1719940125.1951916,99.0,28963.0
1719940125.3436663,99.0,28963.0
1719940125.4947863,83.0,28963.0
1719940125.644168,83.0,28963.0
1719940125.7911186,77.0,28963.0
1719940125.940844,76.0,28963.0
1719940126.0897317,76.0,28963.0
1719940126.2413218,76.0,28963.0
1719940126.3885329,76.0,28963.0
1719940126.5351038,94.0,28963.0
1719940126.6826506,94.0,28963.0
1719940126.8822117,100.0,28963.0
1719940127.026544,98.0,28963.0
1719940127.166904,100.0,28963.0
1719940127.3026268,100.0,28963.0
1719940127.4385407,98.0,28963.0
1719940127.5737803,98.0,28963.0
1719940127.7077527,98.0,28963.0
1719940127.8424864,98.0,28963.0
1719940127.9761925,100.0,28963.0
1719940128.110384,98.0,28963.0
1719940128.24335,98.0,28963.0
1719940128.3787677,100.0,28963.0
1719940128.5112553,98.0,28963.0
1719940128.6611102,98.0,28963.0
1719940128.8070626,100.0,28963.0
1719940128.9539578,98.0,28963.0
1719940129.0954142,98.0,28963.0
1719940129.2444606,100.0,28963.0
1719940129.3935819,92.0,28963.0
1719940129.5377553,100.0,28963.0
1719940129.6766274,100.0,28963.0
1719940129.8132963,98.0,28963.0
1719940129.9465082,100.0,28963.0
1719940130.0834222,100.0,28963.0
1719940130.2201805,98.0,28963.0
1719940130.371608,100.0,28963.0
1719940130.5141551,100.0,28963.0
1719940130.6550946,98.0,28963.0
1719940130.8035557,99.0,28963.0
1719940130.9500654,93.0,28963.0
1719940131.0944624,93.0,28963.0
1719940131.2429812,98.0,28963.0
1719940131.3908231,84.0,28963.0
1719940131.5369792,79.0,28963.0
1719940131.6826458,79.0,28963.0
1719940131.832334,76.0,28963.0
1719940131.9807594,77.0,28963.0
1719940132.1260352,77.0,28963.0
1719940132.3097312,77.0,28963.0
1719940132.457167,98.0,28963.0
1719940132.6049564,100.0,28963.0
1719940132.7491536,93.0,28963.0
1719940132.8921835,93.0,28963.0
1719940133.0339742,100.0,28963.0
1719940133.170448,98.0,28963.0
1719940133.308108,98.0,28963.0
1719940133.443416,100.0,28963.0
1719940133.576329,98.0,28963.0
1719940133.7100995,98.0,28963.0
1719940133.84271,100.0,28963.0
1719940133.9773223,98.0,28963.0
1719940134.110433,98.0,28963.0
1719940134.2508886,100.0,28963.0
1719940134.3892593,98.0,28963.0
1719940134.532983,98.0,28963.0
1719940134.6701632,100.0,28963.0
1719940134.8044395,98.0,28963.0
1719940134.9378257,98.0,28963.0
1719940135.0717669,100.0,28963.0
1719940135.2054524,98.0,28963.0
1719940135.339026,98.0,28963.0
1719940135.472724,100.0,28963.0
1719940135.6050262,100.0,28963.0
1719940135.7372146,98.0,28963.0
1719940135.8714154,100.0,28963.0
1719940136.004926,98.0,28963.0
1719940136.139269,98.0,28963.0
1719940136.2722995,100.0,28963.0
1719940136.4114647,97.0,28963.0
1719940136.5603013,98.0,28963.0
1719940136.7087634,98.0,28963.0
1719940136.8606272,93.0,28963.0
1719940137.0079882,98.0,28963.0
1719940137.1559246,80.0,28963.0
1719940137.3018265,80.0,28963.0
1719940137.4479046,81.0,28963.0
1719940137.5950358,76.0,28963.0
1719940137.7415912,76.0,28963.0
1719940137.8865178,76.0,28963.0
1719940138.0311472,78.0,28963.0
1719940138.178254,78.0,28963.0
1719940138.3439212,100.0,28963.0
1719940138.4857664,94.0,28963.0
1719940138.6237304,94.0,28963.0
1719940138.758272,100.0,28963.0
1719940138.893136,95.0,28963.0
1719940139.0261235,100.0,28963.0
1719940139.1612198,100.0,28963.0
1719940139.2944791,95.0,28963.0
1719940139.4307709,100.0,28963.0
1719940139.563669,95.0,28963.0
1719940139.6978898,95.0,28963.0
1719940139.830883,100.0,28963.0
1719940139.9647882,100.0,28963.0
1719940140.0978413,95.0,28963.0
1719940140.231807,100.0,28963.0
1719940140.3657062,100.0,28963.0
1719940140.5019367,95.0,28963.0
1719940140.6345587,100.0,28963.0
1719940140.7670774,100.0,28963.0
1719940140.9010026,95.0,28963.0
1719940141.03449,100.0,28963.0
1719940141.1672,100.0,28963.0
1719940141.3027542,95.0,28963.0
1719940141.4355917,100.0,28963.0
1719940141.5694244,100.0,28963.0
1719940141.7022974,95.0,28963.0
1719940141.837098,100.0,28963.0
1719940141.9697855,100.0,28963.0
1719940142.1050198,96.0,28963.0
1719940142.2450945,98.0,28963.0
1719940142.392981,98.0,28963.0
1719940142.5417273,99.0,28963.0
1719940142.6879704,99.0,28963.0
1719940142.8324847,99.0,28963.0
1719940142.9807918,76.0,28963.0
1719940143.1397836,76.0,28963.0
1719940143.2848864,76.0,28963.0
1719940143.4289591,77.0,28963.0
1719940143.5766115,77.0,28963.0
1719940143.7250917,77.0,28963.0
1719940143.870083,97.0,28963.0
1719940144.0156326,100.0,28963.0
1719940144.16155,100.0,28963.0
1719940144.3030202,98.0,28963.0
1719940144.4444413,98.0,28963.0
1719940144.5785568,100.0,28963.0
1719940144.71379,98.0,28963.0
1719940144.849559,100.0,28963.0
1719940145.0012944,98.0,28963.0
1719940145.1470497,98.0,28963.0
1719940145.2858691,100.0,28963.0
1719940145.4227035,98.0,28963.0
1719940145.5597258,98.0,28963.0
1719940145.710472,100.0,28963.0
1719940145.8554218,98.0,28963.0
1719940145.9966178,100.0,28963.0
1719940146.1339633,100.0,28963.0
1719940146.269912,97.0,28963.0
1719940146.4061952,97.0,28963.0
1719940146.5411108,100.0,28963.0
1719940146.6840842,98.0,28963.0
1719940146.8245595,100.0,28963.0
1719940146.9671617,100.0,28963.0
1719940147.1059961,98.0,28963.0
1719940147.2457025,100.0,28963.0
1719940147.3798988,100.0,28963.0
1719940147.5154865,98.0,28963.0
1719940147.6497512,100.0,28963.0
1719940147.7836704,100.0,28963.0
1719940147.91969,98.0,28963.0
1719940148.0684483,97.0,28963.0
1719940148.213999,97.0,28963.0
1719940148.3631902,98.0,28963.0
1719940148.510829,98.0,28963.0
1719940148.6593423,78.0,28963.0
1719940148.8109233,78.0,28963.0
1719940149.0004191,74.0,28963.0
1719940149.1521356,74.0,28963.0
1719940149.3004193,72.0,28963.0
1719940149.448012,81.0,28963.0
1719940149.5936043,81.0,28963.0
1719940149.7418962,98.0,28963.0
1719940149.8883243,100.0,28963.0
1719940150.0325491,100.0,28963.0
1719940150.1720445,98.0,28963.0
1719940150.3090034,100.0,28963.0
1719940150.4456425,100.0,28963.0
1719940150.5787914,95.0,28963.0
1719940150.7133963,100.0,28963.0
1719940150.8467543,100.0,28963.0
1719940150.9815774,96.0,28963.0
1719940151.1151924,100.0,28963.0
1719940151.2502453,100.0,28963.0
1719940151.3855948,95.0,28963.0
1719940151.519522,100.0,28963.0
1719940151.6531563,100.0,28963.0
1719940151.7877142,95.0,28963.0
1719940151.9202645,100.0,28963.0
1719940152.0549862,100.0,28963.0
1719940152.1878448,95.0,28963.0
1719940152.3223815,100.0,28963.0
1719940152.4561527,98.0,28963.0
1719940152.5905795,98.0,28963.0
1719940152.7234974,100.0,28963.0
1719940152.857562,98.0,28963.0
1719940152.9913266,98.0,28963.0
1719940153.1257393,100.0,28963.0
1719940153.2586112,98.0,28963.0
1719940153.3965712,98.0,28963.0
1719940153.5295217,100.0,28963.0
1719940153.6669395,98.0,28963.0
1719940153.8120239,98.0,28963.0
1719940153.9568214,94.0,28963.0
1719940154.103305,98.0,28963.0
1719940154.2498722,99.0,28963.0
1719940154.4008634,99.0,28963.0
1719940154.5467398,80.0,28963.0
1719940154.692818,77.0,28963.0
1719940154.8395257,77.0,28963.0
1719940154.9860213,76.0,28963.0
1719940155.134864,70.0,28963.0
1719940155.2843404,70.0,28963.0
1719940155.4335752,97.0,28963.0
1719940155.5791523,97.0,28963.0
1719940155.7279341,100.0,28963.0
1719940155.8726473,98.0,28963.0
1719940156.012531,98.0,28963.0
1719940156.1485808,100.0,28963.0
1719940156.2820158,98.0,28963.0
1719940156.4174829,98.0,28963.0
1719940156.550408,100.0,28963.0
1719940156.6851568,98.0,28963.0
1719940156.819032,98.0,28963.0
1719940156.9529197,100.0,28963.0
1719940157.0861666,98.0,28963.0
1719940157.221389,98.0,28963.0
1719940157.3543987,100.0,28963.0
1719940157.4889348,100.0,28963.0
1719940157.622263,98.0,28963.0
1719940157.7553165,100.0,28963.0
1719940157.8879905,100.0,28963.0
1719940158.0208395,98.0,28963.0
1719940158.1536028,99.0,28963.0
1719940158.286579,99.0,28963.0
1719940158.4206567,98.0,28963.0
1719940158.5538328,98.0,28963.0
1719940158.6866798,98.0,28963.0
1719940158.8191102,100.0,28963.0
1719940158.953497,98.0,28963.0
1719940159.086449,100.0,28963.0
1719940159.2205832,100.0,28963.0
1719940159.3539846,99.0,28963.0
1719940159.4958496,98.0,28963.0
1719940159.6461172,99.0,28963.0
1719940159.8240676,99.0,28963.0
1719940159.977891,99.0,28963.0
1719940160.1274817,77.0,28963.0
1719940160.2794878,76.0,28963.0
1719940160.4313552,76.0,28963.0
1719940160.5844707,76.0,28963.0
1719940160.7333362,77.0,28963.0
1719940160.8859665,76.0,28963.0
1719940161.0400894,76.0,28963.0
1719940161.1935554,90.0,28963.0
1719940161.3449173,100.0,28963.0
1719940161.4925382,100.0,28963.0
1719940161.6350648,98.0,28963.0
1719940161.773843,100.0,28963.0
1719940161.9111686,100.0,28963.0
1719940162.0467467,98.0,28963.0
1719940162.1827652,100.0,28963.0
1719940162.315566,98.0,28963.0
1719940162.4501705,98.0,28963.0
1719940162.5839252,100.0,28963.0
1719940162.7182958,98.0,28963.0
1719940162.851041,98.0,28963.0
1719940162.986469,100.0,28963.0
1719940163.1193383,98.0,28963.0
1719940163.253128,98.0,28963.0
1719940163.3880348,100.0,28963.0
1719940163.5222728,100.0,28963.0
1719940163.6551342,98.0,28963.0
1719940163.7885284,100.0,28963.0
1719940163.9211628,100.0,28963.0
1719940164.0564005,98.0,28963.0
1719940164.189275,100.0,28963.0
1719940164.3238158,100.0,28963.0
1719940164.4565291,98.0,28963.0
1719940164.5901659,100.0,28963.0
1719940164.7231576,100.0,28963.0
1719940164.8583179,98.0,28963.0
1719940164.9908676,100.0,28963.0
1719940165.1256747,100.0,28963.0
1719940165.26594,99.0,28963.0
1719940165.4161859,99.0,28963.0
1719940165.573772,98.0,28963.0
1719940165.7235248,98.0,28963.0
1719940165.8729362,98.0,28963.0
1719940166.0271978,77.0,28963.0
1719940166.1834564,75.0,28963.0
1719940166.3358912,76.0,28963.0
1719940166.4872427,75.0,28963.0
1719940166.6419137,75.0,28963.0
1719940166.7960286,75.0,28963.0
1719940166.9490232,97.0,28963.0
1719940167.0984766,97.0,28963.0
1719940167.249104,100.0,28963.0
1719940167.3917556,98.0,28963.0
1719940167.529179,98.0,28963.0
1719940167.662835,100.0,28963.0
1719940167.7971523,98.0,28963.0
1719940167.9304872,98.0,28963.0
1719940168.0658908,100.0,28963.0
1719940168.199096,98.0,28963.0
1719940168.3348365,98.0,28963.0
1719940168.4690235,100.0,28963.0
1719940168.6026235,98.0,28963.0
1719940168.736651,98.0,28963.0
1719940168.8721068,100.0,28963.0
1719940169.00564,98.0,28963.0
1719940169.1505208,98.0,28963.0
1719940169.2941651,100.0,28963.0
1719940169.4346805,98.0,28963.0
1719940169.5718646,98.0,28963.0
1719940169.7063785,100.0,28963.0
1719940169.8399324,98.0,28963.0
1719940169.9730644,98.0,28963.0
1719940170.1078506,100.0,28963.0
1719940170.24132,98.0,28963.0
1719940170.3750594,100.0,28963.0
1719940170.50965,100.0,28963.0
1719940170.6444974,96.0,28963.0
1719940170.777062,100.0,28963.0
1719940170.9119737,100.0,28963.0
1719940171.0554743,96.0,28963.0
1719940171.2059426,98.0,28963.0
1719940171.3581755,98.0,28963.0
1719940171.528471,98.0,28963.0
1719940171.677957,99.0,28963.0
1719940171.8352,73.0,28963.0
1719940171.988666,73.0,28963.0
1719940172.1432166,79.0,28963.0
1719940172.2923868,75.0,28963.0
1719940172.4455955,76.0,28963.0
1719940172.5980396,76.0,28963.0
1719940172.7560263,98.0,28963.0
1719940172.9053292,98.0,28963.0
1719940173.0505257,100.0,28963.0
1719940173.1930764,98.0,28963.0
1719940173.330143,98.0,28963.0
1719940173.4662013,100.0,28963.0
1719940173.6002595,98.0,28963.0
1719940173.7340817,98.0,28963.0
1719940173.8672023,100.0,28963.0
1719940174.0028217,98.0,28963.0
1719940174.1355748,98.0,28963.0
1719940174.2709124,100.0,28963.0
1719940174.4049683,98.0,28963.0
1719940174.5388713,98.0,28963.0
1719940174.6731896,100.0,28963.0
1719940174.8072443,100.0,28963.0
1719940174.9400072,98.0,28963.0
1719940175.0745547,98.0,28963.0
1719940175.207763,98.0,28963.0
1719940175.342734,100.0,28963.0
1719940175.4769106,98.0,28963.0
1719940175.6108415,100.0,28963.0
1719940175.7434404,100.0,28963.0
1719940175.8775349,96.0,28963.0
1719940176.010409,96.0,28963.0
1719940176.1443367,100.0,28963.0
1719940176.2771661,95.0,28963.0
1719940176.41137,100.0,28963.0
1719940176.5441656,100.0,28963.0
1719940176.678403,97.0,28963.0
1719940176.818047,98.0,28963.0
1719940176.969215,98.0,28963.0
1719940177.157851,99.0,28963.0
1719940177.314074,99.0,28963.0
1719940177.4644823,79.0,28963.0
1719940177.6138556,79.0,28963.0
1719940177.768506,76.0,28963.0
1719940177.9238377,76.0,28963.0
1719940178.074003,77.0,28963.0
1719940178.2243748,76.0,28963.0
1719940178.3782015,91.0,28963.0
1719940178.5332422,91.0,28963.0
1719940178.686293,100.0,28963.0
1719940178.8311036,98.0,28963.0
1719940178.9721138,98.0,28963.0
1719940179.1081686,100.0,28963.0
1719940179.2451668,98.0,28963.0
1719940179.3818362,98.0,28963.0
1719940179.516356,100.0,28963.0
1719940179.6519208,98.0,28963.0
1719940179.7852552,98.0,28963.0
1719940179.9626102,100.0,28963.0
1719940180.0966723,98.0,28963.0
1719940180.2330577,98.0,28963.0
1719940180.3662598,100.0,28963.0
1719940180.5001423,98.0,28963.0
1719940180.633121,98.0,28963.0
1719940180.7668195,100.0,28963.0
1719940180.900035,98.0,28963.0
1719940181.0338504,98.0,28963.0
1719940181.1662703,100.0,28963.0
1719940181.3007178,98.0,28963.0
1719940181.4350395,100.0,28963.0
1719940181.5689886,100.0,28963.0
1719940181.7016795,98.0,28963.0
1719940181.8358383,98.0,28963.0
1719940181.9826155,100.0,28963.0
1719940182.115173,98.0,28963.0
1719940182.2505224,100.0,28963.0
1719940182.3855238,100.0,28963.0
1719940182.5268312,98.0,28963.0
1719940182.6795502,92.0,28963.0
1719940182.8373046,98.0,28963.0
1719940182.9875963,97.0,28963.0
1719940183.1421118,97.0,28963.0
1719940183.2951677,78.0,28963.0
1719940183.4496336,80.0,28963.0
1719940183.6000605,71.0,28963.0
1719940183.755643,71.0,28963.0
1719940183.9072847,74.0,28963.0
1719940184.0612628,82.0,28963.0
1719940184.2134392,82.0,28963.0
1719940184.3645053,97.0,28963.0
1719940184.5172544,100.0,28963.0
1719940184.6670012,100.0,28963.0
1719940184.8114212,100.0,28963.0
1719940184.966002,100.0,28963.0
1719940185.0998666,98.0,28963.0
1719940185.253778,100.0,28963.0
1719940185.4018512,100.0,28963.0
1719940185.5451798,98.0,28963.0
1719940185.6830225,100.0,28963.0
1719940185.8172417,100.0,28963.0
1719940185.9524732,98.0,28963.0
1719940186.0856626,100.0,28963.0
1719940186.220671,100.0,28963.0
1719940186.3541677,98.0,28963.0
1719940186.4912126,100.0,28963.0
1719940186.6243756,100.0,28963.0
1719940186.7592463,96.0,28963.0
1719940186.892097,100.0,28963.0
1719940187.0264924,100.0,28963.0
1719940187.1596522,95.0,28963.0
1719940187.2954972,100.0,28963.0
1719940187.4287064,100.0,28963.0
1719940187.5634394,95.0,28963.0
1719940187.6963327,100.0,28963.0
1719940187.830605,100.0,28963.0
1719940187.9638872,95.0,28963.0
1719940188.096894,95.0,28963.0
1719940188.229916,100.0,28963.0
1719940188.368711,96.0,28963.0
1719940188.5143468,97.0,28963.0
1719940188.6612606,98.0,28963.0
1719940188.8068686,98.0,28963.0
1719940188.9504044,99.0,28963.0
1719940189.099764,80.0,28963.0
1719940189.2468894,77.0,28963.0
1719940189.3923774,77.0,28963.0
1719940189.5376523,76.0,28963.0
1719940189.683597,77.0,28963.0
1719940189.8296666,77.0,28963.0
1719940190.0297472,76.0,28963.0
1719940190.175451,97.0,28963.0
1719940190.3224883,100.0,28963.0
1719940190.4664752,98.0,28963.0
1719940190.6035793,98.0,28963.0
1719940190.7389274,98.0,28963.0
1719940190.8724246,98.0,28963.0
1719940191.008068,98.0,28963.0
1719940191.140617,100.0,28963.0
1719940191.2756026,98.0,28963.0
1719940191.4121976,98.0,28963.0
1719940191.5463161,100.0,28963.0
1719940191.6811812,98.0,28963.0
1719940191.8140173,98.0,28963.0
1719940191.9497561,99.0,28963.0
1719940192.084502,98.0,28963.0
1719940192.2188063,98.0,28963.0
1719940192.3520803,98.0,28963.0
1719940192.486371,98.0,28963.0
1719940192.6191278,100.0,28963.0
1719940192.754037,98.0,28963.0
1719940192.8879075,98.0,28963.0
1719940193.022808,100.0,28963.0
1719940193.1566362,98.0,28963.0
1719940193.2921257,98.0,28963.0
1719940193.4280112,100.0,28963.0
1719940193.561542,98.0,28963.0
1719940193.6975043,98.0,28963.0
1719940193.831024,100.0,28963.0
1719940193.9651597,99.0,28963.0
1719940194.10163,99.0,28963.0
1719940194.2489157,97.0,28963.0
1719940194.3994958,99.0,28963.0
1719940194.5458074,98.0,28963.0
1719940194.6909037,80.0,28963.0
1719940194.8477738,80.0,28963.0
1719940194.9942722,76.0,28963.0
1719940195.137456,76.0,28963.0
1719940195.2830799,77.0,28963.0
1719940195.4314022,77.0,28963.0
1719940195.5789943,76.0,28963.0
1719940195.724199,97.0,28963.0
1719940195.871753,100.0,28963.0
1719940196.0391302,100.0,28963.0
1719940196.1819801,96.0,28963.0
1719940196.3226476,96.0,28963.0
1719940196.4773176,100.0,28963.0
1719940196.6140645,98.0,28963.0
1719940196.7484188,100.0,28963.0
1719940196.882661,100.0,28963.0
1719940197.0157928,98.0,28963.0
1719940197.1515412,100.0,28963.0
1719940197.2840497,100.0,28963.0
1719940197.4184873,98.0,28963.0
1719940197.554176,100.0,28963.0
1719940197.6880827,100.0,28963.0
1719940197.8211133,98.0,28963.0
1719940197.955393,100.0,28963.0
1719940198.0884616,100.0,28963.0
1719940198.2229724,98.0,28963.0
1719940198.3562498,100.0,28963.0
1719940198.4907124,100.0,28963.0
1719940198.623635,98.0,28963.0
1719940198.75802,100.0,28963.0
1719940198.8913307,100.0,28963.0
1719940199.0256534,98.0,28963.0
1719940199.1584244,100.0,28963.0
1719940199.2930312,100.0,28963.0
1719940199.4272246,98.0,28963.0
1719940199.5614176,98.0,28963.0
1719940199.6950746,100.0,28963.0
1719940199.8320305,98.0,28963.0
1719940199.9781227,98.0,28963.0
1719940200.12591,99.0,28963.0
1719940200.274915,99.0,28963.0
1719940200.4223766,94.0,28963.0
1719940200.5701816,78.0,28963.0
1719940200.7162952,81.0,28963.0
1719940200.8606458,81.0,28963.0
1719940201.008662,76.0,28963.0
1719940201.1563377,76.0,28963.0
1719940201.3045745,75.0,28963.0
1719940201.469567,75.0,28963.0
1719940201.6177287,98.0,28963.0
1719940201.7671404,100.0,28963.0
1719940201.9109747,100.0,28963.0
1719940202.0535586,94.0,28963.0
1719940202.1903486,100.0,28963.0
1719940202.327082,100.0,28963.0
1719940202.4640749,96.0,28963.0
1719940202.5971107,100.0,28963.0
1719940202.7317972,100.0,28963.0
1719940202.865506,98.0,28963.0
1719940202.9994173,100.0,28963.0
1719940203.1325433,100.0,28963.0
1719940203.267432,98.0,28963.0
1719940203.4021864,100.0,28963.0
1719940203.5367856,100.0,28963.0
1719940203.6698747,98.0,28963.0
1719940203.8047662,100.0,28963.0
1719940203.9377627,100.0,28963.0
1719940204.0707865,98.0,28963.0
1719940204.2036743,100.0,28963.0
1719940204.3376844,98.0,28963.0
1719940204.4727829,98.0,28963.0
1719940204.6054254,98.0,28963.0
1719940204.738587,100.0,28963.0
1719940204.8724916,98.0,28963.0
1719940205.0052798,100.0,28963.0
1719940205.14027,98.0,28963.0
1719940205.2736757,98.0,28963.0
1719940205.407968,100.0,28963.0
1719940205.5466588,96.0,28963.0
1719940205.692777,96.0,28963.0
1719940205.8373494,98.0,28963.0
1719940205.9843054,99.0,28963.0
1719940206.131316,99.0,28963.0
1719940206.2788737,92.0,28963.0
1719940206.422979,76.0,28963.0
1719940206.5712872,76.0,28963.0
1719940206.7380137,76.0,28963.0
1719940206.8833945,76.0,28963.0
1719940207.0286374,76.0,28963.0
1719940207.1769185,76.0,28963.0
1719940207.3239362,84.0,28963.0
1719940207.4725368,100.0,28963.0
1719940207.6161094,98.0,28963.0
1719940207.7570136,100.0,28963.0
1719940207.8931272,100.0,28963.0
1719940208.028405,98.0,28963.0
1719940208.164535,100.0,28963.0
1719940208.302155,100.0,28963.0
1719940208.4397738,98.0,28963.0
1719940208.5760767,100.0,28963.0
1719940208.7090747,100.0,28963.0
1719940208.8439004,98.0,28963.0
1719940208.977601,98.0,28963.0
1719940209.1110463,100.0,28963.0
1719940209.244064,96.0,28963.0
1719940209.3792627,96.0,28963.0
1719940209.514017,100.0,28963.0
1719940209.6487012,96.0,28963.0
1719940209.781588,96.0,28963.0
1719940209.9167757,100.0,28963.0
1719940210.04992,95.0,28963.0
1719940210.1844547,95.0,28963.0
1719940210.3173661,100.0,28963.0
1719940210.4529572,95.0,28963.0
1719940210.5875685,95.0,28963.0
1719940210.7572083,100.0,28963.0
1719940210.8913186,98.0,28963.0
1719940211.0240915,100.0,28963.0
1719940211.1573465,100.0,28963.0
1719940211.2925873,98.0,28963.0
1719940211.438129,99.0,28963.0
1719940211.5805078,99.0,28963.0
1719940211.7690337,94.0,28963.0
1719940211.916246,98.0,28963.0
1719940212.0615127,83.0,28963.0
1719940212.2065456,76.0,28963.0
1719940212.3753047,77.0,28963.0
1719940212.5238533,77.0,28963.0
1719940212.6700022,76.0,28963.0
1719940212.8150477,76.0,28963.0
1719940212.9606884,76.0,28963.0
1719940213.1088107,97.0,28963.0
1719940213.254832,100.0,28963.0
1719940213.3993711,98.0,28963.0
1719940213.5412776,98.0,28963.0
1719940213.6770153,100.0,28963.0
1719940213.811433,100.0,28963.0
1719940213.9447439,98.0,28963.0
1719940214.0786216,100.0,28963.0
1719940214.2117558,100.0,28963.0
1719940214.3477633,98.0,28963.0
1719940214.4821413,100.0,28963.0
1719940214.6155264,100.0,28963.0
1719940214.7483244,95.0,28963.0
1719940214.8818521,100.0,28963.0
1719940215.0147395,100.0,28963.0
1719940215.1490362,96.0,28963.0
1719940215.2815614,100.0,28963.0
1719940215.4169033,100.0,28963.0
1719940215.5508406,95.0,28963.0
1719940215.6857297,100.0,28963.0
1719940215.8185265,95.0,28963.0
1719940215.9529903,95.0,28963.0
1719940216.0858133,100.0,28963.0
1719940216.2201288,95.0,28963.0
1719940216.3530831,95.0,28963.0
1719940216.4891703,100.0,28963.0
1719940216.6218326,95.0,28963.0
1719940216.755689,95.0,28963.0
1719940216.8882957,100.0,28963.0
1719940217.022643,96.0,28963.0
1719940217.159188,96.0,28963.0
1719940217.3077464,97.0,28963.0
1719940217.4567254,99.0,28963.0
1719940217.602615,99.0,28963.0
1719940217.7475936,98.0,28963.0
1719940217.8944602,79.0,28963.0
1719940218.0377429,77.0,28963.0
1719940218.203398,76.0,28963.0
1719940218.3490446,76.0,28963.0
1719940218.4954982,76.0,28963.0
1719940218.640506,77.0,28963.0
1719940218.785422,77.0,28963.0
1719940218.932213,97.0,28963.0
1719940219.0797539,100.0,28963.0
1719940219.2211404,100.0,28963.0
1719940219.3603318,93.0,28963.0
1719940219.4962034,100.0,28963.0
1719940219.6317134,100.0,28963.0
1719940219.7668889,98.0,28963.0
1719940219.8995912,100.0,28963.0
1719940220.0334842,100.0,28963.0
1719940220.166494,98.0,28963.0
1719940220.2987435,100.0,28963.0
1719940220.431513,100.0,28963.0
1719940220.5666826,98.0,28963.0
1719940220.6990714,100.0,28963.0
1719940220.8328643,100.0,28963.0
1719940220.965365,98.0,28963.0
1719940221.1001925,100.0,28963.0
1719940221.232978,100.0,28963.0
1719940221.3676927,98.0,28963.0
1719940221.5013888,100.0,28963.0
1719940221.636544,98.0,28963.0
1719940221.769379,98.0,28963.0
1719940221.9031794,98.0,28963.0
1719940222.038987,100.0,28963.0
1719940222.1751823,98.0,28963.0
1719940222.308227,100.0,28963.0
1719940222.443158,98.0,28963.0
1719940222.5777035,98.0,28963.0
1719940222.7112772,100.0,28963.0
1719940222.8487062,98.0,28963.0
1719940222.994666,98.0,28963.0
1719940223.140629,97.0,28963.0
1719940223.2856467,99.0,28963.0
1719940223.4335532,99.0,28963.0
1719940223.6278996,90.0,28963.0
1719940223.7770135,76.0,28963.0
1719940223.920725,76.0,28963.0
1719940224.0691776,77.0,28963.0
1719940224.2159903,77.0,28963.0
1719940224.3609908,76.0,28963.0
1719940224.5055258,86.0,28963.0
1719940224.6522694,100.0,28963.0
1719940224.7970402,100.0,28963.0
1719940224.939967,98.0,28963.0
1719940225.0800202,100.0,28963.0
1719940225.2147658,100.0,28963.0
1719940225.350169,96.0,28963.0
1719940225.4847064,100.0,28963.0
1719940225.6175272,100.0,28963.0
1719940225.750275,96.0,28963.0
1719940225.8831537,100.0,28963.0
1719940226.0153968,100.0,28963.0
1719940226.1491985,96.0,28963.0
1719940226.2819963,100.0,28963.0
1719940226.4157858,100.0,28963.0
1719940226.5500484,96.0,28963.0
1719940226.6844456,100.0,28963.0
1719940226.8169203,100.0,28963.0
1719940226.9508646,95.0,28963.0
1719940227.083885,100.0,28963.0
1719940227.2172468,100.0,28963.0
1719940227.3497355,96.0,28963.0
1719940227.485488,96.0,28963.0
1719940227.6181805,100.0,28963.0
1719940227.7520463,95.0,28963.0
1719940227.8848548,95.0,28963.0
1719940228.0189857,100.0,28963.0
1719940228.1516047,96.0,28963.0
1719940228.2853518,96.0,28963.0
1719940228.419578,100.0,28963.0
1719940228.5547535,97.0,28963.0
1719940228.6911244,97.0,28963.0
1719940228.8405576,98.0,28963.0
1719940228.9879184,99.0,28963.0
1719940229.1356087,99.0,28963.0
1719940229.2807403,98.0,28963.0
1719940229.429948,79.0,28963.0
1719940229.5733988,77.0,28963.0
1719940229.7181318,76.0,28963.0
1719940229.8648486,77.0,28963.0
1719940230.0404222,77.0,28963.0
1719940230.1887271,77.0,28963.0
1719940230.3361526,77.0,28963.0
1719940230.481451,97.0,28963.0
1719940230.6710799,100.0,28963.0
1719940230.8129559,98.0,28963.0
1719940230.9529803,100.0,28963.0
1719940231.087785,98.0,28963.0
1719940231.222463,98.0,28963.0
1719940231.3553302,100.0,28963.0
1719940231.4917881,100.0,28963.0
1719940231.6249974,98.0,28963.0
1719940231.7592373,100.0,28963.0
1719940231.8925004,100.0,28963.0
1719940232.0272865,98.0,28963.0
1719940232.1598556,100.0,28963.0
1719940232.2948904,100.0,28963.0
1719940232.4297314,98.0,28963.0
1719940232.564997,100.0,28963.0
1719940232.6985006,100.0,28963.0
1719940232.8325694,98.0,28963.0
1719940232.9652317,100.0,28963.0
1719940233.0999315,100.0,28963.0
1719940233.23326,98.0,28963.0
1719940233.3686671,100.0,28963.0
1719940233.5019555,100.0,28963.0
1719940233.636138,98.0,28963.0
1719940233.7689307,100.0,28963.0
1719940233.9029324,100.0,28963.0
1719940234.035959,97.0,28963.0
1719940234.169485,97.0,28963.0
1719940234.301692,96.0,28963.0
1719940234.4399276,96.0,28963.0
1719940234.5872314,98.0,28963.0
1719940234.7335665,98.0,28963.0
1719940234.8796802,98.0,28963.0
1719940235.0279338,99.0,28963.0
1719940235.176814,75.0,28963.0
1719940235.3285794,73.0,28963.0
1719940235.48886,73.0,28963.0
1719940235.6369107,76.0,28963.0
1719940235.7843075,76.0,28963.0
1719940235.9318042,76.0,28963.0
1719940236.0822113,76.0,28963.0
1719940236.2319076,97.0,28963.0
1719940236.3793044,100.0,28963.0
1719940236.5240676,100.0,28963.0
1719940236.664982,93.0,28963.0
1719940236.8040576,100.0,28963.0
1719940236.943772,98.0,28963.0
1719940237.085716,98.0,28963.0
1719940237.2379105,100.0,28963.0
1719940237.3847492,98.0,28963.0
1719940237.5299964,100.0,28963.0
1719940237.672804,100.0,28963.0
1719940237.8129125,98.0,28963.0
1719940237.956775,100.0,28963.0
1719940238.0983205,100.0,28963.0
1719940238.2371316,98.0,28963.0
1719940238.3721917,100.0,28963.0
1719940238.5147855,100.0,28963.0
1719940238.655753,94.0,28963.0
1719940238.797292,100.0,28963.0
1719940238.936714,100.0,28963.0
1719940239.0824635,98.0,28963.0
1719940239.2226834,100.0,28963.0
1719940239.3585672,100.0,28963.0
1719940239.4972663,98.0,28963.0
1719940239.6306233,100.0,28963.0
1719940239.7651885,100.0,28963.0
1719940239.9083848,98.0,28963.0
1719940240.0473723,100.0,28963.0
1719940240.1860135,100.0,28963.0
1719940240.3364975,98.0,28963.0
1719940240.4874218,93.0,28963.0
1719940240.6343188,98.0,28963.0
1719940240.7835593,98.0,28963.0
1719940240.933734,78.0,28963.0
1719940241.0819533,78.0,28963.0
1719940241.2335744,75.0,28963.0
1719940241.382622,73.0,28963.0
1719940241.5294333,73.0,28963.0
1719940241.677562,77.0,28963.0
1719940241.8262064,76.0,28963.0
1719940241.9740202,98.0,28963.0
1719940242.1230965,98.0,28963.0
1719940242.2708876,100.0,28963.0
1719940242.4157083,98.0,28963.0
1719940242.5571926,98.0,28963.0
1719940242.6932333,97.0,28963.0
1719940242.8295176,98.0,28963.0
1719940242.9628375,98.0,28963.0
1719940243.096171,98.0,28963.0
1719940243.2322457,98.0,28963.0
1719940243.3648343,97.0,28963.0
1719940243.4986336,97.0,28963.0
1719940243.6319366,98.0,28963.0
1719940243.765923,98.0,28963.0
1719940243.8987415,97.0,28963.0
1719940244.0329137,98.0,28963.0
1719940244.1656952,98.0,28963.0
1719940244.3002846,97.0,28963.0
1719940244.4344335,99.0,28963.0
1719940244.5682638,99.0,28963.0
1719940244.7011588,96.0,28963.0
1719940244.8354907,99.0,28963.0
1719940244.9681149,99.0,28963.0
1719940245.1026516,96.0,28963.0
1719940245.2359357,100.0,28963.0
1719940245.3694873,100.0,28963.0
1719940245.5046012,96.0,28963.0
1719940245.6396792,100.0,28963.0
1719940245.7730603,100.0,28963.0
1719940245.9078887,96.0,28963.0
1719940246.0497203,99.0,28963.0
1719940246.1963222,99.0,28963.0
1719940246.368872,98.0,28963.0
1719940246.5133805,99.0,28963.0
1719940246.6589756,83.0,28963.0
1719940246.805837,76.0,28963.0
1719940246.9530723,76.0,28963.0
1719940247.0999281,76.0,28963.0
1719940247.2452862,76.0,28963.0
1719940247.395276,76.0,28963.0
1719940247.542949,76.0,28963.0
1719940247.6905508,92.0,28963.0
1719940247.8352473,92.0,28963.0
1719940247.9853182,100.0,28963.0
1719940248.1272492,98.0,28963.0
1719940248.2665863,98.0,28963.0
1719940248.4020975,100.0,28963.0
1719940248.537742,98.0,28963.0
1719940248.671743,98.0,28963.0
1719940248.8049562,98.0,28963.0
1719940248.93826,98.0,28963.0
1719940249.072791,100.0,28963.0
1719940249.2055347,98.0,28963.0
1719940249.3404949,98.0,28963.0
1719940249.4782467,100.0,28963.0
1719940249.6124203,98.0,28963.0
1719940249.7468164,98.0,28963.0
1719940249.8807144,100.0,28963.0
1719940250.0156507,100.0,28963.0
1719940250.148869,98.0,28963.0
1719940250.2833552,100.0,28963.0
1719940250.4164112,100.0,28963.0
1719940250.5525062,98.0,28963.0
1719940250.685465,100.0,28963.0
1719940250.8203387,100.0,28963.0
1719940250.9636247,98.0,28963.0
1719940251.1006386,100.0,28963.0
1719940251.2435532,98.0,28963.0
1719940251.3852055,98.0,28963.0
1719940251.5372875,100.0,28963.0
1719940251.6879303,98.0,28963.0
1719940251.8400817,94.0,28963.0
1719940251.9875567,94.0,28963.0
1719940252.1356063,97.0,28963.0
1719940252.283202,98.0,28963.0
1719940252.4288733,98.0,28963.0
1719940252.5776825,80.0,28963.0
1719940252.7258444,74.0,28963.0
1719940252.8729153,74.0,28963.0
1719940253.0190053,77.0,28963.0
1719940253.1672657,71.0,28963.0
1719940253.3171878,78.0,28963.0
1719940253.4638746,78.0,28963.0
1719940253.6097949,100.0,28963.0
1719940253.7721183,100.0,28963.0
1719940253.9147158,98.0,28963.0
1719940254.0536253,100.0,28963.0
1719940254.1927042,100.0,28963.0
1719940254.3280847,98.0,28963.0
1719940254.463746,100.0,28963.0
1719940254.5978692,100.0,28963.0
1719940254.731907,98.0,28963.0
1719940254.865654,100.0,28963.0
1719940254.999189,100.0,28963.0
1719940255.1319594,98.0,28963.0
1719940255.265952,98.0,28963.0
1719940255.428191,100.0,28963.0
1719940255.5636091,98.0,28963.0
1719940255.6960444,100.0,28963.0
1719940255.8305857,100.0,28963.0
1719940255.9635634,95.0,28963.0
1719940256.0973017,100.0,28963.0
1719940256.2299888,100.0,28963.0
1719940256.363411,96.0,28963.0
1719940256.4959767,100.0,28963.0
1719940256.631624,100.0,28963.0
1719940256.7641666,96.0,28963.0
1719940256.8965638,100.0,28963.0
1719940257.0311806,100.0,28963.0
1719940257.1641192,96.0,28963.0
1719940257.2974236,100.0,28963.0
1719940257.4301264,100.0,28963.0
1719940257.5690536,96.0,28963.0
1719940257.7155578,98.0,28963.0
1719940257.862237,98.0,28963.0
1719940258.0078487,98.0,28963.0
1719940258.152158,99.0,28963.0
1719940258.2996671,81.0,28963.0
1719940258.4441898,81.0,28963.0
1719940258.5888839,77.0,28963.0
1719940258.7381008,78.0,28963.0
1719940258.8857226,78.0,28963.0
1719940259.0324361,76.0,28963.0
1719940259.1773846,78.0,28963.0
1719940259.324428,97.0,28963.0
1719940259.4702647,97.0,28963.0
1719940259.6486633,97.0,28963.0
1719940259.7878017,97.0,28963.0
1719940259.9231431,100.0,28963.0
1719940260.0585508,100.0,28963.0
1719940260.1917608,98.0,28963.0
1719940260.3242886,100.0,28963.0
1719940260.4570582,100.0,28963.0
1719940260.5926397,98.0,28963.0
1719940260.7251563,99.0,28963.0
1719940260.85861,99.0,28963.0
1719940260.9911573,99.0,28963.0
1719940261.123816,98.0,28963.0
1719940261.2564437,98.0,28963.0
1719940261.3914092,100.0,28963.0
1719940261.52422,100.0,28963.0
1719940261.6601567,98.0,28963.0
1719940261.7968712,100.0,28963.0
1719940261.9304848,98.0,28963.0
1719940262.0631306,98.0,28963.0
1719940262.1993697,100.0,28963.0
1719940262.3331099,98.0,28963.0
1719940262.4658964,98.0,28963.0
1719940262.602694,100.0,28963.0
1719940262.7354412,98.0,28963.0
1719940262.8690662,98.0,28963.0
1719940263.0018394,100.0,28963.0
1719940263.1344361,99.0,28963.0
1719940263.2710166,99.0,28963.0
1719940263.475469,94.0,28963.0
1719940263.6234434,99.0,28963.0
1719940263.7718456,98.0,28963.0
1719940263.9162018,98.0,28963.0
1719940264.0822527,77.0,28963.0
1719940264.2299907,77.0,28963.0
1719940264.377447,78.0,28963.0
1719940264.5244195,75.0,28963.0
1719940264.6702468,75.0,28963.0
1719940264.818723,73.0,28963.0
1719940264.964611,97.0,28963.0
1719940265.1091979,97.0,28963.0
1719940265.2817268,100.0,28963.0
1719940265.4233363,98.0,28963.0
1719940265.5674744,98.0,28963.0
1719940265.7116582,100.0,28963.0
1719940265.8512216,98.0,28963.0
1719940265.9879057,100.0,28963.0
1719940266.1219177,98.0,28963.0
1719940266.266193,98.0,28963.0
1719940266.40573,100.0,28963.0
1719940266.5414078,98.0,28963.0
1719940266.6766028,98.0,28963.0
1719940266.8101208,100.0,28963.0
1719940266.9510982,100.0,28963.0
1719940267.0912492,94.0,28963.0
1719940267.226403,100.0,28963.0
1719940267.3617997,95.0,28963.0
1719940267.498788,95.0,28963.0
1719940267.633431,100.0,28963.0
1719940267.7682056,97.0,28963.0
1719940267.9011614,97.0,28963.0
1719940268.034968,100.0,28963.0
1719940268.1684792,95.0,28963.0
1719940268.303069,95.0,28963.0
1719940268.4362535,100.0,28963.0
1719940268.5710158,95.0,28963.0
1719940268.7042034,95.0,28963.0
1719940268.8397112,100.0,28963.0
1719940268.975383,100.0,28963.0
1719940269.1142828,98.0,28963.0
1719940269.2596474,98.0,28963.0
1719940269.408359,98.0,28963.0
1719940269.5552044,98.0,28963.0
1719940269.7008934,98.0,28963.0
1719940269.8490307,76.0,28963.0
1719940269.9968646,77.0,28963.0
1719940270.1438282,80.0,28963.0
1719940270.2892609,80.0,28963.0
1719940270.4380603,76.0,28963.0
1719940270.5842276,77.0,28963.0
1719940270.7285504,77.0,28963.0
1719940270.872875,97.0,28963.0
1719940271.0195935,100.0,28963.0
1719940271.1615632,100.0,28963.0
1719940271.3002574,98.0,28963.0
1719940271.434999,100.0,28963.0
1719940271.5707846,100.0,28963.0
1719940271.704444,98.0,28963.0
1719940271.837447,100.0,28963.0
1719940271.9706204,98.0,28963.0
1719940272.1050072,98.0,28963.0
1719940272.2379942,100.0,28963.0
1719940272.3720212,98.0,28963.0
1719940272.5076241,98.0,28963.0
1719940272.641747,100.0,28963.0
1719940272.774948,98.0,28963.0
1719940272.9093652,98.0,28963.0
1719940273.0422566,100.0,28963.0
1719940273.1752284,98.0,28963.0
1719940273.309033,98.0,28963.0
1719940273.4430587,100.0,28963.0
1719940273.5760283,98.0,28963.0
1719940273.7115498,98.0,28963.0
1719940273.844222,100.0,28963.0
1719940273.9781375,100.0,28963.0
1719940274.1118686,98.0,28963.0
1719940274.245393,100.0,28963.0
1719940274.3782754,100.0,28963.0
1719940274.5173397,98.0,28963.0
1719940274.6500545,100.0,28963.0
1719940274.7891157,98.0,28963.0
1719940274.9467573,98.0,28963.0
1719940275.102932,98.0,28963.0
1719940275.2542849,99.0,28963.0
1719940275.4066138,99.0,28963.0
1719940275.5595784,90.0,28963.0
1719940275.7168734,77.0,28963.0
1719940275.868868,78.0,28963.0
1719940276.021761,75.0,28963.0
1719940276.1744199,78.0,28963.0
1719940276.3295062,78.0,28963.0
1719940276.4762745,76.0,28963.0
1719940276.6232605,98.0,28963.0
1719940276.77074,98.0,28963.0
1719940276.9452403,96.0,28963.0
1719940277.0826962,97.0,28963.0
1719940277.2171938,97.0,28963.0
1719940277.3532977,99.0,28963.0
1719940277.4870853,99.0,28963.0
1719940277.6216402,98.0,28963.0
1719940277.754836,98.0,28963.0
1719940277.8883598,100.0,28963.0
1719940278.0207858,100.0,28963.0
1719940278.1551828,98.0,28963.0
1719940278.2887223,100.0,28963.0
1719940278.4228384,98.0,28963.0
1719940278.5571914,98.0,28963.0
1719940278.6914096,100.0,28963.0
1719940278.8238628,98.0,28963.0
1719940278.9582212,98.0,28963.0
1719940279.0920036,100.0,28963.0
1719940279.2257392,98.0,28963.0
1719940279.358926,98.0,28963.0
1719940279.494144,100.0,28963.0
1719940279.626953,98.0,28963.0
1719940279.7602181,98.0,28963.0
1719940279.8948424,100.0,28963.0
1719940280.0279002,98.0,28963.0
1719940280.1614454,98.0,28963.0
1719940280.3064177,100.0,28963.0
1719940280.4517708,99.0,28963.0
1719940280.593163,99.0,28963.0
1719940280.7413769,98.0,28963.0
1719940280.8888712,99.0,28963.0
1719940281.0351603,98.0,28963.0
1719940281.1815274,98.0,28963.0
1719940281.3687913,80.0,28963.0
1719940281.5202212,72.0,28963.0
1719940281.6657474,72.0,28963.0
1719940281.8104231,77.0,28963.0
1719940281.9583166,77.0,28963.0
1719940282.1072602,73.0,28963.0
1719940282.2541301,96.0,28963.0
1719940282.4008148,96.0,28963.0
1719940282.5759723,100.0,28963.0
1719940282.7174897,98.0,28963.0
1719940282.857129,98.0,28963.0
1719940282.990973,100.0,28963.0
1719940283.1253042,98.0,28963.0
1719940283.2587812,100.0,28963.0
1719940283.3929746,100.0,28963.0
1719940283.5261362,98.0,28963.0
1719940283.6618142,100.0,28963.0
1719940283.7943125,98.0,28963.0
1719940283.9286208,98.0,28963.0
1719940284.061472,100.0,28963.0
1719940284.1959264,100.0,28963.0
1719940284.3289466,98.0,28963.0
1719940284.4629552,100.0,28963.0
1719940284.5969858,100.0,28963.0
1719940284.7319458,98.0,28963.0
1719940284.8645139,100.0,28963.0
1719940284.9990869,100.0,28963.0
1719940285.132617,98.0,28963.0
1719940285.2662604,100.0,28963.0
1719940285.4003935,100.0,28963.0
1719940285.535507,98.0,28963.0
1719940285.6700103,100.0,28963.0
1719940285.8055286,100.0,28963.0
1719940285.9385278,98.0,28963.0
1719940286.0731642,100.0,28963.0
1719940286.2065585,100.0,28963.0
1719940286.34429,98.0,28963.0
1719940286.4917388,98.0,28963.0
1719940286.6437197,98.0,28963.0
1719940286.78977,98.0,28963.0
1719940286.9348636,99.0,28963.0
1719940287.0829418,82.0,28963.0
1719940287.2309394,82.0,28963.0
1719940287.412852,77.0,28963.0
1719940287.5587285,77.0,28963.0
1719940287.7044003,76.0,28963.0
1719940287.8578076,74.0,28963.0
1719940288.0036073,74.0,28963.0
1719940288.1491928,97.0,28963.0
1719940288.294258,100.0,28963.0
1719940288.4361634,100.0,28963.0
1719940288.5754611,98.0,28963.0
1719940288.7113755,100.0,28963.0
1719940288.8461497,100.0,28963.0
1719940288.9793074,98.0,28963.0
1719940289.1132557,100.0,28963.0
1719940289.2466817,100.0,28963.0
1719940289.3822134,98.0,28963.0
1719940289.5153685,100.0,28963.0
1719940289.6512518,100.0,28963.0
1719940289.7851837,98.0,28963.0
1719940289.9188297,100.0,28963.0
1719940290.0518754,100.0,28963.0
1719940290.18802,98.0,28963.0
1719940290.3208714,100.0,28963.0
1719940290.455154,100.0,28963.0
1719940290.5889792,98.0,28963.0
1719940290.7236664,100.0,28963.0
1719940290.857713,98.0,28963.0
1719940290.992158,98.0,28963.0
1719940291.1251144,98.0,28963.0
1719940291.2597067,99.0,28963.0
1719940291.392536,99.0,28963.0
1719940291.5268075,99.0,28963.0
1719940291.662069,100.0,28963.0
1719940291.7950213,100.0,28963.0
1719940291.9296482,99.0,28963.0
1719940292.0715582,98.0,28963.0
1719940292.218781,98.0,28963.0
1719940292.3743565,99.0,28963.0
1719940292.519388,99.0,28963.0
1719940292.6656008,79.0,28963.0
1719940292.8128617,79.0,28963.0
1719940292.957801,76.0,28963.0
1719940293.103977,76.0,28963.0
1719940293.254244,76.0,28963.0
1719940293.4395819,76.0,28963.0
1719940293.5849488,76.0,28963.0
1719940293.730907,91.0,28963.0
1719940293.8791933,100.0,28963.0
1719940294.038142,100.0,28963.0
1719940294.1827781,94.0,28963.0
1719940294.3222494,100.0,28963.0
1719940294.4587362,100.0,28963.0
1719940294.595905,98.0,28963.0
1719940294.7313673,100.0,28963.0
1719940294.8663936,100.0,28963.0
1719940295.0004344,98.0,28963.0
1719940295.1351047,100.0,28963.0
1719940295.2680895,100.0,28963.0
1719940295.4028144,98.0,28963.0
1719940295.5365698,98.0,28963.0
1719940295.6710749,100.0,28963.0
1719940295.803932,98.0,28963.0
1719940295.9387567,100.0,28963.0
1719940296.0714421,98.0,28963.0
1719940296.2051907,98.0,28963.0
1719940296.3384652,100.0,28963.0
1719940296.47226,100.0,28963.0
1719940296.6072774,98.0,28963.0
1719940296.7459183,100.0,28963.0
1719940296.899193,98.0,28963.0
1719940297.0499618,98.0,28963.0
1719940297.1956947,100.0,28963.0
1719940297.3374052,94.0,28963.0
1719940297.4757345,94.0,28963.0
1719940297.6127415,100.0,28963.0
1719940297.7490194,95.0,28963.0
1719940297.8884592,95.0,28963.0
1719940298.0359445,99.0,28963.0
1719940298.1847203,98.0,28963.0
1719940298.3319497,98.0,28963.0
1719940298.4763196,78.0,28963.0
1719940298.623862,78.0,28963.0
1719940298.771904,77.0,28963.0
1719940298.9165287,77.0,28963.0
1719940299.0615246,77.0,28963.0
1719940299.2130096,76.0,28963.0
1719940299.357307,77.0,28963.0
1719940299.502676,97.0,28963.0
1719940299.6486816,97.0,28963.0
1719940299.7957373,100.0,28963.0
1719940299.9388356,100.0,28963.0
1719940300.080451,93.0,28963.0
1719940300.2162592,100.0,28963.0
1719940300.3512552,98.0,28963.0
1719940300.487352,98.0,28963.0
1719940300.6228147,100.0,28963.0
1719940300.7557456,98.0,28963.0
1719940300.888577,98.0,28963.0
1719940301.0235648,100.0,28963.0
1719940301.156791,98.0,28963.0
1719940301.2908347,98.0,28963.0
1719940301.4237835,100.0,28963.0
1719940301.5581384,98.0,28963.0
1719940301.6925516,98.0,28963.0
1719940301.827053,100.0,28963.0
1719940301.9603412,98.0,28963.0
1719940302.0942328,98.0,28963.0
1719940302.2276123,100.0,28963.0
1719940302.362467,98.0,28963.0
1719940302.4958813,98.0,28963.0
1719940302.6286204,100.0,28963.0
1719940302.7612367,98.0,28963.0
1719940302.8955252,98.0,28963.0
1719940303.028399,100.0,28963.0
1719940303.1628952,100.0,28963.0
1719940303.2965245,98.0,28963.0
1719940303.430566,100.0,28963.0
1719940303.566614,100.0,28963.0
1719940303.7121232,98.0,28963.0
1719940303.8558433,98.0,28963.0
1719940304.001568,98.0,28963.0
1719940304.1478846,94.0,28963.0
1719940304.292615,94.0,28963.0
1719940304.4389532,85.0,28963.0
1719940304.5868747,75.0,28963.0
1719940304.7363303,75.0,28963.0
1719940304.8805401,75.0,28963.0
1719940305.0257893,81.0,28963.0
1719940305.1770556,75.0,28963.0
1719940305.3246074,75.0,28963.0
1719940305.4703012,98.0,28963.0
1719940305.6164942,100.0,28963.0
1719940305.7573802,98.0,28963.0
1719940305.894946,98.0,28963.0
1719940306.03373,100.0,28963.0
1719940306.1697187,98.0,28963.0
1719940306.303277,98.0,28963.0
1719940306.4401093,99.0,28963.0
1719940306.5793905,99.0,28963.0
1719940306.7174647,99.0,28963.0
1719940306.8602073,97.0,28963.0
1719940306.9989126,100.0,28963.0
1719940307.1349878,95.0,28963.0
1719940307.2905405,95.0,28963.0
1719940307.427615,100.0,28963.0
1719940307.5607324,98.0,28963.0
1719940307.696945,98.0,28963.0
1719940307.830388,100.0,28963.0
1719940307.964156,100.0,28963.0
1719940308.098467,98.0,28963.0
1719940308.2432528,100.0,28963.0
1719940308.3869548,98.0,28963.0
1719940308.5266922,98.0,28963.0
1719940308.7323093,100.0,28963.0
1719940308.875478,97.0,28963.0
1719940309.0165477,100.0,28963.0
1719940309.1575923,99.0,28963.0
1719940309.299929,99.0,28963.0
1719940309.44855,98.0,28963.0
1719940309.5959032,98.0,28963.0
1719940309.7448015,99.0,28963.0
1719940309.8948715,92.0,28963.0
1719940310.044737,78.0,28963.0
1719940310.1923976,75.0,28963.0
1719940310.3447142,74.0,28963.0
1719940310.4943354,74.0,28963.0
1719940310.6396377,77.0,28963.0
1719940310.7858117,78.0,28963.0
1719940310.9334111,78.0,28963.0
1719940311.0807796,97.0,28963.0
1719940311.2283335,100.0,28963.0
1719940311.3798468,98.0,28963.0
1719940311.5231438,98.0,28963.0
1719940311.6645927,100.0,28963.0
1719940311.7987106,98.0,28963.0
1719940311.9337585,98.0,28963.0
1719940312.0665114,100.0,28963.0
1719940312.2000623,100.0,28963.0
1719940312.33303,98.0,28963.0
1719940312.4673567,100.0,28963.0
1719940312.6033025,98.0,28963.0
1719940312.7376628,98.0,28963.0
1719940312.8703673,100.0,28963.0
1719940313.0053954,98.0,28963.0
1719940313.1382468,98.0,28963.0
1719940313.2719388,100.0,28963.0
1719940313.4082873,98.0,28963.0
1719940313.5414612,98.0,28963.0
1719940313.6759129,100.0,28963.0
1719940313.8088458,100.0,28963.0
1719940313.942538,98.0,28963.0
1719940314.0751019,100.0,28963.0
1719940314.2077608,100.0,28963.0
1719940314.3418489,98.0,28963.0
1719940314.4742312,100.0,28963.0
1719940314.608466,100.0,28963.0
1719940314.741305,96.0,28963.0
1719940314.8741627,100.0,28963.0
1719940315.0063014,100.0,28963.0
1719940315.1695313,97.0,28963.0
1719940315.3156223,99.0,28963.0
1719940315.465746,98.0,28963.0
1719940315.612489,98.0,28963.0
1719940315.7574325,98.0,28963.0
1719940315.9044182,79.0,28963.0
1719940316.0515335,77.0,28963.0
1719940316.1966758,81.0,28963.0
1719940316.341306,81.0,28963.0
1719940316.4903913,76.0,28963.0
1719940316.638767,77.0,28963.0
1719940316.7850103,77.0,28963.0
1719940316.9301283,97.0,28963.0
1719940317.0751932,100.0,28963.0
1719940317.217715,98.0,28963.0
1719940317.3564432,98.0,28963.0
1719940317.491056,100.0,28963.0
1719940317.6255724,100.0,28963.0
1719940317.7609158,98.0,28963.0
1719940317.8935235,100.0,28963.0
1719940318.0271914,98.0,28963.0
1719940318.1599102,98.0,28963.0
1719940318.2937045,100.0,28963.0
1719940318.4263754,98.0,28963.0
1719940318.5614235,98.0,28963.0
1719940318.6948955,100.0,28963.0
1719940318.8298225,98.0,28963.0
1719940318.9626992,98.0,28963.0
1719940319.0962741,100.0,28963.0
1719940319.2289128,98.0,28963.0
1719940319.3636236,98.0,28963.0
1719940319.4960508,100.0,28963.0
1719940319.6311665,100.0,28963.0
1719940319.7646306,98.0,28963.0
1719940319.898272,100.0,28963.0
1719940320.0308163,100.0,28963.0
1719940320.1663606,98.0,28963.0
1719940320.298551,99.0,28963.0
1719940320.4325693,99.0,28963.0
1719940320.5669625,99.0,28963.0
1719940320.7003043,99.0,28963.0
1719940320.8357863,99.0,28963.0
1719940320.986615,98.0,28963.0
1719940321.133357,92.0,28963.0
1719940321.2790496,92.0,28963.0
1719940321.4264615,99.0,28963.0
1719940321.572582,89.0,28963.0
1719940321.7174685,76.0,28963.0
1719940321.8609176,76.0,28963.0
1719940322.0085053,76.0,28963.0
1719940322.1777303,76.0,28963.0
1719940322.3250718,76.0,28963.0
1719940322.4736512,94.0,28963.0
1719940322.6220856,100.0,28963.0
1719940322.790891,100.0,28963.0
1719940322.9361682,93.0,28963.0
1719940323.0772707,100.0,28963.0
1719940323.214257,100.0,28963.0
1719940323.349136,95.0,28963.0
1719940323.484756,100.0,28963.0
1719940323.6186314,100.0,28963.0
1719940323.7529273,98.0,28963.0
1719940323.8856363,98.0,28963.0
1719940324.0221748,100.0,28963.0
1719940324.1548464,98.0,28963.0
1719940324.2898343,98.0,28963.0
1719940324.4245214,100.0,28963.0
1719940324.5584452,98.0,28963.0
1719940324.6928036,100.0,28963.0
1719940324.8250153,100.0,28963.0
1719940324.9577773,98.0,28963.0
1719940325.0905778,98.0,28963.0
1719940325.22854,100.0,28963.0
1719940325.368692,98.0,28963.0
1719940325.5058823,100.0,28963.0
1719940325.6494243,100.0,28963.0
1719940325.7878613,98.0,28963.0
1719940325.9235175,100.0,28963.0
1719940326.0581076,100.0,28963.0
1719940326.1911898,98.0,28963.0
1719940326.3250723,100.0,28963.0
1719940326.4576716,100.0,28963.0
1719940326.5950508,98.0,28963.0
1719940326.7442973,98.0,28963.0
1719940326.8901966,98.0,28963.0
1719940327.0353322,95.0,28963.0
1719940327.1830463,98.0,28963.0
1719940327.3300602,83.0,28963.0
1719940327.4771369,78.0,28963.0
1719940327.6221383,78.0,28963.0
1719940327.7715442,77.0,28963.0
1719940327.916977,78.0,28963.0
1719940328.061759,77.0,28963.0
1719940328.2071252,77.0,28963.0
1719940328.354027,97.0,28963.0
1719940328.5034654,100.0,28963.0
1719940328.647134,100.0,28963.0
1719940328.786723,98.0,28963.0
1719940328.9230783,100.0,28963.0
1719940329.056802,100.0,28963.0
1719940329.1911752,98.0,28963.0
1719940329.3245566,100.0,28963.0
1719940329.4662879,100.0,28963.0
1719940329.6053922,97.0,28963.0
1719940329.739825,97.0,28963.0
1719940329.8754826,100.0,28963.0
1719940330.0099063,95.0,28963.0
1719940330.1528013,95.0,28963.0
1719940330.291405,100.0,28963.0
1719940330.4287179,98.0,28963.0
1719940330.5645468,100.0,28963.0
1719940330.7004783,98.0,28963.0
1719940330.840654,98.0,28963.0
1719940330.9778857,100.0,28963.0
1719940331.112136,98.0,28963.0
1719940331.2471557,98.0,28963.0
1719940331.380712,100.0,28963.0
1719940331.5137289,98.0,28963.0
1719940331.648068,98.0,28963.0
1719940331.7818568,100.0,28963.0
1719940331.9148185,98.0,28963.0
1719940332.0499558,98.0,28963.0
1719940332.18241,100.0,28963.0
1719940332.3194153,100.0,28963.0
1719940332.4789426,98.0,28963.0
1719940332.6240041,97.0,28963.0
1719940332.7702029,99.0,28963.0
1719940332.9166625,99.0,28963.0
1719940333.0630462,98.0,28963.0
1719940333.20602,78.0,28963.0
1719940333.352078,77.0,28963.0
1719940333.499859,76.0,28963.0
1719940333.6455834,76.0,28963.0
1719940333.7909205,77.0,28963.0
1719940333.937962,77.0,28963.0
1719940334.0860279,77.0,28963.0
1719940334.235125,99.0,28963.0
1719940334.3793771,98.0,28963.0
1719940334.5209992,100.0,28963.0
1719940334.6588285,100.0,28963.0
1719940334.7965517,98.0,28963.0
1719940334.9323404,100.0,28963.0
1719940335.0659869,100.0,28963.0
1719940335.2006001,98.0,28963.0
1719940335.3339279,98.0,28963.0
1719940335.4668221,100.0,28963.0
1719940335.601408,98.0,28963.0
1719940335.7357044,98.0,28963.0
1719940335.873824,100.0,28963.0
1719940336.0122378,95.0,28963.0
1719940336.149554,95.0,28963.0
1719940336.28465,100.0,28963.0
1719940336.4286325,94.0,28963.0
1719940336.5680583,100.0,28963.0
1719940336.7066443,100.0,28963.0
1719940336.8444622,98.0,28963.0
1719940336.9833202,100.0,28963.0
1719940337.1199226,100.0,28963.0
1719940337.2586012,98.0,28963.0
1719940337.4094555,100.0,28963.0
1719940337.5584378,98.0,28963.0
1719940337.69905,98.0,28963.0
1719940337.8417404,100.0,28963.0
1719940337.9829586,99.0,28963.0
1719940338.1239111,99.0,28963.0
1719940338.273552,98.0,28963.0
1719940338.4213266,99.0,28963.0
1719940338.5677168,98.0,28963.0
1719940338.71549,98.0,28963.0
1719940338.9096534,70.0,28963.0
1719940339.0613558,70.0,28963.0
1719940339.2085257,80.0,28963.0
1719940339.354732,76.0,28963.0
1719940339.5034888,76.0,28963.0
1719940339.6511693,74.0,28963.0
1719940339.7972636,97.0,28963.0
1719940339.9478836,100.0,28963.0
1719940340.0942714,100.0,28963.0
1719940340.2359867,98.0,28963.0
1719940340.3761907,100.0,28963.0
1719940340.5114176,100.0,28963.0
1719940340.647884,98.0,28963.0
1719940340.7888873,100.0,28963.0
1719940340.9262857,100.0,28963.0
1719940341.0607455,98.0,28963.0
1719940341.201442,100.0,28963.0
1719940341.3410618,100.0,28963.0
1719940341.4791985,98.0,28963.0
1719940341.6176925,100.0,28963.0
1719940341.7575045,100.0,28963.0
1719940341.8964064,98.0,28963.0
1719940342.0320184,100.0,28963.0
1719940342.1675112,100.0,28963.0
1719940342.3079498,98.0,28963.0
1719940342.4456375,100.0,28963.0
1719940342.5900877,100.0,28963.0
1719940342.74037,94.0,28963.0
1719940342.8838346,100.0,28963.0
1719940343.024235,98.0,28963.0
1719940343.1656656,100.0,28963.0
1719940343.303577,100.0,28963.0
1719940343.4427097,98.0,28963.0
1719940343.5840135,100.0,28963.0
1719940343.7261262,100.0,28963.0
1719940343.8687284,98.0,28963.0
1719940344.0152502,98.0,28963.0
1719940344.1625996,98.0,28963.0
1719940344.3408396,94.0,28963.0
1719940344.4881237,94.0,28963.0
1719940344.6403778,86.0,28963.0
1719940344.7874126,86.0,28963.0
1719940344.9338248,75.0,28963.0
1719940345.0808914,71.0,28963.0
1719940345.2284987,78.0,28963.0
1719940345.376024,82.0,28963.0
1719940345.5216687,82.0,28963.0
1719940345.6686587,97.0,28963.0
1719940345.8152168,100.0,28963.0
1719940345.9567177,100.0,28963.0
1719940346.0974133,95.0,28963.0
1719940346.2341542,100.0,28963.0
1719940346.3683758,100.0,28963.0
1719940346.5034323,95.0,28963.0
1719940346.6402647,100.0,28963.0
1719940346.7743924,100.0,28963.0
1719940346.9094465,95.0,28963.0
1719940347.041762,100.0,28963.0
1719940347.1770022,100.0,28963.0
1719940347.3103225,96.0,28963.0
1719940347.4438083,100.0,28963.0
1719940347.577993,100.0,28963.0
1719940347.7117088,95.0,28963.0
1719940347.843728,100.0,28963.0
1719940347.9775755,100.0,28963.0
1719940348.1100104,96.0,28963.0
1719940348.2439048,100.0,28963.0
1719940348.376793,100.0,28963.0
1719940348.5110261,96.0,28963.0
1719940348.6443484,100.0,28963.0
1719940348.7783465,100.0,28963.0
1719940348.9110854,96.0,28963.0
1719940349.0444188,96.0,28963.0
1719940349.1775835,100.0,28963.0
1719940349.3113942,96.0,28963.0
1719940349.4435468,100.0,28963.0
1719940349.581563,98.0,28963.0
1719940349.7198782,98.0,28963.0
1719940349.8661466,98.0,28963.0
1719940350.0126736,98.0,28963.0
1719940350.16542,98.0,28963.0
1719940350.3143919,98.0,28963.0
1719940350.4625964,77.0,28963.0
1719940350.612475,70.0,28963.0
1719940350.7594478,70.0,28963.0
1719940350.905326,79.0,28963.0
1719940351.053344,77.0,28963.0
1719940351.2031395,76.0,28963.0
1719940351.35046,76.0,28963.0
1719940351.4989398,97.0,28963.0
1719940351.645481,97.0,28963.0
1719940351.7878726,100.0,28963.0
1719940351.931733,98.0,28963.0
1719940352.0700576,100.0,28963.0
1719940352.2082002,98.0,28963.0
1719940352.3526597,98.0,28963.0
1719940352.4914749,100.0,28963.0
1719940352.6279035,98.0,28963.0
1719940352.7615492,98.0,28963.0
1719940352.895565,100.0,28963.0
1719940353.0283804,98.0,28963.0
1719940353.160763,98.0,28963.0
1719940353.2942169,100.0,28963.0
1719940353.4366598,98.0,28963.0
1719940353.5753324,98.0,28963.0
1719940353.7127504,98.0,28963.0
1719940353.848562,100.0,28963.0
1719940353.9934409,100.0,28963.0
1719940354.1437154,94.0,28963.0
1719940354.2904382,98.0,28963.0
1719940354.4339592,98.0,28963.0
1719940354.5752635,98.0,28963.0
1719940354.713681,100.0,28963.0
1719940354.8538015,100.0,28963.0
1719940354.9912336,98.0,28963.0
1719940355.1325538,100.0,28963.0
1719940355.2707431,99.0,28963.0
1719940355.4095843,99.0,28963.0
1719940355.5559025,93.0,28963.0
1719940355.7029262,99.0,28963.0
1719940355.850701,99.0,28963.0
1719940355.9989195,82.0,28963.0
1719940356.1455233,82.0,28963.0
1719940356.2916055,76.0,28963.0
1719940356.4373527,76.0,28963.0
1719940356.586052,76.0,28963.0
1719940356.7321653,77.0,28963.0
1719940356.8760345,76.0,28963.0
1719940357.0248456,89.0,28963.0
1719940357.1732466,89.0,28963.0
1719940357.3197913,100.0,28963.0
1719940357.4669633,100.0,28963.0
1719940357.6135645,98.0,28963.0
1719940357.8145585,98.0,28963.0
1719940357.955046,98.0,28963.0
1719940358.0932138,100.0,28963.0
1719940358.2270267,98.0,28963.0
1719940358.3733804,98.0,28963.0
1719940358.5170326,100.0,28963.0
1719940358.6567872,98.0,28963.0
1719940358.7972257,98.0,28963.0
1719940358.9339428,100.0,28963.0
1719940359.0686967,98.0,28963.0
1719940359.2022438,98.0,28963.0
1719940359.3420427,100.0,28963.0
1719940359.4811041,98.0,28963.0
1719940359.6169007,98.0,28963.0
1719940359.751804,100.0,28963.0
1719940359.886762,100.0,28963.0
1719940360.0214152,98.0,28963.0
1719940360.1537628,100.0,28963.0
1719940360.2880285,98.0,28963.0
1719940360.4208052,98.0,28963.0
1719940360.5557323,100.0,28963.0
1719940360.6895852,100.0,28963.0
1719940360.823113,96.0,28963.0
1719940360.9557521,100.0,28963.0
1719940361.0886326,96.0,28963.0
1719940361.2289116,96.0,28963.0
1719940361.3756583,99.0,28963.0
1719940361.5225723,98.0,28963.0
1719940361.6693153,98.0,28963.0
1719940361.8133547,98.0,28963.0
1719940361.9616597,82.0,28963.0
1719940362.107546,77.0,28963.0
1719940362.2516139,77.0,28963.0
1719940362.4331744,77.0,28963.0
1719940362.5798733,75.0,28963.0
1719940362.7268653,76.0,28963.0
1719940362.8732772,97.0,28963.0
1719940363.015428,97.0,28963.0
1719940363.1601632,100.0,28963.0
1719940363.3035088,98.0,28963.0
1719940363.4417963,98.0,28963.0
1719940363.577044,100.0,28963.0
1719940363.7135656,98.0,28963.0
1719940363.846465,98.0,28963.0
1719940363.9796932,100.0,28963.0
1719940364.1123137,98.0,28963.0
1719940364.2457902,98.0,28963.0
1719940364.3782403,100.0,28963.0
1719940364.5119686,100.0,28963.0
1719940364.6472456,98.0,28963.0
1719940364.7805462,100.0,28963.0
1719940364.9132628,100.0,28963.0
1719940365.0482786,98.0,28963.0
1719940365.1804936,100.0,28963.0
1719940365.3138723,100.0,28963.0
1719940365.44919,98.0,28963.0
1719940365.5833182,100.0,28963.0
1719940365.7179878,98.0,28963.0
1719940365.8513563,98.0,28963.0
1719940365.9854343,100.0,28963.0
1719940366.1177292,98.0,28963.0
1719940366.2517426,98.0,28963.0
1719940366.3842041,100.0,28963.0
1719940366.5176575,98.0,28963.0
1719940366.6514275,98.0,28963.0
1719940366.784942,100.0,28963.0
1719940366.9201374,98.0,28963.0
1719940367.0656781,98.0,28963.0
1719940367.2125502,93.0,28963.0
1719940367.3570292,99.0,28963.0
1719940367.5059943,99.0,28963.0
1719940367.6522386,99.0,28963.0
1719940367.796965,79.0,28963.0
1719940367.9417932,76.0,28963.0
1719940368.0884824,76.0,28963.0
1719940368.2334998,77.0,28963.0
1719940368.3782394,76.0,28963.0
1719940368.5264246,80.0,28963.0
1719940368.6777666,80.0,28963.0
1719940368.8281326,100.0,28963.0
1719940368.9748836,98.0,28963.0
1719940369.1164405,98.0,28963.0
1719940369.2542822,100.0,28963.0
1719940369.38919,98.0,28963.0
1719940369.526371,98.0,28963.0
1719940369.6770213,100.0,28963.0
1719940369.816331,94.0,28963.0
1719940369.9548244,100.0,28963.0
1719940370.0956793,100.0,28963.0
1719940370.231803,98.0,28963.0
1719940370.3692338,100.0,28963.0
1719940370.503281,98.0,28963.0
1719940370.6365771,98.0,28963.0
1719940370.770952,100.0,28963.0
1719940370.9046283,98.0,28963.0
1719940371.0455484,98.0,28963.0
1719940371.1820931,100.0,28963.0
1719940371.3235984,98.0,28963.0
1719940371.462328,98.0,28963.0
1719940371.6024947,100.0,28963.0
1719940371.7399244,98.0,28963.0
1719940371.873327,98.0,28963.0
1719940372.0075595,100.0,28963.0
1719940372.139874,100.0,28963.0
1719940372.2729886,98.0,28963.0
1719940372.4054332,100.0,28963.0
1719940372.5375867,100.0,28963.0
1719940372.678921,98.0,28963.0
1719940372.8324096,99.0,28963.0
1719940372.9900734,99.0,28963.0
1719940373.1414359,96.0,28963.0
1719940373.2940009,96.0,28963.0
1719940373.4461246,69.0,28963.0
1719940373.602758,83.0,28963.0
1719940373.7570412,74.0,28963.0
1719940373.9089026,76.0,28963.0
1719940374.063099,76.0,28963.0
1719940374.2182057,75.0,28963.0
1719940374.3667881,75.0,28963.0
1719940374.5218954,97.0,28963.0
1719940374.682303,100.0,28963.0
1719940374.829638,98.0,28963.0
1719940374.9742088,100.0,28963.0
1719940375.1141875,100.0,28963.0
1719940375.2495332,98.0,28963.0
1719940375.3925512,100.0,28963.0
1719940375.5303109,100.0,28963.0
1719940375.665605,98.0,28963.0
1719940375.7992494,100.0,28963.0
1719940375.9332108,100.0,28963.0
1719940376.0661566,98.0,28963.0
1719940376.1993766,100.0,28963.0
1719940376.33244,100.0,28963.0
1719940376.4665625,98.0,28963.0
1719940376.6002228,100.0,28963.0
1719940376.7363906,100.0,28963.0
1719940376.8686774,98.0,28963.0
1719940377.0028422,100.0,28963.0
1719940377.1359987,100.0,28963.0
1719940377.270101,98.0,28963.0
1719940377.402229,100.0,28963.0
1719940377.535942,100.0,28963.0
1719940377.6690044,98.0,28963.0
1719940377.8024282,98.0,28963.0
1719940377.9351964,100.0,28963.0
1719940378.068522,98.0,28963.0
1719940378.2007422,100.0,28963.0
1719940378.3361032,100.0,28963.0
1719940378.4762185,98.0,28963.0
1719940378.6252992,98.0,28963.0
1719940378.7748127,98.0,28963.0
1719940378.92419,98.0,28963.0
1719940379.0710423,99.0,28963.0
1719940379.2204769,77.0,28963.0
1719940379.3676374,78.0,28963.0
1719940379.5130007,78.0,28963.0
1719940379.6597745,77.0,28963.0
1719940379.8058171,77.0,28963.0
1719940379.952161,77.0,28963.0
1719940380.0989895,77.0,28963.0
1719940380.2451482,97.0,28963.0
1719940380.392468,100.0,28963.0
1719940380.5419188,100.0,28963.0
1719940380.6799774,94.0,28963.0
1719940380.8179755,100.0,28963.0
1719940380.9543877,100.0,28963.0
1719940381.0889657,98.0,28963.0
1719940381.2296925,100.0,28963.0
1719940381.367347,100.0,28963.0
1719940381.5175614,98.0,28963.0
1719940381.6614833,100.0,28963.0
1719940381.7994494,100.0,28963.0
1719940381.9350178,98.0,28963.0
1719940382.0692163,100.0,28963.0
1719940382.2022464,100.0,28963.0
1719940382.3349557,98.0,28963.0
1719940382.4673796,100.0,28963.0
1719940382.6009085,98.0,28963.0
1719940382.7339957,98.0,28963.0
1719940382.8682659,100.0,28963.0
1719940383.000554,98.0,28963.0
1719940383.1339486,98.0,28963.0
1719940383.266217,99.0,28963.0
1719940383.4002326,99.0,28963.0
1719940383.5330575,99.0,28963.0
1719940383.669183,98.0,28963.0
1719940383.8018594,100.0,28963.0
1719940383.9349413,100.0,28963.0
1719940384.067566,99.0,28963.0
1719940384.2058456,98.0,28963.0
1719940384.3524237,98.0,28963.0
1719940384.4989488,99.0,28963.0
1719940384.6460338,94.0,28963.0
1719940384.794491,94.0,28963.0
1719940384.9436936,87.0,28963.0
1719940385.0889542,77.0,28963.0
1719940385.233515,77.0,28963.0
1719940385.3797147,73.0,28963.0
1719940385.5287938,73.0,28963.0
1719940385.6727903,81.0,28963.0
1719940385.8189788,97.0,28963.0
1719940385.9661903,97.0,28963.0
1719940386.1115453,100.0,28963.0
1719940386.2550452,98.0,28963.0
1719940386.3910463,98.0,28963.0
1719940386.5272317,100.0,28963.0
1719940386.6626635,95.0,28963.0
1719940386.7957926,95.0,28963.0
1719940386.9454234,100.0,28963.0
1719940387.080009,96.0,28963.0
1719940387.212734,96.0,28963.0
1719940387.3472443,100.0,28963.0
1719940387.4808764,98.0,28963.0
1719940387.6148374,98.0,28963.0
1719940387.7876363,100.0,28963.0
1719940387.9211116,98.0,28963.0
1719940388.0540535,100.0,28963.0
1719940388.1873899,100.0,28963.0
1719940388.3202348,97.0,28963.0
1719940388.4561117,100.0,28963.0
1719940388.588546,100.0,28963.0
1719940388.7241,98.0,28963.0
1719940388.8578372,100.0,28963.0
1719940388.9914827,100.0,28963.0
1719940389.1240175,98.0,28963.0
1719940389.2584584,100.0,28963.0
1719940389.390735,100.0,28963.0
1719940389.5254757,98.0,28963.0
1719940389.6599567,100.0,28963.0
1719940389.7930775,100.0,28963.0
1719940389.9285927,98.0,28963.0
1719940390.0772157,95.0,28963.0
1719940390.2250473,95.0,28963.0
1719940390.3707411,98.0,28963.0
1719940390.5189908,98.0,28963.0
1719940390.668046,85.0,28963.0
1719940390.813664,85.0,28963.0
1719940390.9651945,79.0,28963.0
1719940391.1147242,72.0,28963.0
1719940391.2617295,77.0,28963.0
1719940391.406913,77.0,28963.0
1719940391.5525963,77.0,28963.0
1719940391.7038436,97.0,28963.0
1719940391.8534298,100.0,28963.0
1719940392.006878,100.0,28963.0
1719940392.1493154,98.0,28963.0
1719940392.2864747,100.0,28963.0
1719940392.4210742,100.0,28963.0
1719940392.5561848,95.0,28963.0
1719940392.6910832,100.0,28963.0
1719940392.8255754,100.0,28963.0
1719940392.9586573,95.0,28963.0
1719940393.0935323,100.0,28963.0
1719940393.226815,100.0,28963.0
1719940393.3613927,95.0,28963.0
1719940393.494085,100.0,28963.0
1719940393.630315,100.0,28963.0
1719940393.7647953,95.0,28963.0
1719940393.8978207,95.0,28963.0
1719940394.0316846,100.0,28963.0
1719940394.166036,97.0,28963.0
1719940394.2988992,100.0,28963.0
1719940394.4340014,100.0,28963.0
1719940394.5688748,96.0,28963.0
1719940394.7136517,96.0,28963.0
1719940394.852015,100.0,28963.0
1719940394.9883485,98.0,28963.0
1719940395.1221263,100.0,28963.0
1719940395.2607832,98.0,28963.0
1719940395.39838,98.0,28963.0
1719940395.532969,100.0,28963.0
1719940395.6734083,97.0,28963.0
1719940395.8222244,97.0,28963.0
1719940395.9679928,98.0,28963.0
1719940396.1150587,98.0,28963.0
1719940396.263054,98.0,28963.0
1719940396.410545,93.0,28963.0
1719940396.5556335,84.0,28963.0
1719940396.7046905,84.0,28963.0
1719940396.8542154,75.0,28963.0
1719940397.000132,77.0,28963.0
1719940397.1461995,77.0,28963.0
1719940397.2949917,79.0,28963.0
1719940397.4456804,100.0,28963.0
1719940397.5982075,100.0,28963.0
1719940397.7416844,98.0,28963.0
1719940397.8873582,100.0,28963.0
1719940398.0276575,100.0,28963.0
1719940398.166365,98.0,28963.0
1719940398.3025093,100.0,28963.0
1719940398.4376824,100.0,28963.0
1719940398.5742035,95.0,28963.0
1719940398.7099934,95.0,28963.0
1719940398.845929,100.0,28963.0
1719940398.98153,95.0,28963.0
1719940399.1154413,95.0,28963.0
1719940399.2514713,100.0,28963.0
1719940399.386289,95.0,28963.0
1719940399.5225854,100.0,28963.0
1719940399.6556885,100.0,28963.0
1719940399.7904453,97.0,28963.0
1719940399.9247067,100.0,28963.0
1719940400.0587986,100.0,28963.0
1719940400.192069,95.0,28963.0
1719940400.326108,100.0,28963.0
1719940400.458587,100.0,28963.0
1719940400.5944545,96.0,28963.0
1719940400.7302778,100.0,28963.0
1719940400.8627193,100.0,28963.0
1719940400.9972396,98.0,28963.0
1719940401.1308737,100.0,28963.0
1719940401.2633395,100.0,28963.0
1719940401.3997216,99.0,28963.0
1719940401.5433433,96.0,28963.0
1719940401.6884,96.0,28963.0
1719940401.8360136,99.0,28963.0
1719940401.9827728,98.0,28963.0
1719940402.1286292,98.0,28963.0
1719940402.2743163,77.0,28963.0
1719940402.4241292,77.0,28963.0
1719940402.571125,77.0,28963.0
1719940402.719394,77.0,28963.0
1719940402.8678124,77.0,28963.0
1719940403.0186296,72.0,28963.0
1719940403.1660233,97.0,28963.0
1719940403.3118417,100.0,28963.0
1719940403.4565988,100.0,28963.0
1719940403.5976586,98.0,28963.0
1719940403.736949,98.0,28963.0
1719940403.8777275,100.0,28963.0
1719940404.011841,98.0,28963.0
1719940404.145427,98.0,28963.0
1719940404.2797635,100.0,28963.0
1719940404.414329,98.0,28963.0
1719940404.5513475,100.0,28963.0
1719940404.685696,100.0,28963.0
1719940404.820851,98.0,28963.0
1719940404.9547632,100.0,28963.0
1719940405.0874267,100.0,28963.0
1719940405.2203205,98.0,28963.0
1719940405.3549173,100.0,28963.0
1719940405.4875538,100.0,28963.0
1719940405.6215546,98.0,28963.0
1719940405.7567227,100.0,28963.0
1719940405.8900406,100.0,28963.0
1719940406.0231066,98.0,28963.0
1719940406.1578805,100.0,28963.0
1719940406.2910323,100.0,28963.0
1719940406.4256594,98.0,28963.0
1719940406.5585825,100.0,28963.0
1719940406.6916535,100.0,28963.0
1719940406.8255954,98.0,28963.0
1719940406.9719589,100.0,28963.0
1719940407.1133075,100.0,28963.0
1719940407.2554338,98.0,28963.0
1719940407.4033096,98.0,28963.0
1719940407.551649,98.0,28963.0
1719940407.6984782,98.0,28963.0
1719940407.8426073,99.0,28963.0
1719940407.9906154,81.0,28963.0
1719940408.1379013,77.0,28963.0
1719940408.2823958,77.0,28963.0
1719940408.429198,77.0,28963.0
1719940408.5760365,77.0,28963.0
1719940408.723499,75.0,28963.0
1719940408.8705344,75.0,28963.0
1719940409.0183568,97.0,28963.0
1719940409.1680648,97.0,28963.0
1719940409.3132412,100.0,28963.0
1719940409.4572754,93.0,28963.0
1719940409.6034155,100.0,28963.0
1719940409.7482455,98.0,28963.0
1719940409.8920734,98.0,28963.0
1719940410.0326161,100.0,28963.0
1719940410.1706882,100.0,28963.0
1719940410.306132,98.0,28963.0
1719940410.4411964,100.0,28963.0
1719940410.5739372,98.0,28963.0
1719940410.7084892,98.0,28963.0
1719940410.8412426,100.0,28963.0
1719940410.9750392,98.0,28963.0
1719940411.107612,98.0,28963.0
1719940411.2416935,100.0,28963.0
1719940411.3747432,98.0,28963.0
1719940411.5073435,98.0,28963.0
1719940411.6397102,100.0,28963.0
1719940411.7721872,98.0,28963.0
1719940411.9054997,98.0,28963.0
1719940412.0380983,100.0,28963.0
1719940412.1720202,100.0,28963.0
1719940412.3041902,98.0,28963.0
1719940412.437416,99.0,28963.0
1719940412.5715537,99.0,28963.0
1719940412.7067168,99.0,28963.0
1719940412.8390455,99.0,28963.0
1719940412.97603,99.0,28963.0
1719940413.1229525,98.0,28963.0
1719940413.269312,99.0,28963.0
1719940413.4131968,95.0,28963.0
1719940413.5626402,86.0,28963.0
1719940413.7107186,86.0,28963.0
1719940413.8580115,76.0,28963.0
1719940414.0029705,77.0,28963.0
1719940414.1506674,77.0,28963.0
1719940414.3040066,77.0,28963.0
1719940414.4489934,78.0,28963.0
1719940414.5949242,97.0,28963.0
1719940414.7425718,97.0,28963.0
1719940414.8962002,100.0,28963.0
1719940415.0382192,98.0,28963.0
1719940415.1767988,98.0,28963.0
1719940415.31363,100.0,28963.0
1719940415.4481895,95.0,28963.0
1719940415.5832176,95.0,28963.0
1719940415.7183986,100.0,28963.0
1719940415.8525777,96.0,28963.0
1719940415.9855719,96.0,28963.0
1719940416.119959,100.0,28963.0
1719940416.2529593,96.0,28963.0
1719940416.385772,96.0,28963.0
1719940416.5477078,100.0,28963.0
1719940416.6832323,98.0,28963.0
1719940416.8168535,98.0,28963.0
1719940416.9504757,100.0,28963.0
1719940417.0832682,98.0,28963.0
1719940417.2175121,100.0,28963.0
1719940417.3499734,100.0,28963.0
1719940417.48479,98.0,28963.0
1719940417.6187923,100.0,28963.0
1719940417.752698,100.0,28963.0
1719940417.8853369,98.0,28963.0
1719940418.019448,100.0,28963.0
1719940418.1520102,100.0,28963.0
1719940418.2846415,98.0,28963.0
1719940418.4197729,100.0,28963.0
1719940418.5523233,100.0,28963.0
1719940418.6885617,95.0,28963.0
1719940418.8343167,95.0,28963.0
1719940418.9802024,99.0,28963.0
1719940419.1288764,98.0,28963.0
1719940419.278922,93.0,28963.0
1719940419.4269264,93.0,28963.0
1719940419.5733442,86.0,28963.0
1719940419.7202191,73.0,28963.0
1719940419.8681817,77.0,28963.0
1719940420.0142727,76.0,28963.0
1719940420.1587348,76.0,28963.0
1719940420.3097498,77.0,28963.0
1719940420.4559028,98.0,28963.0
1719940420.6014519,98.0,28963.0
1719940420.7462273,100.0,28963.0
1719940420.887199,98.0,28963.0
1719940421.0253885,100.0,28963.0
1719940421.1609652,100.0,28963.0
1719940421.294918,98.0,28963.0
1719940421.4298217,98.0,28963.0
1719940421.5629635,100.0,28963.0
1719940421.6962557,98.0,28963.0
1719940421.828986,98.0,28963.0
1719940421.9898913,100.0,28963.0
1719940422.123808,98.0,28963.0
1719940422.2564342,100.0,28963.0
1719940422.390964,100.0,28963.0
1719940422.5242732,96.0,28963.0
1719940422.6566358,100.0,28963.0
1719940422.7991226,100.0,28963.0
1719940422.9319448,96.0,28963.0
1719940423.0653892,100.0,28963.0
1719940423.1982615,100.0,28963.0
1719940423.336226,95.0,28963.0
1719940423.4715357,100.0,28963.0
1719940423.605978,100.0,28963.0
1719940423.7435586,95.0,28963.0
1719940423.8777394,100.0,28963.0
1719940424.01421,100.0,28963.0
1719940424.1482196,97.0,28963.0
1719940424.2834857,100.0,28963.0
1719940424.4192135,100.0,28963.0
1719940424.6070607,97.0,28963.0
1719940424.7520633,99.0,28963.0
1719940424.9001083,98.0,28963.0
1719940425.047395,93.0,28963.0
1719940425.193713,93.0,28963.0
1719940425.33763,86.0,28963.0
1719940425.4845698,75.0,28963.0
1719940425.6336613,75.0,28963.0
1719940425.7814393,75.0,28963.0
1719940425.9292479,80.0,28963.0
1719940426.0789275,75.0,28963.0
1719940426.2292213,75.0,28963.0
1719940426.378758,98.0,28963.0
1719940426.525252,100.0,28963.0
1719940426.6686106,98.0,28963.0
1719940426.8072853,98.0,28963.0
1719940426.9437115,99.0,28963.0
1719940427.0789647,99.0,28963.0
1719940427.2145867,98.0,28963.0
1719940427.3488019,98.0,28963.0
1719940427.492409,100.0,28963.0
1719940427.6429105,95.0,28963.0
1719940427.7871282,95.0,28963.0
1719940427.9285657,100.0,28963.0
1719940428.0707812,98.0,28963.0
1719940428.2099953,98.0,28963.0
1719940428.357963,100.0,28963.0
1719940428.5063086,98.0,28963.0
1719940428.6529446,100.0,28963.0
1719940428.8034253,100.0,28963.0
1719940428.9515684,98.0,28963.0
1719940429.0987084,100.0,28963.0
1719940429.2442946,100.0,28963.0
1719940429.3862898,98.0,28963.0
1719940429.5264058,100.0,28963.0
1719940429.6688142,100.0,28963.0
1719940429.8093572,98.0,28963.0
1719940429.9582496,100.0,28963.0
1719940430.1011474,99.0,28963.0
1719940430.2422998,99.0,28963.0
1719940430.392252,98.0,28963.0
1719940430.5415585,97.0,28963.0
1719940430.6883883,96.0,28963.0
1719940430.836799,96.0,28963.0
1719940430.98667,78.0,28963.0
1719940431.1329489,79.0,28963.0
1719940431.2816162,74.0,28963.0
1719940431.432397,74.0,28963.0
1719940431.5839612,75.0,28963.0
1719940431.7309368,77.0,28963.0
1719940431.878076,97.0,28963.0
1719940432.0270078,97.0,28963.0
1719940432.1759267,100.0,28963.0
1719940432.3240917,98.0,28963.0
1719940432.4698713,98.0,28963.0
1719940432.6115983,100.0,28963.0
1719940432.748132,95.0,28963.0
1719940432.8834085,95.0,28963.0
1719940433.0201893,100.0,28963.0
1719940433.1556165,96.0,28963.0
1719940433.2906473,96.0,28963.0
1719940433.4238086,100.0,28963.0
1719940433.5591366,98.0,28963.0
1719940433.6937137,98.0,28963.0
1719940433.827276,100.0,28963.0
1719940433.9613566,98.0,28963.0
1719940434.094267,98.0,28963.0
1719940434.226926,100.0,28963.0
1719940434.359765,98.0,28963.0
1719940434.4932873,100.0,28963.0
1719940434.62601,100.0,28963.0
1719940434.7589164,98.0,28963.0
1719940434.8936775,100.0,28963.0
1719940435.029601,100.0,28963.0
1719940435.1674528,98.0,28963.0
1719940435.3034873,100.0,28963.0
1719940435.4430847,100.0,28963.0
1719940435.5807176,98.0,28963.0
1719940435.7209315,100.0,28963.0
1719940435.855919,100.0,28963.0
1719940436.004501,98.0,28963.0
1719940436.1532755,96.0,28963.0
1719940436.3028004,97.0,28963.0
1719940436.4494667,97.0,28963.0
1719940436.6011496,98.0,28963.0
1719940436.7479193,81.0,28963.0
1719940436.8925831,81.0,28963.0
1719940437.0381408,79.0,28963.0
1719940437.186795,77.0,28963.0
1719940437.333093,77.0,28963.0
1719940437.4764404,77.0,28963.0
1719940437.6220434,77.0,28963.0
