timestamp,gpu_util,gpu_mem
1718655667.0501893,0.0,4.0
1718655667.1838167,0.0,4.0
1718655667.3189173,0.0,4.0
1718655667.4572887,0.0,21.0
1718655667.6043022,0.0,709.0
1718655667.7427032,13.0,709.0
1718655667.8777268,13.0,709.0
1718655668.0118515,0.0,709.0
1718655668.1452513,0.0,709.0
1718655668.279276,0.0,709.0
1718655668.4135497,0.0,709.0
1718655668.5469828,0.0,709.0
1718655668.6810942,0.0,709.0
1718655668.8143501,0.0,709.0
1718655668.9488807,0.0,709.0
1718655669.081701,0.0,709.0
1718655669.216605,0.0,709.0
1718655669.3495247,0.0,709.0
1718655669.48269,0.0,709.0
1718655669.6153078,0.0,709.0
1718655669.7491307,0.0,709.0
1718655669.8835866,0.0,709.0
1718655670.0175526,0.0,709.0
1718655670.1501799,0.0,709.0
1718655670.2946486,0.0,709.0
1718655670.4298322,0.0,709.0
1718655670.5646586,0.0,709.0
1718655670.6982431,0.0,709.0
1718655670.832138,0.0,709.0
1718655670.9662874,0.0,709.0
1718655671.1005712,0.0,709.0
1718655671.2344563,0.0,709.0
1718655671.3959658,0.0,709.0
1718655671.5318692,0.0,709.0
1718655671.6662211,0.0,709.0
1718655671.8014405,0.0,709.0
1718655671.9365013,0.0,709.0
1718655672.070185,0.0,709.0
1718655672.205125,0.0,709.0
1718655672.3395326,0.0,709.0
1718655672.473764,0.0,709.0
1718655672.6061854,0.0,709.0
1718655672.7407389,0.0,709.0
1718655672.8757725,0.0,709.0
1718655673.010964,0.0,709.0
1718655673.1453226,0.0,709.0
1718655673.2786982,0.0,709.0
1718655673.4127529,0.0,709.0
1718655673.546577,0.0,709.0
1718655673.6828089,0.0,709.0
1718655673.815983,0.0,709.0
1718655673.949785,0.0,709.0
1718655674.0833387,0.0,709.0
1718655674.2174058,0.0,709.0
1718655674.3522391,0.0,709.0
1718655674.4852223,0.0,709.0
1718655674.6194873,0.0,709.0
1718655674.7531607,0.0,709.0
1718655674.8886843,0.0,709.0
1718655675.0222871,0.0,709.0
1718655675.1596718,0.0,709.0
1718655675.2948627,0.0,709.0
1718655675.428633,0.0,709.0
1718655675.5633101,0.0,709.0
1718655675.6967506,0.0,709.0
1718655675.8330617,0.0,709.0
1718655675.9692516,0.0,709.0
1718655676.1037724,0.0,709.0
1718655676.2387977,0.0,709.0
1718655676.3729796,0.0,709.0
1718655676.5079634,0.0,709.0
1718655676.6415634,0.0,709.0
1718655676.7762012,0.0,709.0
1718655676.9111803,0.0,709.0
1718655677.045079,0.0,709.0
1718655677.1802642,0.0,709.0
1718655677.3141105,0.0,709.0
1718655677.4482527,0.0,709.0
1718655677.581754,0.0,709.0
1718655677.7162783,0.0,709.0
1718655677.8516212,0.0,709.0
1718655677.9848983,0.0,709.0
1718655678.1184494,0.0,709.0
1718655678.252552,0.0,709.0
1718655678.3876345,0.0,709.0
1718655678.5208306,0.0,709.0
1718655678.65563,0.0,709.0
1718655678.789727,0.0,709.0
1718655678.9256294,0.0,709.0
1718655679.05925,0.0,709.0
1718655679.1944656,0.0,709.0
1718655679.329429,0.0,709.0
1718655679.4627547,0.0,709.0
1718655679.597073,0.0,709.0
1718655679.7302248,0.0,709.0
1718655679.8661108,0.0,709.0
1718655680.0002007,0.0,709.0
1718655680.1349916,0.0,709.0
1718655680.2680972,0.0,709.0
1718655680.4022117,0.0,709.0
1718655680.5375726,0.0,709.0
1718655680.671182,0.0,709.0
1718655680.8057113,0.0,709.0
1718655680.9411938,0.0,709.0
1718655681.075771,0.0,709.0
1718655681.2091107,0.0,709.0
1718655681.3443537,0.0,709.0
1718655681.4777997,0.0,709.0
1718655681.6124659,0.0,709.0
1718655681.7459223,0.0,709.0
1718655681.8812447,0.0,709.0
1718655682.0157654,0.0,709.0
1718655682.1497846,0.0,709.0
1718655682.2855997,0.0,709.0
1718655682.4196532,0.0,709.0
1718655682.5539718,0.0,709.0
1718655682.6871052,0.0,709.0
1718655682.821558,0.0,709.0
1718655682.9567041,0.0,709.0
1718655683.0906188,0.0,709.0
1718655683.2252855,0.0,709.0
1718655683.3592653,0.0,709.0
1718655683.4941666,0.0,709.0
1718655683.6278808,0.0,709.0
1718655683.7626703,0.0,709.0
1718655683.8975706,0.0,709.0
1718655684.03271,0.0,709.0
1718655684.167127,0.0,709.0
1718655684.3002887,0.0,709.0
1718655684.4357626,0.0,709.0
1718655684.5697868,0.0,709.0
1718655684.7043366,0.0,709.0
1718655684.8382332,0.0,709.0
1718655684.9719698,0.0,709.0
1718655685.106679,0.0,709.0
1718655685.240207,0.0,709.0
1718655685.376398,0.0,709.0
1718655685.5094142,0.0,709.0
1718655685.6442943,0.0,709.0
1718655685.7778602,0.0,709.0
1718655685.91215,0.0,709.0
1718655686.0459092,0.0,709.0
1718655686.1806567,0.0,709.0
1718655686.3129532,0.0,709.0
1718655686.4458377,0.0,709.0
1718655686.5793865,0.0,709.0
1718655686.7125614,0.0,709.0
1718655686.8456082,0.0,709.0
1718655686.9783053,0.0,709.0
1718655687.1118588,0.0,709.0
1718655687.24594,0.0,709.0
1718655687.3787582,0.0,709.0
1718655687.5121536,0.0,709.0
1718655687.6455996,0.0,709.0
1718655687.7798405,0.0,709.0
1718655687.9173913,0.0,709.0
1718655688.050599,0.0,709.0
1718655688.1847544,0.0,709.0
1718655688.3180716,0.0,709.0
1718655688.4523122,0.0,709.0
1718655688.5854938,0.0,709.0
1718655688.7190638,0.0,709.0
1718655688.8521392,0.0,709.0
1718655688.9868486,0.0,709.0
1718655689.120222,0.0,709.0
1718655689.2551515,0.0,709.0
1718655689.3901668,0.0,709.0
1718655689.52357,0.0,709.0
1718655689.6583884,0.0,709.0
1718655689.792329,0.0,709.0
1718655689.9274035,0.0,709.0
1718655690.061103,0.0,709.0
1718655690.195242,0.0,709.0
1718655690.3284814,0.0,709.0
1718655690.4634566,0.0,709.0
1718655690.597875,0.0,709.0
1718655690.7314978,0.0,709.0
1718655690.868095,0.0,709.0
1718655691.0017183,0.0,709.0
1718655691.1351597,0.0,709.0
1718655691.268129,0.0,709.0
1718655691.401309,0.0,709.0
1718655691.5356774,0.0,709.0
1718655691.6695364,0.0,709.0
1718655691.8029804,0.0,709.0
1718655691.9373734,0.0,709.0
1718655692.0709713,0.0,709.0
1718655692.207842,0.0,709.0
1718655692.3424246,0.0,709.0
1718655692.475842,0.0,709.0
1718655692.6094768,0.0,709.0
1718655692.7427168,0.0,709.0
1718655692.8779607,0.0,709.0
1718655693.011356,0.0,709.0
1718655693.144488,0.0,709.0
1718655693.2779484,0.0,709.0
1718655693.4117043,0.0,709.0
1718655693.5451348,0.0,709.0
1718655693.6791627,0.0,709.0
1718655693.8119597,0.0,709.0
1718655693.9453878,0.0,709.0
1718655694.0782847,0.0,709.0
1718655694.2119834,0.0,709.0
1718655694.3449512,0.0,709.0
1718655694.4801056,0.0,709.0
1718655694.6143873,0.0,709.0
1718655694.7474086,0.0,709.0
1718655694.8851352,0.0,709.0
1718655695.018568,0.0,709.0
1718655695.1527798,0.0,709.0
1718655695.2857604,0.0,709.0
1718655695.419231,0.0,709.0
1718655695.5523753,0.0,709.0
1718655695.6869328,0.0,709.0
1718655695.8380523,0.0,709.0
1718655695.9950135,0.0,709.0
1718655696.1546595,0.0,709.0
1718655696.3093593,0.0,709.0
1718655696.4617236,0.0,709.0
1718655696.608638,0.0,709.0
1718655696.762438,0.0,709.0
1718655696.9156814,0.0,709.0
1718655697.0701156,0.0,709.0
1718655697.2443533,0.0,709.0
1718655697.4025187,0.0,709.0
1718655697.5495903,0.0,709.0
1718655697.6933055,0.0,709.0
1718655697.8938708,0.0,709.0
1718655698.0982475,0.0,709.0
1718655698.3032808,0.0,709.0
1718655698.4596663,0.0,709.0
1718655698.6577368,0.0,709.0
1718655698.8149233,0.0,709.0
1718655698.9853253,0.0,709.0
1718655699.1396275,0.0,709.0
1718655699.2730553,0.0,709.0
1718655699.4081967,0.0,709.0
1718655699.5425172,0.0,1513.0
1718655699.6767294,0.0,1521.0
1718655699.8112278,1.0,2289.0
1718655699.9477582,25.0,5465.0
1718655700.086263,76.0,16759.0
1718655700.2475207,76.0,16767.0
1718655700.4162035,60.0,16777.0
1718655700.5948713,3.0,22939.0
1718655700.7573488,59.0,22939.0
1718655700.9399533,100.0,22939.0
1718655701.0859177,100.0,22939.0
1718655701.2496324,100.0,22939.0
1718655701.3964496,100.0,22941.0
1718655701.5598462,80.0,22945.0
1718655701.7172089,71.0,22947.0
1718655701.88385,0.0,22947.0
1718655702.0580792,0.0,22947.0
1718655702.2457676,0.0,22947.0
1718655702.460798,0.0,22947.0
1718655702.6783361,0.0,22947.0
1718655702.87036,0.0,22947.0
1718655703.0858667,0.0,22947.0
1718655703.2484574,0.0,22947.0
1718655703.429427,0.0,22947.0
1718655703.602728,0.0,22947.0
1718655703.7513423,0.0,22947.0
1718655703.8937593,0.0,22947.0
1718655704.0494945,0.0,22947.0
1718655704.1987064,70.0,22947.0
1718655704.3441014,99.0,22949.0
1718655704.492128,100.0,22949.0
1718655704.6647682,100.0,22949.0
1718655704.8380718,100.0,22949.0
1718655705.0076003,100.0,22949.0
1718655705.170085,100.0,22949.0
1718655705.3637176,100.0,22949.0
1718655705.5291078,1.0,22949.0
1718655705.6829448,0.0,22949.0
1718655705.847536,0.0,22949.0
1718655706.01432,0.0,22949.0
1718655706.1840966,0.0,22949.0
1718655706.3752093,0.0,22949.0
1718655706.5907393,0.0,22949.0
1718655706.7965353,0.0,22949.0
1718655707.0085018,0.0,22949.0
1718655707.1983998,0.0,22949.0
1718655707.4130807,0.0,22949.0
1718655707.5638444,0.0,22949.0
1718655707.717935,0.0,22949.0
1718655707.8852518,0.0,22949.0
1718655708.0342824,0.0,22949.0
1718655708.1797094,0.0,22949.0
1718655708.3233974,0.0,22949.0
1718655708.4686363,0.0,22949.0
1718655708.6145504,98.0,22949.0
1718655708.7601748,97.0,22949.0
1718655708.9065235,100.0,22949.0
1718655709.0703542,100.0,22949.0
1718655709.238084,100.0,22949.0
1718655709.3979774,100.0,22949.0
1718655709.5611675,100.0,22949.0
1718655709.7754123,77.0,22949.0
1718655709.9463649,0.0,22949.0
1718655710.1003652,0.0,22949.0
1718655710.2564921,0.0,22949.0
1718655710.438287,0.0,22949.0
1718655710.605789,0.0,22949.0
1718655710.7643945,0.0,22949.0
1718655710.9819589,0.0,22949.0
1718655711.1973054,0.0,22949.0
1718655711.401797,0.0,22949.0
1718655711.5937874,0.0,22949.0
1718655711.790087,0.0,22949.0
1718655711.9492,0.0,22949.0
1718655712.118567,0.0,22949.0
1718655712.2878358,0.0,22949.0
1718655712.4331355,0.0,22949.0
1718655712.5779624,0.0,22949.0
1718655712.7310727,63.0,22949.0
1718655712.880754,63.0,22949.0
1718655713.025455,99.0,22949.0
1718655713.172015,100.0,22949.0
1718655713.3562005,100.0,22949.0
1718655713.5298076,100.0,22949.0
1718655713.7177072,100.0,22949.0
1718655713.8847032,100.0,22949.0
1718655714.0581558,100.0,22949.0
1718655714.2271857,5.0,22949.0
1718655714.3782136,0.0,22949.0
1718655714.5346963,0.0,22949.0
1718655714.7037404,0.0,22949.0
1718655714.8694172,0.0,22949.0
1718655715.0474174,0.0,22949.0
1718655715.2812872,0.0,22949.0
1718655715.496885,0.0,22949.0
1718655715.7127233,0.0,22949.0
1718655715.9027798,0.0,22949.0
1718655716.0965471,0.0,22949.0
1718655716.2625182,0.0,22949.0
1718655716.4356198,0.0,22949.0
1718655716.5980802,0.0,22949.0
1718655716.7473168,0.0,22949.0
1718655716.8910825,0.0,22949.0
1718655717.0362642,24.0,22949.0
1718655717.1822855,100.0,22949.0
1718655717.3287184,100.0,22949.0
1718655717.4729958,99.0,22949.0
1718655717.660608,100.0,22949.0
1718655717.8382218,100.0,22949.0
1718655718.000123,100.0,22949.0
1718655718.183993,100.0,22949.0
1718655718.3749535,55.0,22949.0
1718655718.547367,55.0,22949.0
1718655718.7085977,0.0,22949.0
1718655718.866816,0.0,22949.0
1718655719.0389738,0.0,22949.0
1718655719.203139,0.0,22949.0
1718655719.3683443,0.0,22949.0
1718655719.5847645,0.0,22949.0
1718655719.801422,0.0,22949.0
1718655720.0181527,0.0,22949.0
1718655720.2169757,0.0,22949.0
1718655720.413911,0.0,22949.0
1718655720.587198,0.0,22949.0
1718655720.7504015,0.0,22949.0
1718655720.9095871,0.0,22949.0
1718655721.0556524,0.0,22949.0
1718655721.200077,1.0,22949.0
1718655721.3447382,100.0,22949.0
1718655721.4894223,100.0,22949.0
1718655721.6343927,99.0,22949.0
1718655721.781491,100.0,22949.0
1718655721.9503055,100.0,22949.0
1718655722.134589,100.0,22949.0
1718655722.3015082,100.0,22949.0
1718655722.4667344,100.0,22949.0
1718655722.656529,74.0,22949.0
1718655722.8300135,0.0,22949.0
1718655722.9852152,0.0,22949.0
1718655723.1431398,0.0,22949.0
1718655723.32336,0.0,22949.0
1718655723.506012,0.0,22949.0
1718655723.6720307,0.0,22949.0
1718655723.8911607,0.0,22949.0
1718655724.1045885,0.0,22949.0
1718655724.311483,0.0,22949.0
1718655724.502077,0.0,22949.0
1718655724.6900403,0.0,22949.0
1718655724.8466074,0.0,22949.0
1718655725.018753,0.0,22949.0
1718655725.1856015,0.0,22949.0
1718655725.3322406,0.0,22949.0
1718655725.4770346,0.0,22949.0
1718655725.6213386,0.0,22949.0
1718655725.7681766,29.0,22949.0
1718655725.9123335,100.0,22949.0
1718655726.055822,99.0,22949.0
1718655726.2379441,100.0,22949.0
1718655726.4002857,100.0,22949.0
1718655726.57324,100.0,22949.0
1718655726.74497,100.0,22949.0
1718655726.9187367,100.0,22949.0
1718655727.073563,49.0,22949.0
1718655727.2347531,0.0,22949.0
1718655727.4017286,0.0,22949.0
1718655727.5694318,0.0,22949.0
1718655727.74673,0.0,22949.0
1718655727.922962,0.0,22949.0
1718655728.0750892,0.0,22949.0
1718655728.3061695,0.0,22949.0
1718655728.4942508,0.0,22949.0
1718655728.7144587,0.0,22949.0
1718655728.9313483,0.0,22949.0
1718655729.11014,0.0,22949.0
1718655729.2691245,0.0,22949.0
1718655729.4481153,0.0,22949.0
1718655729.6111538,0.0,22949.0
1718655729.7668068,0.0,22949.0
1718655729.915607,0.0,22949.0
1718655730.066074,55.0,22949.0
1718655730.2198305,55.0,22949.0
1718655730.376966,100.0,22949.0
1718655730.5861182,100.0,22949.0
1718655730.7684379,100.0,22949.0
1718655730.9543386,100.0,22949.0
1718655731.1304674,100.0,22949.0
1718655731.2977788,100.0,22949.0
1718655731.5037816,12.0,22949.0
1718655731.677854,0.0,22949.0
1718655731.8383055,0.0,22949.0
1718655732.0089707,0.0,22949.0
1718655732.1748807,0.0,22949.0
1718655732.348222,0.0,22949.0
1718655732.5338786,0.0,22949.0
1718655732.746005,0.0,22949.0
1718655732.9770257,0.0,22949.0
1718655733.1830032,0.0,22949.0
1718655733.3775716,0.0,22949.0
1718655733.5841675,0.0,22949.0
1718655733.7536926,0.0,22949.0
1718655733.9421003,0.0,22949.0
1718655734.091085,0.0,22949.0
1718655734.2367024,0.0,22949.0
1718655734.381634,0.0,22949.0
1718655734.529905,12.0,22949.0
1718655734.6766365,100.0,22949.0
1718655734.8208637,100.0,22949.0
1718655734.9657698,99.0,22949.0
1718655735.1421063,100.0,22949.0
1718655735.3148396,100.0,22949.0
1718655735.4886525,100.0,22949.0
1718655735.6603608,100.0,22949.0
1718655735.850039,64.0,22949.0
1718655736.0114634,0.0,22949.0
1718655736.1691587,0.0,22949.0
1718655736.336399,0.0,22949.0
1718655736.5052884,0.0,22949.0
1718655736.674374,0.0,22949.0
1718655736.8336835,0.0,22949.0
1718655737.0204802,0.0,22949.0
1718655737.241377,0.0,22949.0
1718655737.4416504,0.0,22949.0
1718655737.656045,0.0,22949.0
1718655737.8617396,0.0,22949.0
1718655738.0376663,0.0,22949.0
1718655738.23197,0.0,22949.0
1718655738.4060538,0.0,22949.0
1718655738.5514133,0.0,22949.0
1718655738.6976218,0.0,22949.0
1718655738.8430548,0.0,22949.0
1718655738.987939,72.0,22949.0
1718655739.1334226,99.0,22949.0
1718655739.2798502,99.0,22949.0
1718655739.4606361,100.0,22949.0
1718655739.6229184,100.0,22949.0
1718655739.798899,100.0,22949.0
1718655739.9725714,100.0,22949.0
1718655740.1497052,99.0,22949.0
1718655740.3050447,0.0,22949.0
1718655740.4832304,0.0,22949.0
1718655740.6511025,0.0,22949.0
1718655740.8243773,0.0,22949.0
1718655741.0420003,0.0,22949.0
1718655741.2643156,0.0,22949.0
1718655741.4583762,0.0,22949.0
1718655741.6726193,0.0,22949.0
1718655741.857313,0.0,22949.0
1718655742.0810118,0.0,22949.0
1718655742.2831442,0.0,22949.0
1718655742.4665484,0.0,22949.0
1718655742.6346273,0.0,22949.0
1718655742.77921,0.0,22949.0
1718655742.9235523,0.0,22949.0
1718655743.069893,0.0,22949.0
1718655743.2153852,63.0,22949.0
1718655743.360285,99.0,22949.0
1718655743.5069878,99.0,22949.0
1718655743.6838584,100.0,22949.0
1718655743.8589194,100.0,22949.0
1718655744.0164857,100.0,22949.0
1718655744.188073,100.0,22949.0
1718655744.3782709,100.0,22949.0
1718655744.5332901,5.0,22949.0
1718655744.7013044,0.0,22949.0
1718655744.8555517,0.0,22949.0
1718655745.0150936,0.0,22949.0
1718655745.198294,0.0,22949.0
1718655745.3636491,0.0,22949.0
1718655745.5157802,0.0,22949.0
1718655745.7347248,0.0,22949.0
1718655745.9316032,0.0,22949.0
1718655746.1350615,0.0,22949.0
1718655746.326559,0.0,22949.0
1718655746.5259778,0.0,22949.0
1718655746.6878278,0.0,22949.0
1718655746.8619995,0.0,22949.0
1718655747.0168154,0.0,22949.0
1718655747.162223,0.0,22949.0
1718655747.3069305,0.0,22949.0
1718655747.4524088,6.0,22949.0
1718655747.600912,100.0,22949.0
1718655747.7468266,99.0,22949.0
1718655747.8932414,99.0,22949.0
1718655748.0798419,100.0,22949.0
1718655748.2474287,100.0,22949.0
1718655748.4182985,100.0,22949.0
1718655748.581887,100.0,22949.0
1718655748.759643,70.0,22949.0
1718655748.9363918,0.0,22949.0
1718655749.0914621,0.0,22949.0
1718655749.2545595,0.0,22949.0
1718655749.429886,0.0,22949.0
1718655749.593771,0.0,22949.0
1718655749.7634013,0.0,22949.0
1718655749.9473991,0.0,22949.0
1718655750.1565056,0.0,22949.0
1718655750.3509042,0.0,22949.0
1718655750.5642288,0.0,22949.0
1718655750.7847211,0.0,22949.0
1718655750.9554386,0.0,22949.0
1718655751.1410103,0.0,22949.0
1718655751.309935,0.0,22949.0
1718655751.4569762,0.0,22949.0
1718655751.6013076,0.0,22949.0
1718655751.747585,49.0,22949.0
1718655751.894228,49.0,22949.0
1718655752.038789,100.0,22949.0
1718655752.1853998,99.0,22949.0
1718655752.350819,100.0,22949.0
1718655752.531859,100.0,22949.0
1718655752.708987,100.0,22949.0
1718655752.8766158,100.0,22949.0
1718655753.1184132,100.0,22949.0
1718655753.3144634,0.0,22949.0
1718655753.4705737,0.0,22949.0
1718655753.630621,0.0,22949.0
1718655753.8127425,0.0,22949.0
1718655753.978633,0.0,22949.0
1718655754.1453285,0.0,22949.0
1718655754.356488,0.0,22949.0
1718655754.5653157,0.0,22949.0
1718655754.7885823,0.0,22949.0
1718655754.9563756,0.0,22949.0
1718655755.1702096,0.0,22949.0
1718655755.314413,0.0,22949.0
1718655755.4861271,0.0,22949.0
1718655755.6655173,0.0,22949.0
1718655755.8101568,0.0,22949.0
1718655755.9537203,0.0,22949.0
1718655756.10512,0.0,22949.0
1718655756.2520752,89.0,22949.0
1718655756.3978443,99.0,22949.0
1718655756.543381,99.0,22949.0
1718655756.7169545,100.0,22949.0
1718655756.884805,100.0,22949.0
1718655757.0594301,100.0,22949.0
1718655757.2252326,100.0,22949.0
1718655757.4222572,80.0,22949.0
1718655757.5980728,0.0,22949.0
1718655757.750267,0.0,22949.0
1718655757.9216352,0.0,22949.0
1718655758.0873506,0.0,22949.0
1718655758.27239,0.0,22949.0
1718655758.4448702,0.0,22949.0
1718655758.6335065,0.0,22949.0
1718655758.8516493,0.0,22949.0
1718655759.0407994,0.0,22949.0
1718655759.237885,0.0,22949.0
1718655759.455115,0.0,22949.0
1718655759.6181238,0.0,22949.0
1718655759.7989945,0.0,22949.0
1718655759.9786468,0.0,22949.0
1718655760.124232,0.0,22949.0
1718655760.2691514,0.0,22949.0
1718655760.413981,32.0,22949.0
1718655760.5600271,32.0,22949.0
1718655760.7098987,100.0,22949.0
1718655760.8553667,98.0,22949.0
1718655761.0278199,100.0,22949.0
1718655761.1936648,100.0,22949.0
1718655761.3793628,100.0,22949.0
1718655761.560272,100.0,22949.0
1718655761.7563384,100.0,22949.0
1718655761.9115236,46.0,22949.0
1718655762.08013,0.0,22949.0
1718655762.2446027,0.0,22949.0
1718655762.4291675,0.0,22949.0
1718655762.6276417,0.0,22949.0
1718655762.8008971,0.0,22949.0
1718655762.9978607,0.0,22949.0
1718655763.2137938,0.0,22949.0
1718655763.399625,0.0,22949.0
1718655763.6124227,0.0,22949.0
1718655763.8331106,0.0,22949.0
1718655764.0141234,0.0,22949.0
1718655764.18377,0.0,22949.0
1718655764.3528013,0.0,22949.0
1718655764.499418,0.0,22949.0
1718655764.6483226,0.0,22949.0
1718655764.7930534,0.0,22949.0
1718655764.9385092,49.0,22949.0
1718655765.0837173,100.0,22949.0
1718655765.244898,99.0,22949.0
1718655765.424481,100.0,22949.0
1718655765.6073263,100.0,22949.0
1718655765.7781978,100.0,22949.0
1718655765.9514017,100.0,22949.0
1718655766.1754286,100.0,22949.0
1718655766.3496716,15.0,22949.0
1718655766.5002785,0.0,22949.0
1718655766.656779,0.0,22949.0
1718655766.831857,0.0,22949.0
1718655767.010221,0.0,22949.0
1718655767.1724427,0.0,22949.0
1718655767.388706,0.0,22949.0
1718655767.6060345,0.0,22949.0
1718655767.8298008,0.0,22949.0
1718655768.0141833,0.0,22949.0
1718655768.2083893,0.0,22949.0
1718655768.357853,0.0,22949.0
1718655768.5252945,0.0,22949.0
1718655768.690481,0.0,22949.0
1718655768.8372831,0.0,22949.0
1718655768.9821582,0.0,22949.0
1718655769.127515,0.0,22949.0
1718655769.2742605,95.0,22949.0
1718655769.4204218,95.0,22949.0
1718655769.571841,99.0,22949.0
1718655769.7437716,100.0,22949.0
1718655769.9186113,100.0,22949.0
1718655770.072118,100.0,22949.0
1718655770.2458975,100.0,22949.0
1718655770.4215028,100.0,22949.0
1718655770.6063044,0.0,22949.0
1718655770.7718613,0.0,22949.0
1718655770.9268982,0.0,22949.0
1718655771.090166,0.0,22949.0
1718655771.2579045,0.0,22949.0
1718655771.45001,0.0,22949.0
1718655771.6701708,0.0,22949.0
1718655771.8734343,0.0,22949.0
1718655772.0809753,0.0,22949.0
1718655772.2561383,0.0,22949.0
1718655772.449458,0.0,22949.0
1718655772.6433725,0.0,22949.0
1718655772.8156133,0.0,22949.0
1718655772.9799166,0.0,22949.0
1718655773.125101,0.0,22949.0
1718655773.2703836,0.0,22949.0
1718655773.4148242,0.0,22949.0
1718655773.565408,59.0,22949.0
1718655773.71339,99.0,22949.0
1718655773.8590736,99.0,22949.0
1718655774.0343456,100.0,22949.0
1718655774.21538,100.0,22949.0
1718655774.378638,100.0,22949.0
1718655774.543225,100.0,22949.0
1718655774.7120895,100.0,22949.0
1718655774.8708959,9.0,22949.0
1718655775.0445344,9.0,22949.0
1718655775.237207,0.0,22949.0
1718655775.413816,0.0,22949.0
1718655775.586071,0.0,22949.0
1718655775.754472,0.0,22949.0
1718655775.9236174,0.0,22949.0
1718655776.1716168,0.0,22949.0
1718655776.3582745,0.0,22949.0
1718655776.5772495,0.0,22949.0
1718655776.794111,0.0,22949.0
1718655776.968826,0.0,22949.0
1718655777.154451,0.0,22949.0
1718655777.3305075,0.0,22949.0
1718655777.4766636,0.0,22949.0
1718655777.6212988,0.0,22949.0
1718655777.7667634,8.0,22949.0
1718655777.915783,100.0,22949.0
1718655778.0599911,100.0,22949.0
1718655778.2046878,99.0,22949.0
1718655778.371286,100.0,22949.0
1718655778.535354,100.0,22949.0
1718655778.7034268,100.0,22949.0
1718655778.8695881,100.0,22949.0
1718655779.0940006,67.0,22949.0
1718655779.2580075,67.0,22949.0
1718655779.4688532,0.0,22949.0
1718655779.6286912,0.0,22949.0
1718655779.805035,0.0,22949.0
1718655779.9682062,0.0,22949.0
1718655780.1455042,0.0,22949.0
1718655780.3380625,0.0,22949.0
1718655780.5532043,0.0,22949.0
1718655780.7735412,0.0,22949.0
1718655780.9755447,0.0,22949.0
1718655781.1906343,0.0,22949.0
1718655781.3470395,0.0,22949.0
1718655781.5289974,0.0,22949.0
1718655781.702861,0.0,22949.0
1718655781.848751,0.0,22949.0
1718655781.991202,0.0,22949.0
1718655782.1420472,41.0,22949.0
1718655782.2885802,41.0,22949.0
1718655782.43404,100.0,22949.0
1718655782.5816581,99.0,22949.0
1718655782.76444,100.0,22949.0
1718655782.9398382,100.0,22949.0
1718655783.0977519,100.0,22949.0
1718655783.2625806,100.0,22949.0
1718655783.4662282,100.0,22949.0
1718655783.6178186,36.0,22949.0
1718655783.781691,0.0,22949.0
1718655783.9599102,0.0,22949.0
1718655784.1413476,0.0,22949.0
1718655784.3250198,0.0,22949.0
1718655784.4951093,0.0,22949.0
1718655784.6868875,0.0,22949.0
1718655784.8990066,0.0,22949.0
1718655785.0846543,0.0,22949.0
1718655785.3139849,0.0,22949.0
1718655785.507587,0.0,22949.0
1718655785.6930492,0.0,22949.0
1718655785.8608043,0.0,22949.0
1718655786.0253358,0.0,22949.0
1718655786.1713853,0.0,22949.0
1718655786.316052,0.0,22949.0
1718655786.4608,0.0,22949.0
1718655786.605807,47.0,22949.0
1718655786.7538607,100.0,22949.0
1718655786.8999007,100.0,22949.0
1718655787.0472128,99.0,22949.0
1718655787.2167823,100.0,22949.0
1718655787.3833082,100.0,22949.0
1718655787.5538707,100.0,22949.0
1718655787.7284193,100.0,22949.0
1718655787.9265907,100.0,22949.0
1718655788.084906,20.0,22949.0
1718655788.2536023,0.0,22949.0
1718655788.4122245,0.0,22949.0
1718655788.579082,0.0,22949.0
1718655788.7780387,0.0,22949.0
1718655788.939354,0.0,22949.0
1718655789.1294158,0.0,22949.0
1718655789.340838,0.0,22949.0
1718655789.5212848,0.0,22949.0
1718655789.7448647,0.0,22949.0
1718655789.9629753,0.0,22949.0
1718655790.1322503,0.0,22949.0
1718655790.3259737,0.0,22949.0
1718655790.5126107,0.0,22949.0
1718655790.6586854,0.0,22949.0
1718655790.8032427,0.0,22949.0
1718655790.9477482,0.0,22949.0
1718655791.0943816,64.0,22949.0
1718655791.2400806,99.0,22949.0
1718655791.3924341,100.0,22949.0
1718655791.5628154,100.0,22949.0
1718655791.7412648,100.0,22949.0
1718655791.9153075,100.0,22949.0
1718655792.0859258,100.0,22949.0
1718655792.2708967,100.0,22949.0
1718655792.4354336,4.0,22949.0
1718655792.5861087,0.0,22949.0
1718655792.749902,0.0,22949.0
1718655792.9338045,0.0,22949.0
1718655793.101856,0.0,22949.0
1718655793.2632277,0.0,22949.0
1718655793.473708,0.0,22949.0
1718655793.6913311,0.0,22949.0
1718655793.9112983,0.0,22949.0
1718655794.0769057,0.0,22949.0
1718655794.2921417,0.0,22949.0
1718655794.4470372,0.0,22949.0
1718655794.6319745,0.0,22949.0
1718655794.7987568,0.0,22949.0
1718655794.950454,0.0,22949.0
1718655795.0971837,0.0,22949.0
1718655795.242404,23.0,22949.0
1718655795.390126,23.0,22949.0
1718655795.5342648,100.0,22949.0
1718655795.6876414,99.0,22949.0
1718655795.8842485,100.0,22949.0
1718655796.0551875,100.0,22949.0
1718655796.2254057,100.0,22949.0
1718655796.406373,100.0,22949.0
1718655796.5828755,53.0,22949.0
1718655796.7446659,0.0,22949.0
1718655796.8966668,0.0,22949.0
1718655797.0576692,0.0,22949.0
1718655797.2195315,0.0,22949.0
1718655797.3964796,0.0,22949.0
1718655797.5578513,0.0,22949.0
1718655797.749605,0.0,22949.0
1718655797.9707925,0.0,22949.0
1718655798.1816525,0.0,22949.0
1718655798.3625824,0.0,22949.0
1718655798.5807526,0.0,22949.0
1718655798.7519867,0.0,22949.0
1718655798.9017897,0.0,22949.0
1718655799.0708644,0.0,22949.0
1718655799.2171066,0.0,22949.0
1718655799.3619633,0.0,22949.0
1718655799.5063937,0.0,22949.0
1718655799.652736,81.0,22949.0
1718655799.798377,81.0,22949.0
1718655799.960704,99.0,22949.0
1718655800.1202724,100.0,22949.0
1718655800.2888014,100.0,22949.0
1718655800.4742584,100.0,22949.0
1718655800.643599,100.0,22949.0
1718655800.8225756,100.0,22949.0
1718655800.9787586,90.0,22949.0
1718655801.1430209,0.0,22949.0
1718655801.3232796,0.0,22949.0
1718655801.501236,0.0,22949.0
1718655801.6919105,0.0,22949.0
1718655801.8628457,0.0,22949.0
1718655802.079363,0.0,22949.0
1718655802.2867832,0.0,22949.0
1718655802.501187,0.0,22949.0
1718655802.690253,0.0,22949.0
1718655802.9119644,0.0,22949.0
1718655803.0603158,0.0,22949.0
1718655803.2260175,0.0,22949.0
1718655803.3978615,0.0,22949.0
1718655803.5509799,0.0,22949.0
1718655803.7026138,0.0,22949.0
1718655803.8526106,2.0,22949.0
1718655804.0026662,100.0,22949.0
1718655804.1567574,100.0,22949.0
1718655804.3139093,99.0,22949.0
1718655804.480013,100.0,22949.0
1718655804.6693063,100.0,22949.0
1718655804.8333838,100.0,22949.0
1718655805.0222206,100.0,22949.0
1718655805.2073183,100.0,22949.0
1718655805.3618677,70.0,22949.0
1718655805.5296984,0.0,22949.0
1718655805.6776476,0.0,22949.0
1718655805.8323627,0.0,22949.0
1718655806.008753,0.0,22949.0
1718655806.1767938,0.0,22949.0
1718655806.3552501,0.0,22949.0
1718655806.5824294,0.0,22949.0
1718655806.7950857,0.0,22949.0
1718655806.9983785,0.0,22949.0
1718655807.1861136,0.0,22949.0
1718655807.375844,0.0,22949.0
1718655807.534067,0.0,22949.0
1718655807.7070365,0.0,22949.0
1718655807.8748174,0.0,22949.0
1718655808.0187507,0.0,22949.0
1718655808.1633368,0.0,22949.0
1718655808.308463,37.0,22949.0
1718655808.4539082,100.0,22949.0
1718655808.596896,100.0,22949.0
1718655808.741428,99.0,22949.0
1718655808.9281838,100.0,22949.0
1718655809.0986993,100.0,22949.0
1718655809.2636743,100.0,22949.0
1718655809.4419158,100.0,22949.0
1718655809.61835,100.0,22949.0
1718655809.7718523,43.0,22949.0
1718655809.9302213,0.0,22949.0
1718655810.0968397,0.0,22949.0
1718655810.2692416,0.0,22949.0
1718655810.4439104,0.0,22949.0
1718655810.6096492,0.0,22949.0
1718655810.774851,0.0,22949.0
1718655810.9946356,0.0,22949.0
1718655811.1971223,0.0,22949.0
1718655811.412328,0.0,22949.0
1718655811.6306984,0.0,22949.0
1718655811.8058753,0.0,22949.0
1718655811.9710886,0.0,22949.0
1718655812.1480074,0.0,22949.0
1718655812.2930458,0.0,22949.0
1718655812.4401376,0.0,22949.0
1718655812.5829282,0.0,22949.0
1718655812.7273278,58.0,22949.0
1718655812.8715808,58.0,22949.0
1718655813.0152128,99.0,22949.0
1718655813.1714482,100.0,22949.0
1718655813.3603427,100.0,22949.0
1718655813.5397325,100.0,22949.0
1718655813.7033653,100.0,22949.0
1718655813.8742867,100.0,22949.0
1718655814.0700479,10.0,22949.0
1718655814.2361536,10.0,22949.0
1718655814.382627,0.0,22949.0
1718655814.5398438,0.0,22949.0
1718655814.72086,0.0,22949.0
1718655814.88803,0.0,22949.0
1718655815.0602262,0.0,22949.0
1718655815.2827685,0.0,22949.0
1718655815.5009358,0.0,22949.0
1718655815.7296007,0.0,22949.0
1718655815.9497995,0.0,22949.0
1718655816.1216905,0.0,22949.0
1718655816.277835,0.0,22949.0
1718655816.4404008,0.0,22949.0
1718655816.5968428,0.0,22949.0
1718655816.7451131,0.0,22949.0
1718655816.890274,0.0,22949.0
1718655817.0359771,14.0,22949.0
1718655817.1820834,100.0,22949.0
1718655817.3277557,99.0,22949.0
1718655817.495853,99.0,22949.0
1718655817.6670263,100.0,22949.0
1718655817.8604655,100.0,22949.0
1718655818.0436296,100.0,22949.0
1718655818.2137873,100.0,22949.0
1718655818.3631854,61.0,22949.0
1718655818.5503278,0.0,22949.0
1718655818.69799,0.0,22949.0
1718655818.8581653,0.0,22949.0
1718655819.0173464,0.0,22949.0
1718655819.1908383,0.0,22949.0
1718655819.3542278,0.0,22949.0
1718655819.5685976,0.0,22949.0
1718655819.7982175,0.0,22949.0
1718655820.0003724,0.0,22949.0
1718655820.1897771,0.0,22949.0
1718655820.383014,0.0,22949.0
1718655820.5497036,0.0,22949.0
1718655820.7272415,0.0,22949.0
1718655820.8967779,0.0,22949.0
1718655821.0426354,0.0,22949.0
1718655821.1871886,0.0,22949.0
1718655821.3409946,38.0,22949.0
1718655821.4880397,38.0,22949.0
1718655821.6339693,100.0,22949.0
1718655821.785451,99.0,22949.0
1718655821.9816527,100.0,22949.0
1718655822.154241,100.0,22949.0
1718655822.3203332,100.0,22949.0
1718655822.4954028,100.0,22949.0
1718655822.6727753,41.0,22949.0
1718655822.859416,41.0,22949.0
1718655823.01547,0.0,22949.0
1718655823.1714842,0.0,22949.0
1718655823.3563201,0.0,22949.0
1718655823.5505264,0.0,22949.0
1718655823.7022402,0.0,22949.0
1718655823.9167392,0.0,22949.0
1718655824.129847,0.0,22949.0
1718655824.344343,0.0,22949.0
1718655824.5390701,0.0,22949.0
1718655824.7157907,0.0,22949.0
1718655824.8689103,0.0,22949.0
1718655825.0501227,0.0,22949.0
1718655825.212342,0.0,22949.0
1718655825.3559475,0.0,22949.0
1718655825.5011287,0.0,22949.0
1718655825.6477983,13.0,22949.0
1718655825.7945914,100.0,22949.0
1718655825.9397917,99.0,22949.0
1718655826.0904086,99.0,22949.0
1718655826.257108,100.0,22949.0
1718655826.4405284,100.0,22949.0
1718655826.6078513,100.0,22949.0
1718655826.7768953,100.0,22949.0
1718655826.9623091,62.0,22949.0
1718655827.117611,62.0,22949.0
1718655827.277109,0.0,22949.0
1718655827.4544148,0.0,22949.0
1718655827.6309114,0.0,22949.0
1718655827.8476534,0.0,22949.0
1718655828.0135086,0.0,22949.0
1718655828.2251961,0.0,22949.0
1718655828.442518,0.0,22949.0
1718655828.652248,0.0,22949.0
1718655828.837832,0.0,22949.0
1718655829.0544415,0.0,22949.0
1718655829.2202768,0.0,22949.0
1718655829.3899138,0.0,22949.0
1718655829.5618289,0.0,22949.0
1718655829.7174811,0.0,22949.0
1718655829.865628,0.0,22949.0
1718655830.0199988,21.0,22949.0
1718655830.1728902,100.0,22949.0
1718655830.3166873,100.0,22949.0
1718655830.4606884,99.0,22949.0
1718655830.634923,100.0,22949.0
1718655830.8061068,100.0,22949.0
1718655830.97034,100.0,22949.0
1718655831.148159,100.0,22949.0
1718655831.3221228,100.0,22949.0
1718655831.478216,54.0,22949.0
1718655831.6590908,0.0,22949.0
1718655831.8303847,0.0,22949.0
1718655832.0055182,0.0,22949.0
1718655832.1623063,0.0,22949.0
1718655832.325382,0.0,22949.0
1718655832.4878569,0.0,22949.0
1718655832.6928778,0.0,22949.0
1718655832.8821917,0.0,22949.0
1718655833.0937586,0.0,22949.0
1718655833.2779803,0.0,22949.0
1718655833.4634743,0.0,22949.0
1718655833.6146438,0.0,22949.0
1718655833.7774389,0.0,22949.0
1718655833.9590416,0.0,22949.0
1718655834.104348,0.0,22949.0
1718655834.250926,0.0,22949.0
1718655834.3954477,59.0,22949.0
1718655834.545311,99.0,22949.0
1718655834.6911156,99.0,22949.0
1718655834.8375158,100.0,22949.0
1718655835.008852,100.0,22949.0
1718655835.1709843,100.0,22949.0
1718655835.3453245,100.0,22949.0
1718655835.5153975,100.0,22949.0
1718655835.7192624,8.0,22949.0
1718655835.902639,8.0,22949.0
1718655836.0542495,0.0,22949.0
1718655836.2180128,0.0,22949.0
1718655836.386821,0.0,22949.0
1718655836.5974457,0.0,22949.0
1718655836.8092039,0.0,22949.0
1718655836.9701722,0.0,22949.0
1718655837.170083,0.0,22949.0
1718655837.3577905,0.0,22949.0
1718655837.5747755,0.0,22949.0
1718655837.7657058,0.0,22949.0
1718655837.9393694,0.0,22949.0
1718655838.1082678,0.0,22949.0
1718655838.2534666,0.0,22949.0
1718655838.3990676,0.0,22949.0
1718655838.5436301,0.0,22949.0
1718655838.6902244,72.0,22949.0
1718655838.8358371,99.0,22949.0
1718655838.9824057,99.0,22949.0
1718655839.1640878,100.0,22949.0
1718655839.326933,100.0,22949.0
1718655839.493159,100.0,22949.0
1718655839.6684964,100.0,22949.0
1718655839.8686795,94.0,22949.0
1718655840.0327702,0.0,22949.0
1718655840.1929195,0.0,22949.0
1718655840.3600013,0.0,22949.0
1718655840.514103,0.0,22949.0
1718655840.6763017,0.0,22949.0
1718655840.847649,0.0,22949.0
1718655841.026336,0.0,22949.0
1718655841.2411463,0.0,22949.0
1718655841.4659436,0.0,22949.0
1718655841.6851518,0.0,22949.0
1718655841.8444397,0.0,22949.0
1718655842.0622907,0.0,22949.0
1718655842.2108731,0.0,22949.0
1718655842.3869784,0.0,22949.0
1718655842.5491323,0.0,22949.0
1718655842.6954706,0.0,22949.0
1718655842.8401113,0.0,22949.0
1718655842.9872336,0.0,22949.0
1718655843.1338375,73.0,22949.0
1718655843.2807813,99.0,22949.0
1718655843.4269893,100.0,22949.0
1718655843.604025,100.0,22949.0
1718655843.7877147,100.0,22949.0
1718655843.9469047,100.0,22949.0
1718655844.1301134,100.0,22949.0
1718655844.3237321,97.0,22949.0
1718655844.5029929,0.0,22949.0
1718655844.6548703,0.0,22949.0
1718655844.82397,0.0,22949.0
1718655844.997799,0.0,22949.0
1718655845.1643522,0.0,22949.0
1718655845.3382416,0.0,22949.0
1718655845.5526078,0.0,22949.0
1718655845.7685468,0.0,22949.0
1718655845.9896386,0.0,22949.0
1718655846.18193,0.0,22949.0
1718655846.3853667,0.0,22949.0
1718655846.5543847,0.0,22949.0
1718655846.7223766,0.0,22949.0
1718655846.8825963,0.0,22949.0
1718655847.0301118,0.0,22949.0
1718655847.1757307,0.0,22949.0
1718655847.3269112,43.0,22949.0
1718655847.4757025,100.0,22949.0
1718655847.6220162,99.0,22949.0
1718655847.7869244,99.0,22949.0
1718655847.9535184,100.0,22949.0
1718655848.1222317,100.0,22949.0
1718655848.3112535,100.0,22949.0
1718655848.486019,100.0,22949.0
1718655848.6614673,32.0,22949.0
1718655848.8371875,32.0,22949.0
1718655848.9923425,0.0,22949.0
1718655849.154844,0.0,22949.0
1718655849.3331757,0.0,22949.0
1718655849.5178022,0.0,22949.0
1718655849.6818047,0.0,22949.0
1718655849.8973594,0.0,22949.0
1718655850.1141007,0.0,22949.0
1718655850.3261645,0.0,22949.0
1718655850.493967,0.0,22949.0
1718655850.7057638,0.0,22949.0
1718655850.8808858,0.0,22949.0
1718655851.0596757,0.0,22949.0
1718655851.2167578,0.0,22949.0
1718655851.3622408,0.0,22949.0
1718655851.506651,0.0,22949.0
1718655851.652092,83.0,22949.0
1718655851.7986195,83.0,22949.0
1718655851.9480069,96.0,22949.0
1718655852.134391,100.0,22949.0
1718655852.2988768,100.0,22949.0
1718655852.4562297,100.0,22949.0
1718655852.6364403,100.0,22949.0
1718655852.8079557,100.0,22949.0
1718655852.9645715,89.0,22949.0
1718655853.1224134,0.0,22949.0
1718655853.2683694,0.0,22949.0
1718655853.4227295,0.0,22949.0
1718655853.603727,0.0,22949.0
1718655853.7782788,0.0,22949.0
1718655853.946321,0.0,22949.0
1718655854.1589239,0.0,22949.0
1718655854.3890102,0.0,22949.0
1718655854.609883,0.0,22949.0
1718655854.7971842,0.0,22949.0
1718655854.9913013,0.0,22949.0
1718655855.1584764,0.0,22949.0
1718655855.3355198,0.0,22949.0
1718655855.4896293,0.0,22949.0
1718655855.6413496,0.0,22949.0
1718655855.787201,0.0,22949.0
1718655855.9339576,72.0,22949.0
1718655856.079326,99.0,22949.0
1718655856.2257452,99.0,22949.0
1718655856.3926713,100.0,22949.0
1718655856.5592825,100.0,22949.0
1718655856.7278302,100.0,22949.0
1718655856.9003727,100.0,22949.0
1718655857.066856,97.0,22949.0
1718655857.225347,97.0,22949.0
1718655857.3942776,0.0,22949.0
1718655857.5398173,0.0,22949.0
1718655857.7026088,0.0,22949.0
1718655857.8830483,0.0,22949.0
1718655858.0560305,0.0,22949.0
1718655858.2136102,0.0,22949.0
1718655858.4293182,0.0,22949.0
1718655858.644854,0.0,22949.0
1718655858.8492258,0.0,22949.0
1718655859.0377233,0.0,22949.0
1718655859.241415,0.0,22949.0
1718655859.4062133,0.0,22949.0
1718655859.5740492,0.0,22949.0
1718655859.7320368,0.0,22949.0
1718655859.8868928,0.0,22949.0
1718655860.0345159,0.0,22949.0
1718655860.190816,14.0,22949.0
1718655860.342857,100.0,22949.0
1718655860.498387,99.0,22949.0
1718655860.6992512,99.0,22949.0
1718655860.8718505,100.0,22949.0
1718655861.0430956,100.0,22949.0
1718655861.222273,100.0,22949.0
1718655861.4335728,100.0,22949.0
1718655861.5941873,61.0,22949.0
1718655861.7568793,0.0,22949.0
1718655861.9333782,0.0,22949.0
1718655862.0905957,0.0,22949.0
1718655862.2325575,0.0,22949.0
1718655862.4011185,0.0,22949.0
1718655862.5676715,0.0,22949.0
1718655862.7216382,0.0,22949.0
1718655862.937787,0.0,22949.0
1718655863.1371665,0.0,22949.0
1718655863.343436,0.0,22949.0
1718655863.5325341,0.0,22949.0
1718655863.736155,0.0,22949.0
1718655863.899477,0.0,22949.0
1718655864.072494,0.0,22949.0
1718655864.2282612,0.0,22949.0
1718655864.3826702,0.0,22949.0
1718655864.527931,0.0,22949.0
1718655864.6736114,13.0,22949.0
1718655864.819207,100.0,22949.0
1718655864.9659503,99.0,22949.0
1718655865.146132,100.0,22949.0
1718655865.3238382,100.0,22949.0
1718655865.4846077,100.0,22949.0
1718655865.6556451,100.0,22949.0
1718655865.82412,100.0,22949.0
1718655866.0043352,62.0,22949.0
1718655866.1732244,62.0,22949.0
1718655866.3286655,0.0,22949.0
1718655866.4857306,0.0,22949.0
1718655866.655861,0.0,22949.0
1718655866.8328874,0.0,22949.0
1718655867.0162454,0.0,22949.0
1718655867.232379,0.0,22949.0
1718655867.4619102,0.0,22949.0
1718655867.661272,0.0,22949.0
1718655867.844729,0.0,22949.0
1718655868.0377836,0.0,22949.0
1718655868.2067792,0.0,22949.0
1718655868.3775587,0.0,22949.0
1718655868.5342066,0.0,22949.0
1718655868.685399,0.0,22949.0
1718655868.8348968,0.0,22949.0
1718655868.983565,71.0,22949.0
1718655869.1375222,99.0,22949.0
1718655869.2934752,99.0,22949.0
1718655869.4691217,100.0,22949.0
1718655869.648138,100.0,22949.0
1718655869.8222892,100.0,22949.0
1718655870.0000687,100.0,22949.0
1718655870.1929224,100.0,22949.0
1718655870.3570616,100.0,22949.0
1718655870.5208907,0.0,22949.0
1718655870.6875272,0.0,22949.0
1718655870.8565493,0.0,22949.0
1718655871.0317068,0.0,22949.0
1718655871.2230117,0.0,22949.0
1718655871.4186325,0.0,22949.0
1718655871.6326675,0.0,22949.0
1718655871.8493261,0.0,22949.0
1718655872.0438433,0.0,22949.0
1718655872.2488432,0.0,22949.0
1718655872.4100072,0.0,22949.0
1718655872.599791,0.0,22949.0
1718655872.767052,0.0,22949.0
1718655872.9118888,0.0,22949.0
1718655873.0559897,0.0,22949.0
1718655873.2007892,59.0,22949.0
1718655873.3447998,97.0,22949.0
1718655873.4890616,97.0,22949.0
1718655873.6418188,100.0,22949.0
1718655873.8130882,100.0,22949.0
1718655873.987287,100.0,22949.0
1718655874.1594496,100.0,22949.0
1718655874.3286219,100.0,22949.0
1718655874.490258,100.0,22949.0
1718655874.6726506,10.0,22949.0
1718655874.8317437,0.0,22949.0
1718655874.9973524,0.0,22949.0
1718655875.1621008,0.0,22949.0
1718655875.3309968,0.0,22949.0
1718655875.5078607,0.0,22949.0
1718655875.6980102,0.0,22949.0
1718655875.91328,0.0,22949.0
1718655876.1624715,0.0,22949.0
1718655876.350968,0.0,22949.0
1718655876.5394526,0.0,22949.0
1718655876.6996143,0.0,22949.0
1718655876.8728547,0.0,22949.0
1718655877.0370824,0.0,22949.0
1718655877.1842399,0.0,22949.0
1718655877.329164,0.0,22949.0
1718655877.4747794,42.0,22949.0
1718655877.6214645,100.0,22949.0
1718655877.7678418,95.0,22949.0
1718655877.9547884,95.0,22949.0
1718655878.1279929,100.0,22949.0
1718655878.2854543,100.0,22949.0
1718655878.4593647,100.0,22949.0
1718655878.6277337,100.0,22949.0
1718655878.7903078,100.0,22949.0
1718655878.9524693,34.0,22949.0
1718655879.1288464,0.0,22949.0
1718655879.3033683,0.0,22949.0
1718655879.4919908,0.0,22949.0
1718655879.6579378,0.0,22949.0
1718655879.8259408,0.0,22949.0
1718655880.0416157,0.0,22949.0
1718655880.2293715,0.0,22949.0
1718655880.4449139,0.0,22949.0
1718655880.6656778,0.0,22949.0
1718655880.8498654,0.0,22949.0
1718655881.0181367,0.0,22949.0
1718655881.1804438,0.0,22949.0
1718655881.3247628,0.0,22949.0
1718655881.4703143,0.0,22949.0
1718655881.6165318,31.0,22949.0
1718655881.7628477,31.0,22949.0
1718655881.9112828,100.0,22949.0
1718655882.0642886,99.0,22949.0
1718655882.2345777,100.0,22949.0
1718655882.4037185,100.0,22949.0
1718655882.5677788,100.0,22949.0
1718655882.7910862,100.0,22949.0
1718655882.9590578,100.0,22949.0
1718655883.1029367,46.0,22949.0
1718655883.2746763,0.0,22949.0
1718655883.438313,0.0,22949.0
1718655883.6161458,0.0,22949.0
1718655883.7918448,0.0,22949.0
1718655883.9696946,0.0,22949.0
1718655884.1536496,0.0,22949.0
1718655884.3858972,0.0,22949.0
1718655884.5967462,0.0,22949.0
1718655884.812497,0.0,22949.0
1718655885.0189528,0.0,22949.0
1718655885.1862695,0.0,22949.0
1718655885.348444,0.0,22949.0
1718655885.5135267,0.0,22949.0
1718655885.6624603,0.0,22949.0
1718655885.8073556,0.0,22949.0
1718655885.953265,0.0,22949.0
1718655886.0987384,83.0,22949.0
1718655886.2457733,99.0,22949.0
1718655886.3932655,99.0,22949.0
1718655886.6023092,100.0,22949.0
1718655886.7779753,100.0,22949.0
1718655886.9534914,100.0,22949.0
1718655887.1328168,100.0,22949.0
1718655887.3052726,86.0,22949.0
1718655887.4733565,0.0,22949.0
1718655887.6217885,0.0,22949.0
1718655887.7776413,0.0,22949.0
1718655888.0263445,0.0,22949.0
1718655888.18751,0.0,22949.0
1718655888.343131,0.0,22949.0
1718655888.5615203,0.0,22949.0
1718655888.739109,0.0,22949.0
1718655888.9539185,0.0,22949.0
1718655889.1462355,0.0,22949.0
1718655889.3156219,0.0,22949.0
1718655889.483553,0.0,22949.0
1718655889.649269,0.0,22949.0
1718655889.8075354,0.0,22949.0
1718655889.9534135,0.0,22949.0
1718655890.0975616,0.0,22949.0
1718655890.2448573,76.0,22949.0
1718655890.3958201,76.0,22949.0
1718655890.5445094,99.0,22949.0
1718655890.6960166,100.0,22949.0
1718655890.873264,100.0,22949.0
1718655891.0530603,100.0,22949.0
1718655891.216106,100.0,22949.0
1718655891.384892,100.0,22949.0
1718655891.5581396,92.0,22949.0
1718655891.7100224,0.0,22949.0
1718655891.8656359,0.0,22949.0
1718655892.0288348,0.0,22949.0
1718655892.1950498,0.0,22949.0
1718655892.3761756,0.0,22949.0
1718655892.5440848,0.0,22949.0
1718655892.7333527,0.0,22949.0
1718655892.9577765,0.0,22949.0
1718655893.1429348,0.0,22949.0
1718655893.3605196,0.0,22949.0
1718655893.5785048,0.0,22949.0
1718655893.7459266,0.0,22949.0
1718655893.927445,0.0,22949.0
1718655894.1187027,0.0,22949.0
1718655894.263398,0.0,22949.0
1718655894.409158,0.0,22949.0
1718655894.5570815,26.0,22949.0
1718655894.7036433,100.0,22949.0
1718655894.8482618,100.0,22949.0
1718655894.9940999,99.0,22949.0
1718655895.1808898,100.0,22949.0
1718655895.3578413,100.0,22949.0
1718655895.5213454,100.0,22949.0
1718655895.6889608,100.0,22949.0
1718655895.8941483,51.0,22949.0
1718655896.0702574,0.0,22949.0
1718655896.2498686,0.0,22949.0
1718655896.4117713,0.0,22949.0
1718655896.5789635,0.0,22949.0
1718655896.7534134,0.0,22949.0
1718655896.9203937,0.0,22949.0
1718655897.13351,0.0,22949.0
1718655897.3346887,0.0,22949.0
1718655897.5544887,0.0,22949.0
1718655897.7325191,0.0,22949.0
1718655897.9508703,0.0,22949.0
1718655898.105891,0.0,22949.0
1718655898.2790864,0.0,22949.0
1718655898.4380312,0.0,22949.0
1718655898.5838587,0.0,22949.0
1718655898.7286108,0.0,22949.0
1718655898.8808105,0.0,22949.0
1718655899.0283492,74.0,22949.0
1718655899.1728418,99.0,22949.0
1718655899.317684,99.0,22949.0
1718655899.479047,100.0,22949.0
1718655899.6450033,100.0,22949.0
1718655899.8284488,100.0,22949.0
1718655900.0040236,100.0,22949.0
1718655900.2041833,94.0,22949.0
1718655900.3555524,0.0,22949.0
1718655900.517925,0.0,22949.0
1718655900.6870177,0.0,22949.0
1718655900.8647456,0.0,22949.0
1718655901.036602,0.0,22949.0
1718655901.210151,0.0,22949.0
1718655901.3777058,0.0,22949.0
1718655901.5985134,0.0,22949.0
1718655901.7684221,0.0,22949.0
1718655901.9855251,0.0,22949.0
1718655902.1754527,0.0,22949.0
1718655902.3618426,0.0,22949.0
1718655902.5136776,0.0,22949.0
1718655902.6875734,0.0,22949.0
1718655902.85589,0.0,22949.0
1718655903.005497,0.0,22949.0
1718655903.1501946,0.0,22949.0
1718655903.2965472,0.0,22949.0
1718655903.4453013,93.0,22949.0
1718655903.5906425,99.0,22949.0
1718655903.7370954,100.0,22949.0
1718655903.9124148,100.0,22949.0
1718655904.0736377,100.0,22949.0
1718655904.2660155,100.0,22949.0
1718655904.433271,100.0,22949.0
1718655904.5971255,78.0,22949.0
1718655904.7593026,0.0,22949.0
1718655904.9365506,0.0,22949.0
1718655905.100236,0.0,22949.0
1718655905.2660885,0.0,22949.0
1718655905.4407196,0.0,22949.0
1718655905.6073785,0.0,22949.0
1718655905.7779977,0.0,22949.0
1718655905.995649,0.0,22949.0
1718655906.1476464,0.0,22949.0
1718655906.366094,0.0,22949.0
1718655906.5538225,0.0,22949.0
1718655906.7287014,0.0,22949.0
1718655906.8929172,0.0,22949.0
1718655907.0657403,0.0,22949.0
1718655907.2240422,0.0,22949.0
1718655907.3699002,0.0,22949.0
1718655907.5154302,0.0,22949.0
1718655907.660701,31.0,22949.0
1718655907.8079402,100.0,22949.0
1718655907.9523623,99.0,22949.0
1718655908.0993564,99.0,22949.0
1718655908.2806292,100.0,22949.0
1718655908.4712827,100.0,22949.0
1718655908.6426687,100.0,22949.0
1718655908.8182166,100.0,22949.0
1718655909.000781,46.0,22949.0
1718655909.1803246,0.0,22949.0
1718655909.3308382,0.0,22949.0
1718655909.4935513,0.0,22949.0
1718655909.6543863,0.0,22949.0
1718655909.8341026,0.0,22949.0
1718655909.9933245,0.0,22949.0
1718655910.1853201,0.0,22949.0
1718655910.4083831,0.0,22949.0
1718655910.6297762,0.0,22949.0
1718655910.8021903,0.0,22949.0
1718655911.0430958,0.0,22949.0
1718655911.2222753,0.0,22949.0
1718655911.3954167,0.0,22949.0
1718655911.5534806,0.0,22949.0
1718655911.6989884,0.0,22949.0
1718655911.8438141,0.0,22949.0
1718655911.989538,0.0,22949.0
1718655912.134172,78.0,22949.0
1718655912.27888,94.0,22949.0
1718655912.4739869,100.0,22949.0
1718655912.653955,100.0,22949.0
1718655912.8300967,100.0,22949.0
1718655913.014636,100.0,22949.0
1718655913.198405,97.0,22949.0
1718655913.38105,0.0,22949.0
1718655913.5368745,0.0,22949.0
1718655913.713896,0.0,22949.0
1718655913.8898084,0.0,22949.0
1718655914.0759878,0.0,22949.0
1718655914.2460334,0.0,22949.0
1718655914.4194667,0.0,22949.0
1718655914.5833812,0.0,22949.0
1718655914.8004913,0.0,22949.0
1718655914.973141,0.0,22949.0
1718655915.188539,0.0,22949.0
1718655915.3780653,0.0,22949.0
1718655915.563525,0.0,22949.0
1718655915.7301555,0.0,22949.0
1718655915.8980465,0.0,22949.0
1718655916.062513,0.0,22949.0
1718655916.2117484,0.0,22949.0
1718655916.3561451,0.0,22949.0
1718655916.5023913,30.0,22949.0
1718655916.649884,100.0,22949.0
1718655916.7956057,100.0,22949.0
1718655916.944039,99.0,22949.0
1718655917.1335683,100.0,22949.0
1718655917.3088033,100.0,22949.0
1718655917.4845414,100.0,22949.0
1718655917.6541398,100.0,22949.0
1718655917.8176715,48.0,22949.0
1718655917.9990857,48.0,22949.0
1718655918.154414,0.0,22949.0
1718655918.3131218,0.0,22949.0
1718655918.471624,0.0,22949.0
1718655918.6486537,0.0,22949.0
1718655918.8116689,0.0,22949.0
1718655919.0498672,0.0,22949.0
1718655919.2647862,0.0,22949.0
1718655919.486375,0.0,22949.0
1718655919.6689572,0.0,22949.0
1718655919.8578115,0.0,22949.0
1718655920.0237114,0.0,22949.0
1718655920.192843,0.0,22949.0
1718655920.3544085,0.0,22949.0
1718655920.5004268,0.0,22949.0
1718655920.647814,0.0,22949.0
1718655920.7938414,0.0,22949.0
1718655920.9390054,72.0,22949.0
1718655921.0831242,99.0,22949.0
1718655921.2276585,99.0,22949.0
1718655921.405521,100.0,22949.0
1718655921.5767753,100.0,22949.0
1718655921.7502146,100.0,22949.0
1718655921.9207752,100.0,22949.0
1718655922.0802822,97.0,22949.0
1718655922.2368429,0.0,22949.0
1718655922.4040797,0.0,22949.0
1718655922.5478466,0.0,22949.0
1718655922.7041848,0.0,22949.0
1718655922.8847392,0.0,22949.0
1718655923.0498729,0.0,22949.0
1718655923.212776,0.0,22949.0
1718655923.4450803,0.0,22949.0
1718655923.6567738,0.0,22949.0
1718655923.8729022,0.0,22949.0
1718655924.0669036,0.0,22949.0
1718655924.260061,0.0,22949.0
1718655924.4072995,0.0,22949.0
1718655924.5738606,0.0,22949.0
1718655924.7387128,0.0,22949.0
1718655924.8840857,0.0,22949.0
1718655925.027195,0.0,22949.0
1718655925.1761637,0.0,22949.0
1718655925.3227906,95.0,22949.0
1718655925.469377,99.0,22949.0
1718655925.6128507,99.0,22949.0
1718655925.7981002,100.0,22949.0
1718655925.9713428,100.0,22949.0
1718655926.1339116,100.0,22949.0
1718655926.2979271,100.0,22949.0
1718655926.4864032,100.0,22949.0
1718655926.6405144,77.0,22949.0
1718655926.8033335,0.0,22949.0
1718655926.975057,0.0,22949.0
1718655927.156537,0.0,22949.0
1718655927.3754976,0.0,22949.0
1718655927.6153128,0.0,22949.0
1718655927.8309484,0.0,22949.0
1718655928.0259023,0.0,22949.0
1718655928.186514,0.0,22949.0
1718655928.401933,0.0,22949.0
1718655928.574852,0.0,22949.0
1718655928.7532723,0.0,22949.0
1718655928.9289882,0.0,22949.0
1718655929.0728686,0.0,22949.0
1718655929.2164984,0.0,22949.0
1718655929.3627272,11.0,22949.0
1718655929.5083382,100.0,22949.0
1718655929.6518068,100.0,22949.0
1718655929.7950702,99.0,22949.0
1718655929.971201,100.0,22949.0
1718655930.1338332,100.0,22949.0
1718655930.2899904,100.0,22949.0
1718655930.4597692,100.0,22949.0
1718655930.63459,100.0,22949.0
1718655930.7866976,64.0,22949.0
1718655930.9518425,0.0,22949.0
1718655931.1239917,0.0,22949.0
1718655931.3180614,0.0,22949.0
1718655931.4905708,0.0,22949.0
1718655931.6594195,0.0,22949.0
1718655931.8695247,0.0,22949.0
1718655932.0698216,0.0,22949.0
1718655932.2892632,0.0,22949.0
1718655932.491268,0.0,22949.0
1718655932.71898,0.0,22949.0
1718655932.8631296,0.0,22949.0
1718655933.0327911,0.0,22949.0
1718655933.191196,0.0,22949.0
1718655933.336041,0.0,22949.0
1718655933.4808517,0.0,22949.0
1718655933.624257,0.0,22949.0
1718655933.7712636,90.0,22949.0
1718655933.9163523,99.0,22949.0
1718655934.0606203,100.0,22949.0
1718655934.219529,100.0,22949.0
1718655934.3905818,100.0,22949.0
1718655934.5467696,100.0,22949.0
1718655934.7176716,100.0,22949.0
1718655934.9143817,83.0,22949.0
1718655935.07473,0.0,22949.0
1718655935.2449155,0.0,22949.0
1718655935.3996327,0.0,22949.0
1718655935.5504863,0.0,22949.0
1718655935.7153604,0.0,22949.0
1718655935.8743348,0.0,22949.0
1718655936.0577931,0.0,22949.0
1718655936.278626,0.0,22949.0
1718655936.4944615,0.0,22949.0
1718655936.7144225,0.0,22949.0
1718655936.9061036,0.0,22949.0
1718655937.0951636,0.0,22949.0
1718655937.264642,0.0,22949.0
1718655937.4326594,0.0,22949.0
1718655937.5954967,0.0,22949.0
1718655937.7466733,0.0,22949.0
1718655937.8966892,0.0,22949.0
1718655938.0456603,16.0,22949.0
1718655938.202696,100.0,22949.0
1718655938.356372,89.0,22949.0
1718655938.5296876,100.0,22949.0
1718655938.733073,100.0,22949.0
1718655938.9131792,100.0,22949.0
1718655939.0868697,100.0,22949.0
1718655939.2868767,100.0,22949.0
1718655939.4467123,70.0,22949.0
1718655939.6838012,0.0,22949.0
1718655939.8581414,0.0,22949.0
1718655940.0258772,0.0,22949.0
1718655940.2038174,0.0,22949.0
1718655940.3738763,0.0,22949.0
1718655940.584675,0.0,22949.0
1718655940.7895546,0.0,22949.0
1718655941.0147514,0.0,22949.0
1718655941.191795,0.0,22949.0
1718655941.4213345,0.0,22949.0
1718655941.5740008,0.0,22949.0
1718655941.7481174,0.0,22949.0
1718655941.9119852,0.0,22949.0
1718655942.0559785,0.0,22949.0
1718655942.2011561,0.0,22949.0
1718655942.3551235,51.0,22949.0
1718655942.5010874,51.0,22949.0
1718655942.647192,100.0,22949.0
1718655942.792951,99.0,22949.0
1718655942.9621718,100.0,22949.0
1718655943.1331458,100.0,22949.0
1718655943.2981787,100.0,22949.0
1718655943.4987814,100.0,22949.0
1718655943.710424,13.0,22949.0
1718655943.8702302,13.0,22949.0
1718655944.0458014,0.0,22949.0
1718655944.1955261,0.0,22949.0
1718655944.3565698,0.0,22949.0
1718655944.5236764,0.0,22949.0
1718655944.6804705,0.0,22949.0
1718655944.9027605,0.0,22949.0
1718655945.117837,0.0,22949.0
1718655945.333364,0.0,22949.0
1718655945.50867,0.0,22949.0
1718655945.7118251,0.0,22949.0
1718655945.8701694,0.0,22949.0
1718655946.051323,0.0,22949.0
1718655946.2147639,0.0,22949.0
1718655946.3635566,0.0,22949.0
1718655946.5082285,0.0,22949.0
1718655946.6540184,29.0,22949.0
1718655946.8043456,100.0,22949.0
1718655946.9496179,99.0,22949.0
1718655947.1443162,99.0,22949.0
1718655947.3105922,100.0,22949.0
1718655947.479494,100.0,22949.0
1718655947.646639,100.0,22949.0
1718655947.8483021,100.0,22949.0
1718655948.0042393,100.0,22949.0
1718655948.1626065,46.0,22949.0
1718655948.3083582,0.0,22949.0
1718655948.4662416,0.0,22949.0
1718655948.6445005,0.0,22949.0
1718655948.8168905,0.0,22949.0
1718655948.9852269,0.0,22949.0
1718655949.197873,0.0,22949.0
1718655949.3990219,0.0,22949.0
1718655949.6124094,0.0,22949.0
1718655949.7779002,0.0,22949.0
1718655949.9900825,0.0,22949.0
1718655950.154116,0.0,22949.0
1718655950.3234196,0.0,22949.0
1718655950.485815,0.0,22949.0
1718655950.6308432,0.0,22949.0
1718655950.7763164,0.0,22949.0
1718655950.922604,0.0,22949.0
1718655951.0709038,81.0,22949.0
1718655951.217422,99.0,22949.0
1718655951.363251,99.0,22949.0
1718655951.5584962,100.0,22949.0
1718655951.7263992,100.0,22949.0
1718655951.9092395,100.0,22949.0
1718655952.0970511,100.0,22949.0
1718655952.2901435,87.0,22949.0
1718655952.4521074,0.0,22949.0
1718655952.6149676,0.0,22949.0
1718655952.7912245,0.0,22949.0
1718655952.9507418,0.0,22949.0
1718655953.120697,0.0,22949.0
1718655953.290463,0.0,22949.0
1718655953.4695444,0.0,22949.0
1718655953.6858637,0.0,22949.0
1718655953.8656957,0.0,22949.0
1718655954.0809298,0.0,22949.0
1718655954.3029914,0.0,22949.0
1718655954.4797454,0.0,22949.0
1718655954.6432204,0.0,22949.0
1718655954.8189943,0.0,22949.0
1718655954.9643126,0.0,22949.0
1718655955.1091194,0.0,22949.0
1718655955.2555509,16.0,22949.0
1718655955.4030902,16.0,22949.0
1718655955.5512993,100.0,22949.0
1718655955.7002091,99.0,22949.0
1718655955.874255,100.0,22949.0
1718655956.0490754,100.0,22949.0
1718655956.2342503,100.0,22949.0
1718655956.4090672,100.0,22949.0
1718655956.587306,55.0,22949.0
1718655956.7505424,55.0,22949.0
1718655956.9278986,0.0,22949.0
1718655957.092842,0.0,22949.0
1718655957.288658,0.0,22949.0
1718655957.4656065,0.0,22949.0
1718655957.635213,0.0,22949.0
1718655957.7949648,0.0,22949.0
1718655958.0220222,0.0,22949.0
1718655958.1917691,0.0,22949.0
1718655958.4325762,0.0,22949.0
1718655958.6521268,0.0,22949.0
1718655958.8380797,0.0,22949.0
1718655959.011118,0.0,22949.0
1718655959.1896195,0.0,22949.0
1718655959.3354194,0.0,22949.0
1718655959.4814384,0.0,22949.0
1718655959.6282053,0.0,22949.0
1718655959.7773938,51.0,22949.0
1718655959.9228382,100.0,22949.0
1718655960.0678494,100.0,22949.0
1718655960.2408347,100.0,22949.0
1718655960.407712,100.0,22949.0
1718655960.5770996,100.0,22949.0
1718655960.7481372,100.0,22949.0
1718655960.9451678,100.0,22949.0
1718655961.0987787,14.0,22949.0
1718655961.2900424,0.0,22949.0
1718655961.4585752,0.0,22949.0
1718655961.6283448,0.0,22949.0
1718655961.8002288,0.0,22949.0
1718655961.961844,0.0,22949.0
1718655962.1138263,0.0,22949.0
1718655962.3376112,0.0,22949.0
1718655962.5047264,0.0,22949.0
1718655962.721782,0.0,22949.0
1718655962.9426036,0.0,22949.0
1718655963.1165392,0.0,22949.0
1718655963.2734523,0.0,22949.0
1718655963.4459064,0.0,22949.0
1718655963.6104252,0.0,22949.0
1718655963.755449,0.0,22949.0
1718655963.9012794,0.0,22949.0
1718655964.0466774,0.0,22949.0
1718655964.1929011,92.0,22949.0
1718655964.3366897,95.0,22949.0
1718655964.4842112,95.0,22949.0
1718655964.657067,100.0,22949.0
1718655964.8248348,100.0,22949.0
1718655964.9939685,100.0,22949.0
1718655965.1787875,100.0,22949.0
1718655965.3723164,82.0,22949.0
1718655965.5544086,0.0,22949.0
1718655965.7070558,0.0,22949.0
1718655965.873492,0.0,22949.0
1718655966.0400906,0.0,22949.0
1718655966.2146437,0.0,22949.0
1718655966.398461,0.0,22949.0
1718655966.6256294,0.0,22949.0
1718655966.841314,0.0,22949.0
1718655967.0570593,0.0,22949.0
1718655967.2488468,0.0,22949.0
1718655967.446,0.0,22949.0
1718655967.6065133,0.0,22949.0
1718655967.7787583,0.0,22949.0
1718655967.935333,0.0,22949.0
1718655968.0793598,0.0,22949.0
1718655968.2246509,0.0,22949.0
1718655968.372502,22.0,22949.0
1718655968.518949,22.0,22949.0
1718655968.667558,100.0,22949.0
1718655968.8174512,99.0,22949.0
1718655968.9975116,100.0,22949.0
1718655969.1707015,100.0,22949.0
1718655969.35867,100.0,22949.0
1718655969.5482297,100.0,22949.0
1718655969.7413895,53.0,22949.0
1718655969.9093494,0.0,22949.0
1718655970.0715663,0.0,22949.0
1718655970.2355475,0.0,22949.0
1718655970.4015105,0.0,22949.0
1718655970.5761983,0.0,22949.0
1718655970.7440326,0.0,22949.0
1718655970.9633532,0.0,22949.0
1718655971.17001,0.0,22949.0
1718655971.389883,0.0,22949.0
1718655971.5644505,0.0,22949.0
1718655971.7853863,0.0,22949.0
1718655971.9414713,0.0,22949.0
1718655972.1290784,0.0,22949.0
1718655972.3093715,0.0,22949.0
1718655972.4551132,0.0,22949.0
1718655972.5993938,0.0,22949.0
1718655972.7454338,42.0,22949.0
1718655972.8912807,42.0,22949.0
1718655973.0372086,100.0,22949.0
1718655973.182549,99.0,22949.0
1718655973.3537073,100.0,22949.0
1718655973.5385635,100.0,22949.0
1718655973.703742,100.0,22949.0
1718655973.8794432,100.0,22949.0
1718655974.0722187,100.0,22949.0
1718655974.2349203,31.0,22949.0
1718655974.3987303,0.0,22949.0
1718655974.56694,0.0,22949.0
1718655974.733365,0.0,22949.0
1718655974.909898,0.0,22949.0
1718655975.0811694,0.0,22949.0
1718655975.2565553,0.0,22949.0
1718655975.473392,0.0,22949.0
1718655975.6614072,0.0,22949.0
1718655975.8770783,0.0,22949.0
1718655976.0930698,0.0,22949.0
1718655976.2716823,0.0,22949.0
1718655976.4417799,0.0,22949.0
1718655976.6050594,0.0,22949.0
1718655976.7498353,0.0,22949.0
1718655976.8946683,0.0,22949.0
1718655977.0391755,0.0,22949.0
1718655977.1843605,91.0,22949.0
1718655977.3283215,91.0,22949.0
1718655977.473743,99.0,22949.0
1718655977.6973832,100.0,22949.0
1718655977.8800287,100.0,22949.0
1718655978.061925,100.0,22949.0
1718655978.2310674,100.0,22949.0
1718655978.4304178,81.0,22949.0
1718655978.5897632,0.0,22949.0
1718655978.7428534,0.0,22949.0
1718655978.921099,0.0,22949.0
1718655979.0863101,0.0,22949.0
1718655979.260391,0.0,22949.0
1718655979.426307,0.0,22949.0
1718655979.6421232,0.0,22949.0
1718655979.8418694,0.0,22949.0
1718655980.0663016,0.0,22949.0
1718655980.2459204,0.0,22949.0
1718655980.4830544,0.0,22949.0
1718655980.6340992,0.0,22949.0
1718655980.7980034,0.0,22949.0
1718655980.9621224,0.0,22949.0
1718655981.1077528,0.0,22949.0
1718655981.2532756,0.0,22949.0
1718655981.398272,32.0,22949.0
1718655981.54509,32.0,22949.0
1718655981.6899168,100.0,22949.0
1718655981.8354876,99.0,22949.0
1718655981.9824173,100.0,22949.0
1718655982.1507735,100.0,22949.0
1718655982.317433,100.0,22949.0
1718655982.5423574,100.0,22949.0
1718655982.708726,100.0,22949.0
1718655982.9176333,0.0,22949.0
1718655983.0855715,0.0,22949.0
1718655983.2416775,0.0,22949.0
1718655983.3993325,0.0,22949.0
1718655983.578934,0.0,22949.0
1718655983.748707,0.0,22949.0
1718655983.9074795,0.0,22949.0
1718655984.0661767,0.0,22949.0
1718655984.2849011,0.0,22949.0
1718655984.5014625,0.0,22949.0
1718655984.6899576,0.0,22949.0
1718655984.894818,0.0,22949.0
1718655985.0584142,0.0,22949.0
1718655985.2386775,0.0,22949.0
1718655985.4000602,0.0,22949.0
1718655985.5448067,0.0,22949.0
1718655985.6897464,0.0,22949.0
1718655985.837248,29.0,22949.0
1718655985.9834588,29.0,22949.0
1718655986.1272945,100.0,22949.0
1718655986.2717798,99.0,22949.0
1718655986.4416146,100.0,22949.0
1718655986.6093068,100.0,22949.0
1718655986.7851663,100.0,22949.0
1718655986.9504976,100.0,22949.0
1718655987.131315,100.0,22949.0
1718655987.2810698,46.0,22949.0
1718655987.448188,0.0,22949.0
1718655987.6265366,0.0,22949.0
1718655987.8138096,0.0,22949.0
1718655987.9925873,0.0,22949.0
1718655988.1588812,0.0,22949.0
1718655988.3170736,0.0,22949.0
1718655988.538634,0.0,22949.0
1718655988.7163305,0.0,22949.0
1718655988.9425652,0.0,22949.0
1718655989.158063,0.0,22949.0
1718655989.3507726,0.0,22949.0
1718655989.5347915,0.0,22949.0
1718655989.6969357,0.0,22949.0
1718655989.8437703,0.0,22949.0
1718655989.9888015,0.0,22949.0
1718655990.133307,0.0,22949.0
1718655990.279632,57.0,22949.0
1718655990.425105,57.0,22949.0
1718655990.5737689,99.0,22949.0
1718655990.7210329,100.0,22949.0
1718655990.887666,100.0,22949.0
1718655991.053323,100.0,22949.0
1718655991.2228055,100.0,22949.0
1718655991.3993175,100.0,22949.0
1718655991.5817456,10.0,22949.0
1718655991.738193,10.0,22949.0
1718655991.898062,0.0,22949.0
1718655992.0668793,0.0,22949.0
1718655992.2445421,0.0,22949.0
1718655992.4089508,0.0,22949.0
1718655992.5753844,0.0,22949.0
1718655992.7680273,0.0,22949.0
1718655993.0015738,0.0,22949.0
1718655993.2209704,0.0,22949.0
1718655993.4097018,0.0,22949.0
1718655993.6131065,0.0,22949.0
1718655993.7796903,0.0,22949.0
1718655993.9578574,0.0,22949.0
1718655994.1219254,0.0,22949.0
1718655994.2713609,0.0,22949.0
1718655994.4162996,0.0,22949.0
1718655994.5629954,0.0,22949.0
1718655994.7117314,92.0,22949.0
1718655994.8579323,92.0,22949.0
1718655995.006951,99.0,22949.0
1718655995.1872797,100.0,22949.0
1718655995.3538916,100.0,22949.0
1718655995.5287144,100.0,22949.0
1718655995.6983657,100.0,22949.0
1718655995.888098,77.0,22949.0
1718655996.0491276,0.0,22949.0
1718655996.2042332,0.0,22949.0
1718655996.377522,0.0,22949.0
1718655996.5582054,0.0,22949.0
1718655996.7410896,0.0,22949.0
1718655996.903424,0.0,22949.0
1718655997.1184497,0.0,22949.0
1718655997.350028,0.0,22949.0
1718655997.5755448,0.0,22949.0
1718655997.758216,0.0,22949.0
1718655997.954136,0.0,22949.0
1718655998.1274168,0.0,22949.0
1718655998.3099623,0.0,22949.0
1718655998.4631655,0.0,22949.0
1718655998.6164818,0.0,22949.0
1718655998.766669,0.0,22949.0
1718655998.9165266,47.0,22949.0
1718655999.0688086,47.0,22949.0
1718655999.2233922,100.0,22949.0
1718655999.3783798,89.0,22949.0
1718655999.5629883,100.0,22949.0
1718655999.7533166,100.0,22949.0
1718655999.9276004,100.0,22949.0
1718656000.0938704,100.0,22949.0
1718656000.2731073,31.0,22949.0
1718656000.432634,0.0,22949.0
1718656000.5935268,0.0,22949.0
1718656000.762755,0.0,22949.0
1718656000.9283402,0.0,22949.0
1718656001.1070523,0.0,22949.0
1718656001.2743871,0.0,22949.0
1718656001.4417996,0.0,22949.0
1718656001.6755352,0.0,22949.0
1718656001.8655038,0.0,22949.0
1718656002.0831845,0.0,22949.0
1718656002.3012493,0.0,22949.0
1718656002.4844449,0.0,22949.0
1718656002.6776958,0.0,22949.0
1718656002.8527567,0.0,22949.0
1718656003.0001268,0.0,22949.0
1718656003.1453164,0.0,22949.0
1718656003.295297,49.0,22949.0
1718656003.4409025,49.0,22949.0
1718656003.585693,100.0,22949.0
1718656003.7318494,99.0,22949.0
1718656003.9074972,99.0,22949.0
1718656004.0775764,100.0,22949.0
1718656004.2416692,100.0,22949.0
1718656004.4143791,100.0,22949.0
1718656004.609912,100.0,22949.0
1718656004.799057,15.0,22949.0
1718656004.9517426,0.0,22949.0
1718656005.1203625,0.0,22949.0
1718656005.284335,0.0,22949.0
1718656005.4518983,0.0,22949.0
1718656005.6212344,0.0,22949.0
1718656005.8138535,0.0,22949.0
1718656006.0299754,0.0,22949.0
1718656006.2609558,0.0,22949.0
1718656006.4464636,0.0,22949.0
1718656006.6630228,0.0,22949.0
1718656006.8259242,0.0,22949.0
1718656006.9962163,0.0,22949.0
1718656007.1591277,0.0,22949.0
1718656007.3054488,0.0,22949.0
1718656007.4501662,0.0,22949.0
1718656007.5957878,23.0,22949.0
1718656007.7419207,100.0,22949.0
1718656007.8871853,100.0,22949.0
1718656008.035299,99.0,22949.0
1718656008.2120636,100.0,22949.0
1718656008.3888433,100.0,22949.0
1718656008.5506337,100.0,22949.0
1718656008.7414737,100.0,22949.0
1718656008.9187257,54.0,22949.0
1718656009.1097913,54.0,22949.0
1718656009.2643554,0.0,22949.0
1718656009.4358442,0.0,22949.0
1718656009.5990014,0.0,22949.0
1718656009.7667246,0.0,22949.0
1718656009.942151,0.0,22949.0
1718656010.153888,0.0,22949.0
1718656010.3565366,0.0,22949.0
1718656010.578093,0.0,22949.0
1718656010.7628758,0.0,22949.0
1718656010.97096,0.0,22949.0
1718656011.1340706,0.0,22949.0
1718656011.2970603,0.0,22949.0
1718656011.4735422,0.0,22949.0
1718656011.6190264,0.0,22949.0
1718656011.7633681,0.0,22949.0
1718656011.908435,59.0,22949.0
1718656012.0555203,59.0,22949.0
1718656012.200716,99.0,22949.0
1718656012.3462975,100.0,22949.0
1718656012.52937,100.0,22949.0
1718656012.7124732,100.0,22949.0
1718656012.8910863,100.0,22949.0
1718656013.0570245,100.0,22949.0
1718656013.2599144,100.0,22949.0
1718656013.4298396,8.0,22949.0
1718656013.5902543,0.0,22949.0
1718656013.7662694,0.0,22949.0
1718656013.9427526,0.0,22949.0
1718656014.1158042,0.0,22949.0
1718656014.2906055,0.0,22949.0
1718656014.483457,0.0,22949.0
1718656014.6932664,0.0,22949.0
1718656014.881938,0.0,22949.0
1718656015.0991783,0.0,22949.0
1718656015.3246577,0.0,22949.0
1718656015.4894977,0.0,22949.0
1718656015.6333935,0.0,22949.0
1718656015.8098178,0.0,22949.0
1718656015.9778607,0.0,22949.0
1718656016.125057,0.0,22949.0
1718656016.2706175,0.0,22949.0
1718656016.4181943,46.0,22949.0
1718656016.5637915,46.0,22949.0
1718656016.7082152,100.0,22949.0
1718656016.8778226,99.0,22949.0
1718656017.041672,100.0,22949.0
1718656017.201954,100.0,22949.0
1718656017.3691497,100.0,22949.0
1718656017.5593717,99.0,22949.0
1718656017.7478518,21.0,22949.0
1718656017.9263394,0.0,22949.0
1718656018.0784621,0.0,22949.0
1718656018.2387223,0.0,22949.0
1718656018.398448,0.0,22949.0
1718656018.5721085,0.0,22949.0
1718656018.7548852,0.0,22949.0
1718656018.966424,0.0,22949.0
1718656019.1831944,0.0,22949.0
1718656019.4055634,0.0,22949.0
1718656019.5683117,0.0,22949.0
1718656019.7867599,0.0,22949.0
1718656019.9653518,0.0,22949.0
1718656020.1416466,0.0,22949.0
1718656020.3026187,0.0,22949.0
1718656020.4477832,0.0,22949.0
1718656020.5926821,0.0,22949.0
1718656020.7380383,0.0,22949.0
1718656020.8828752,94.0,22949.0
1718656021.0721924,98.0,22949.0
1718656021.2188191,100.0,22949.0
1718656021.4084992,100.0,22949.0
1718656021.5819583,100.0,22949.0
1718656021.7542157,100.0,22949.0
1718656021.936223,78.0,22949.0
1718656022.096352,78.0,22949.0
1718656022.2712314,0.0,22949.0
1718656022.4352367,0.0,22949.0
1718656022.594251,0.0,22949.0
1718656022.7726328,0.0,22949.0
1718656022.9591072,0.0,22949.0
1718656023.125441,0.0,22949.0
1718656023.3174112,0.0,22949.0
1718656023.5379853,0.0,22949.0
1718656023.7546632,0.0,22949.0
1718656023.9368253,0.0,22949.0
1718656024.1320622,0.0,22949.0
1718656024.2800515,0.0,22949.0
1718656024.4597218,0.0,22949.0
1718656024.6229575,0.0,22949.0
1718656024.7686744,0.0,22949.0
1718656024.9144332,0.0,22949.0
1718656025.060239,51.0,22949.0
1718656025.2052636,100.0,22949.0
1718656025.351016,100.0,22949.0
1718656025.5021653,99.0,22949.0
1718656025.6688783,100.0,22949.0
1718656025.8460796,100.0,22949.0
1718656026.016108,100.0,22949.0
1718656026.2002263,100.0,22949.0
1718656026.3518558,100.0,22949.0
1718656026.5311646,15.0,22949.0
1718656026.6852608,0.0,22949.0
1718656026.8462913,0.0,22949.0
1718656027.012959,0.0,22949.0
1718656027.185608,0.0,22949.0
1718656027.3491783,0.0,22949.0
1718656027.5372837,0.0,22949.0
1718656027.7544053,0.0,22949.0
1718656027.9454846,0.0,22949.0
1718656028.1514323,0.0,22949.0
1718656028.3540168,0.0,22949.0
1718656028.5360706,0.0,22949.0
1718656028.7094944,0.0,22949.0
1718656028.870988,0.0,22949.0
1718656029.0192478,0.0,22949.0
1718656029.164768,0.0,22949.0
1718656029.3099494,0.0,22949.0
1718656029.4570937,97.0,22949.0
1718656029.603469,99.0,22949.0
1718656029.7485168,99.0,22949.0
1718656029.9030688,100.0,22949.0
1718656030.0683007,100.0,22949.0
1718656030.2374766,100.0,22949.0
1718656030.4055781,100.0,22949.0
1718656030.5742989,100.0,22949.0
1718656030.7372506,74.0,22949.0
1718656030.8974364,0.0,22949.0
1718656031.0499287,0.0,22949.0
1718656031.2169259,0.0,22949.0
1718656031.38274,0.0,22949.0
1718656031.5520725,0.0,22949.0
1718656031.7162309,0.0,22949.0
1718656031.9338636,0.0,22949.0
1718656032.139179,0.0,22949.0
1718656032.3532631,0.0,22949.0
1718656032.5454097,0.0,22949.0
1718656032.7617846,0.0,22949.0
1718656032.914296,0.0,22949.0
1718656033.0985222,0.0,22949.0
1718656033.278452,0.0,22949.0
1718656033.4234388,0.0,22949.0
1718656033.5690598,0.0,22949.0
1718656033.7154505,39.0,22949.0
1718656033.8629844,39.0,22949.0
1718656034.0075119,99.0,22949.0
1718656034.1548853,99.0,22949.0
1718656034.3166347,100.0,22949.0
1718656034.4818614,100.0,22949.0
1718656034.6423724,100.0,22949.0
1718656034.8200939,100.0,22949.0
1718656035.022469,40.0,22949.0
1718656035.2150962,40.0,22949.0
1718656035.3731828,0.0,22949.0
1718656035.5417416,0.0,22949.0
1718656035.7165122,0.0,22949.0
1718656035.8910377,0.0,22949.0
1718656036.0621974,0.0,22949.0
1718656036.2802753,0.0,22949.0
1718656036.498857,0.0,22949.0
1718656036.6887949,0.0,22949.0
1718656036.8723087,0.0,22949.0
1718656037.0912116,0.0,22949.0
1718656037.2377822,0.0,22949.0
1718656037.402396,0.0,22949.0
1718656037.5706367,0.0,22949.0
1718656037.7165406,0.0,22949.0
1718656037.861173,0.0,22949.0
1718656038.0064566,0.0,22949.0
1718656038.151799,77.0,22949.0
1718656038.2989223,77.0,22949.0
1718656038.4478464,100.0,22949.0
1718656038.6178179,100.0,22949.0
1718656038.7998555,100.0,22949.0
1718656038.9725482,100.0,22949.0
1718656039.1153567,100.0,22949.0
1718656039.300903,93.0,22949.0
1718656039.4753137,0.0,22949.0
1718656039.6416883,0.0,22949.0
1718656039.798005,0.0,22949.0
1718656039.957377,0.0,22949.0
1718656040.129271,0.0,22949.0
1718656040.3046207,0.0,22949.0
1718656040.4804575,0.0,22949.0
1718656040.6842074,0.0,22949.0
1718656040.8886821,0.0,22949.0
1718656041.0964222,0.0,22949.0
1718656041.2949939,0.0,22949.0
1718656041.5073874,0.0,22949.0
1718656041.6548848,0.0,22949.0
1718656041.8274953,0.0,22949.0
1718656042.0012183,0.0,22949.0
1718656042.1484268,0.0,22949.0
1718656042.294977,0.0,22949.0
1718656042.4427576,0.0,22949.0
1718656042.5895712,76.0,22949.0
1718656042.7366633,99.0,22949.0
1718656042.8838503,99.0,22949.0
1718656043.0573497,100.0,22949.0
1718656043.2322006,100.0,22949.0
1718656043.3969474,100.0,22949.0
1718656043.5771418,100.0,22949.0
1718656043.7596853,94.0,22949.0
1718656043.937019,0.0,22949.0
1718656044.0988092,0.0,22949.0
1718656044.2516842,0.0,22949.0
1718656044.41656,0.0,22949.0
1718656044.593822,0.0,22949.0
1718656044.7712178,0.0,22949.0
1718656044.928114,0.0,22949.0
1718656045.1494296,0.0,22949.0
1718656045.3658051,0.0,22949.0
1718656045.5693138,0.0,22949.0
1718656045.7533844,0.0,22949.0
1718656045.9537675,0.0,22949.0
1718656046.1120725,0.0,22949.0
1718656046.2791188,0.0,22949.0
1718656046.440646,0.0,22949.0
1718656046.588044,0.0,22949.0
1718656046.7324214,0.0,22949.0
1718656046.8770857,0.0,22949.0
1718656047.0238748,83.0,22949.0
1718656047.1673784,99.0,22949.0
1718656047.3139625,100.0,22949.0
1718656047.4784489,100.0,22949.0
1718656047.6482854,100.0,22949.0
1718656047.8090124,100.0,22949.0
1718656047.9817414,100.0,22949.0
1718656048.1563363,85.0,22949.0
1718656048.3139126,85.0,22949.0
1718656048.4836621,0.0,22949.0
1718656048.6486573,0.0,22949.0
1718656048.8301692,0.0,22949.0
1718656048.99551,0.0,22949.0
1718656049.164619,0.0,22949.0
1718656049.3230917,0.0,22949.0
1718656049.5341237,0.0,22949.0
1718656049.7318559,0.0,22949.0
1718656049.9407535,0.0,22949.0
1718656050.1208098,0.0,22949.0
1718656050.3190012,0.0,22949.0
1718656050.4805892,0.0,22949.0
1718656050.651086,0.0,22949.0
1718656050.8116744,0.0,22949.0
1718656050.9573908,0.0,22949.0
1718656051.1023412,0.0,22949.0
1718656051.2468052,17.0,22949.0
1718656051.3931963,100.0,22949.0
1718656051.5378046,99.0,22949.0
1718656051.6849678,99.0,22949.0
1718656051.8742156,100.0,22949.0
1718656052.0432663,100.0,22949.0
1718656052.2267227,100.0,22949.0
1718656052.3900862,100.0,22949.0
1718656052.5760975,57.0,22949.0
1718656052.7446082,57.0,22949.0
1718656052.8985846,0.0,22949.0
1718656053.065968,0.0,22949.0
1718656053.2378523,0.0,22949.0
1718656053.4109616,0.0,22949.0
1718656053.5779245,0.0,22949.0
1718656053.7890759,0.0,22949.0
1718656053.992721,0.0,22949.0
1718656054.2107427,0.0,22949.0
1718656054.394535,0.0,22949.0
1718656054.594127,0.0,22949.0
1718656054.7485833,0.0,22949.0
1718656054.9237502,0.0,22949.0
1718656055.0872304,0.0,22949.0
1718656055.2320771,0.0,22949.0
1718656055.378016,0.0,22949.0
1718656055.5235977,37.0,22949.0
1718656055.670211,37.0,22949.0
1718656055.8154864,100.0,22949.0
1718656055.9599786,99.0,22949.0
1718656056.1060948,100.0,22949.0
1718656056.2840674,100.0,22949.0
1718656056.4555352,100.0,22949.0
1718656056.6305974,100.0,22949.0
1718656056.797894,100.0,22949.0
1718656056.9656258,43.0,22949.0
1718656057.1273997,43.0,22949.0
1718656057.2804217,0.0,22949.0
1718656057.4446442,0.0,22949.0
1718656057.609562,0.0,22949.0
1718656057.7828505,0.0,22949.0
1718656057.9437556,0.0,22949.0
1718656058.1777492,0.0,22949.0
1718656058.3985653,0.0,22949.0
1718656058.6042473,0.0,22949.0
1718656058.7859764,0.0,22949.0
1718656058.9897346,0.0,22949.0
1718656059.15458,0.0,22949.0
1718656059.3251114,0.0,22949.0
1718656059.4871888,0.0,22949.0
1718656059.633432,0.0,22949.0
1718656059.7781713,0.0,22949.0
1718656059.9243853,9.0,22949.0
1718656060.0717895,100.0,22949.0
1718656060.2186925,99.0,22949.0
1718656060.3677635,99.0,22949.0
1718656060.5426683,100.0,22949.0
1718656060.7049274,100.0,22949.0
1718656060.8632128,100.0,22949.0
1718656061.029306,100.0,22949.0
1718656061.2209456,65.0,22949.0
1718656061.3933556,0.0,22949.0
1718656061.546436,0.0,22949.0
1718656061.6997416,0.0,22949.0
1718656061.880332,0.0,22949.0
1718656062.0579295,0.0,22949.0
1718656062.2333283,0.0,22949.0
1718656062.4495535,0.0,22949.0
1718656062.653761,0.0,22949.0
1718656062.8689668,0.0,22949.0
1718656063.0458257,0.0,22949.0
1718656063.2669673,0.0,22949.0
1718656063.429078,0.0,22949.0
1718656063.604703,0.0,22949.0
1718656063.771265,0.0,22949.0
1718656063.924498,0.0,22949.0
1718656064.0683827,0.0,22949.0
1718656064.2139277,43.0,22949.0
1718656064.359879,43.0,22949.0
1718656064.5048008,100.0,22949.0
1718656064.650846,99.0,22949.0
1718656064.8234894,100.0,22949.0
1718656065.0061889,100.0,22949.0
1718656065.1898503,100.0,22949.0
1718656065.3564014,100.0,22949.0
1718656065.570569,100.0,22949.0
1718656065.7465005,0.0,22949.0
1718656065.897806,0.0,22949.0
1718656066.0619378,0.0,22949.0
1718656066.223372,0.0,22949.0
1718656066.409722,0.0,22949.0
1718656066.5797353,0.0,22949.0
1718656066.77083,0.0,22949.0
1718656066.9862137,0.0,22949.0
1718656067.2046416,0.0,22949.0
1718656067.3939044,0.0,22949.0
1718656067.6093447,0.0,22949.0
1718656067.7653198,0.0,22949.0
1718656067.9348028,0.0,22949.0
1718656068.1061578,0.0,22949.0
1718656068.264261,0.0,22949.0
1718656068.4100866,0.0,22949.0
1718656068.5619454,0.0,22949.0
1718656068.7079947,86.0,22949.0
1718656068.852124,99.0,22949.0
1718656068.9988375,99.0,22949.0
1718656069.17393,100.0,22949.0
1718656069.3527825,100.0,22949.0
1718656069.530068,100.0,22949.0
1718656069.6968942,100.0,22949.0
1718656069.8652647,85.0,22949.0
1718656070.0173376,85.0,22949.0
1718656070.1921728,0.0,22949.0
1718656070.3510349,0.0,22949.0
1718656070.5371916,0.0,22949.0
1718656070.6942132,0.0,22949.0
1718656070.8578346,0.0,22949.0
1718656071.0157292,0.0,22949.0
1718656071.2378786,0.0,22949.0
1718656071.4371324,0.0,22949.0
1718656071.6422079,0.0,22949.0
1718656071.8244476,0.0,22949.0
1718656072.0262237,0.0,22949.0
1718656072.1832304,0.0,22949.0
1718656072.3514674,0.0,22949.0
1718656072.5266118,0.0,22949.0
1718656072.6793358,0.0,22949.0
1718656072.8251438,0.0,22949.0
1718656072.9740338,0.0,22949.0
1718656073.1219018,90.0,22949.0
1718656073.2688217,99.0,22949.0
1718656073.4188368,100.0,22949.0
1718656073.6118665,100.0,22949.0
1718656073.7898648,100.0,22949.0
1718656073.954171,100.0,22949.0
1718656074.1268396,100.0,22949.0
1718656074.3179464,81.0,22949.0
1718656074.5046837,0.0,22949.0
1718656074.6530344,0.0,22949.0
1718656074.8153186,0.0,22949.0
1718656074.9780247,0.0,22949.0
1718656075.1551383,0.0,22949.0
1718656075.3244407,0.0,22949.0
1718656075.5326402,0.0,22949.0
1718656075.7530725,0.0,22949.0
1718656075.9307241,0.0,22949.0
1718656076.1089914,0.0,22949.0
1718656076.3417022,0.0,22949.0
1718656076.4912188,0.0,22949.0
1718656076.6644585,0.0,22949.0
1718656076.8319442,0.0,22949.0
1718656076.9791193,0.0,22949.0
1718656077.127369,0.0,22949.0
1718656077.2745225,49.0,22949.0
1718656077.4224246,49.0,22949.0
1718656077.5668623,100.0,22949.0
1718656077.7175624,99.0,22949.0
1718656077.8836482,100.0,22949.0
1718656078.052033,100.0,22949.0
1718656078.2314975,100.0,22949.0
1718656078.4093177,100.0,22949.0
1718656078.5950902,100.0,22949.0
1718656078.7526414,18.0,22949.0
1718656078.907067,0.0,22949.0
1718656079.0831926,0.0,22949.0
1718656079.249195,0.0,22949.0
1718656079.430108,0.0,22949.0
1718656079.6066403,0.0,22949.0
1718656079.8220367,0.0,22949.0
1718656080.0364695,0.0,22949.0
1718656080.2545342,0.0,22949.0
1718656080.4135594,0.0,22949.0
1718656080.6293938,0.0,22949.0
1718656080.7777824,0.0,22949.0
1718656080.9437075,0.0,22949.0
1718656081.112573,0.0,22949.0
1718656081.2599185,0.0,22949.0
1718656081.4058197,0.0,22949.0
1718656081.5546248,17.0,22949.0
1718656081.7011383,17.0,22949.0
1718656081.8458447,99.0,22949.0
1718656081.991394,100.0,22949.0
1718656082.192933,100.0,22949.0
1718656082.3751056,100.0,22949.0
1718656082.5399938,100.0,22949.0
1718656082.7077155,100.0,22949.0
1718656082.9086804,60.0,22949.0
1718656083.079777,0.0,22949.0
1718656083.2317324,0.0,22949.0
1718656083.3988538,0.0,22949.0
1718656083.576358,0.0,22949.0
1718656083.7669098,0.0,22949.0
1718656083.9258616,0.0,22949.0
1718656084.140754,0.0,22949.0
1718656084.3547876,0.0,22949.0
1718656084.5887804,0.0,22949.0
1718656084.8062973,0.0,22949.0
1718656084.991097,0.0,22949.0
1718656085.1589255,0.0,22949.0
1718656085.322235,0.0,22949.0
1718656085.480218,0.0,22949.0
1718656085.625217,0.0,22949.0
1718656085.7698424,4.0,22949.0
1718656085.9153013,4.0,22949.0
1718656086.062482,99.0,22949.0
1718656086.2075243,99.0,22949.0
1718656086.372985,100.0,22949.0
1718656086.5494506,100.0,22949.0
1718656086.7350776,100.0,22949.0
1718656086.9026768,100.0,22949.0
1718656087.1014447,68.0,22949.0
1718656087.2528582,0.0,22949.0
1718656087.4086003,0.0,22949.0
1718656087.579162,0.0,22949.0
1718656087.755307,0.0,22949.0
1718656087.918836,0.0,22949.0
1718656088.0861843,0.0,22949.0
1718656088.2378817,0.0,22949.0
1718656088.4503624,0.0,22949.0
1718656088.6385257,0.0,22949.0
1718656088.84184,0.0,22949.0
1718656089.0304997,0.0,22949.0
1718656089.2262542,0.0,22949.0
1718656089.3947012,0.0,22949.0
1718656089.5615675,0.0,22949.0
1718656089.7285678,0.0,22949.0
1718656089.8728442,0.0,22949.0
1718656090.0201101,0.0,22949.0
1718656090.1701388,57.0,22949.0
1718656090.3139172,57.0,22949.0
1718656090.459347,99.0,22949.0
1718656090.641671,100.0,22949.0
1718656090.79986,100.0,22949.0
1718656090.975464,100.0,22949.0
1718656091.1539161,100.0,22949.0
1718656091.339558,100.0,22949.0
1718656091.4907274,100.0,22949.0
1718656091.6529434,8.0,22949.0
1718656091.8292856,0.0,22949.0
1718656092.0072615,0.0,22949.0
1718656092.1829455,0.0,22949.0
1718656092.3646424,0.0,22949.0
1718656092.5504704,0.0,22949.0
1718656092.7656963,0.0,22949.0
1718656092.954946,0.0,22949.0
1718656093.1702588,0.0,22949.0
1718656093.4010363,0.0,22949.0
1718656093.5689723,0.0,22949.0
1718656093.7321546,0.0,22949.0
1718656093.902133,0.0,22949.0
1718656094.0474706,0.0,22949.0
1718656094.191824,0.0,22949.0
1718656094.3388963,62.0,22949.0
1718656094.484203,62.0,22949.0
1718656094.6289594,99.0,22949.0
1718656094.7755551,100.0,22949.0
1718656094.9438615,100.0,22949.0
1718656095.1126797,100.0,22949.0
1718656095.2830033,100.0,22949.0
1718656095.4509609,100.0,22949.0
1718656095.6401641,100.0,22949.0
1718656095.787562,5.0,22949.0
1718656095.957399,0.0,22949.0
1718656096.117288,0.0,22949.0
1718656096.2718406,0.0,22949.0
1718656096.4411137,0.0,22949.0
1718656096.6089573,0.0,22949.0
1718656096.7835948,0.0,22949.0
1718656097.0243723,0.0,22949.0
1718656097.2283587,0.0,22949.0
1718656097.453617,0.0,22949.0
1718656097.6707017,0.0,22949.0
1718656097.8466666,0.0,22949.0
1718656098.005211,0.0,22949.0
1718656098.1743524,0.0,22949.0
1718656098.3277202,0.0,22949.0
1718656098.4745748,0.0,22949.0
1718656098.6203182,0.0,22949.0
1718656098.7656565,83.0,22949.0
1718656098.9113584,83.0,22949.0
1718656099.0573783,99.0,22949.0
1718656099.237798,100.0,22949.0
1718656099.4060595,100.0,22949.0
1718656099.584092,100.0,22949.0
1718656099.7568834,100.0,22949.0
1718656099.9477654,86.0,22949.0
1718656100.1037984,86.0,22949.0
1718656100.261879,0.0,22949.0
1718656100.4382026,0.0,22949.0
1718656100.616081,0.0,22949.0
1718656100.8047874,0.0,22949.0
1718656100.9806852,0.0,22949.0
1718656101.1971965,0.0,22949.0
1718656101.4209046,0.0,22949.0
1718656101.6414778,0.0,22949.0
1718656101.8412728,0.0,22949.0
1718656102.0312915,0.0,22949.0
1718656102.1786711,0.0,22949.0
1718656102.3533177,0.0,22949.0
1718656102.5171697,0.0,22949.0
1718656102.6629567,0.0,22949.0
1718656102.8081243,0.0,22949.0
1718656102.9547038,0.0,22949.0
1718656103.099282,97.0,22949.0
1718656103.2430913,96.0,22949.0
1718656103.3953106,100.0,22949.0
1718656103.5899508,100.0,22949.0
1718656103.7652614,100.0,22949.0
1718656103.9488642,100.0,22949.0
1718656104.1306229,100.0,22949.0
1718656104.2898266,78.0,22949.0
1718656104.451219,0.0,22949.0
1718656104.5993202,0.0,22949.0
1718656104.7611024,0.0,22949.0
1718656104.9418166,0.0,22949.0
1718656105.1035876,0.0,22949.0
1718656105.2657967,0.0,22949.0
1718656105.4824288,0.0,22949.0
1718656105.6932724,0.0,22949.0
1718656105.9102309,0.0,22949.0
1718656106.1179593,0.0,22949.0
1718656106.306947,0.0,22949.0
1718656106.4686294,0.0,22949.0
1718656106.6369407,0.0,22949.0
1718656106.8099234,0.0,22949.0
1718656106.95603,0.0,22949.0
1718656107.1044137,0.0,22949.0
1718656107.2505324,34.0,22949.0
1718656107.4019232,100.0,22949.0
1718656107.5505545,100.0,22949.0
1718656107.6964846,99.0,22949.0
1718656107.889429,100.0,22949.0
1718656108.0659285,100.0,22949.0
1718656108.2223742,100.0,22949.0
1718656108.4000356,100.0,22949.0
1718656108.6062663,45.0,22949.0
1718656108.7949946,45.0,22949.0
1718656108.9508204,0.0,22949.0
1718656109.111339,0.0,22949.0
1718656109.28562,0.0,22949.0
1718656109.4542224,0.0,22949.0
1718656109.6233609,0.0,22949.0
1718656109.8416905,0.0,22949.0
1718656110.0622876,0.0,22949.0
1718656110.2780554,0.0,22949.0
1718656110.4656684,0.0,22949.0
1718656110.661687,0.0,22949.0
1718656110.8097985,0.0,22949.0
1718656110.982231,0.0,22949.0
1718656111.1700985,0.0,22949.0
1718656111.3151453,0.0,22949.0
1718656111.459969,0.0,22949.0
1718656111.6058936,0.0,22949.0
1718656111.7526724,82.0,22949.0
1718656111.897498,99.0,22949.0
1718656112.0542657,100.0,22949.0
1718656112.2448902,100.0,22949.0
1718656112.4306927,100.0,22949.0
1718656112.611347,100.0,22949.0
1718656112.8238242,89.0,22949.0
1718656112.9768522,89.0,22949.0
1718656113.132947,0.0,22949.0
1718656113.2978375,0.0,22949.0
1718656113.4750211,0.0,22949.0
1718656113.6470475,0.0,22949.0
1718656113.8162875,0.0,22949.0
1718656113.97985,0.0,22949.0
1718656114.217925,0.0,22949.0
1718656114.4173615,0.0,22949.0
1718656114.634283,0.0,22949.0
1718656114.855981,0.0,22949.0
1718656115.0480394,0.0,22949.0
1718656115.2290142,0.0,22949.0
1718656115.3940692,0.0,22949.0
1718656115.5398326,0.0,22949.0
1718656115.6882443,0.0,22949.0
1718656115.8356533,0.0,22949.0
1718656115.9828207,63.0,22949.0
1718656116.128004,99.0,22949.0
1718656116.274416,100.0,22949.0
1718656116.4587603,100.0,22949.0
1718656116.6227176,100.0,22949.0
1718656116.7975206,100.0,22949.0
1718656116.9658835,100.0,22949.0
1718656117.151728,100.0,22949.0
1718656117.311733,3.0,22949.0
1718656117.485654,0.0,22949.0
1718656117.661488,0.0,22949.0
1718656117.8318548,0.0,22949.0
1718656118.0091023,0.0,22949.0
1718656118.171215,0.0,22949.0
1718656118.3859937,0.0,22949.0
1718656118.6208892,0.0,22949.0
1718656118.8382492,0.0,22949.0
1718656119.0294628,0.0,22949.0
1718656119.2280757,0.0,22949.0
1718656119.394169,0.0,22949.0
1718656119.5681407,0.0,22949.0
1718656119.7390869,0.0,22949.0
1718656119.8907993,0.0,22949.0
1718656120.0427165,0.0,22949.0
1718656120.1916685,26.0,22949.0
1718656120.3492289,100.0,22949.0
1718656120.5040486,99.0,22949.0
1718656120.6802442,99.0,22949.0
1718656120.846955,100.0,22949.0
1718656121.023392,100.0,22949.0
1718656121.1958487,100.0,22949.0
1718656121.3959558,100.0,22949.0
1718656121.5488052,52.0,22949.0
1718656121.7262588,0.0,22949.0
1718656121.8825204,0.0,22949.0
1718656122.054319,0.0,22949.0
1718656122.2217224,0.0,22949.0
1718656122.3976374,0.0,22949.0
1718656122.5540771,0.0,22949.0
1718656122.7664976,0.0,22949.0
1718656122.9508932,0.0,22949.0
1718656123.1868346,0.0,22949.0
1718656123.406234,0.0,22949.0
1718656123.5891478,0.0,22949.0
1718656123.773185,0.0,22949.0
1718656123.938911,0.0,22949.0
1718656124.0839994,0.0,22949.0
1718656124.2281685,0.0,22949.0
1718656124.3725271,4.0,22949.0
1718656124.519565,100.0,22949.0
1718656124.6643426,100.0,22949.0
1718656124.8102255,99.0,22949.0
1718656124.9698117,100.0,22949.0
1718656125.144451,100.0,22949.0
1718656125.3224845,100.0,22949.0
1718656125.503187,100.0,22949.0
1718656125.6911259,100.0,22949.0
1718656125.8742502,70.0,22949.0
1718656126.0306413,0.0,22949.0
1718656126.1869123,0.0,22949.0
1718656126.3571653,0.0,22949.0
1718656126.5218747,0.0,22949.0
1718656126.701713,0.0,22949.0
1718656126.9171221,0.0,22949.0
1718656127.1337314,0.0,22949.0
1718656127.3534985,0.0,22949.0
1718656127.5106692,0.0,22949.0
1718656127.727131,0.0,22949.0
1718656127.87343,0.0,22949.0
1718656128.0360816,0.0,22949.0
1718656128.1963634,0.0,22949.0
1718656128.3414319,0.0,22949.0
1718656128.4860866,0.0,22949.0
1718656128.6339402,3.0,22949.0
1718656128.780225,100.0,22949.0
1718656128.9262395,99.0,22949.0
1718656129.1389089,100.0,22949.0
1718656129.3190203,100.0,22949.0
1718656129.4932854,100.0,22949.0
1718656129.6617243,100.0,22949.0
1718656129.848915,100.0,22949.0
1718656130.0070636,73.0,22949.0
1718656130.1733406,0.0,22949.0
1718656130.317922,0.0,22949.0
1718656130.4731162,0.0,22949.0
1718656130.6451626,0.0,22949.0
1718656130.8155742,0.0,22949.0
1718656130.9763372,0.0,22949.0
1718656131.1904776,0.0,22949.0
1718656131.4042647,0.0,22949.0
1718656131.6211817,0.0,22949.0
1718656131.8104115,0.0,22949.0
1718656131.9980345,0.0,22949.0
1718656132.1600518,0.0,22949.0
1718656132.3327239,0.0,22949.0
1718656132.4980478,0.0,22949.0
1718656132.6434915,0.0,22949.0
1718656132.789285,0.0,22949.0
1718656132.9364996,93.0,22949.0
1718656133.0816054,93.0,22949.0
1718656133.2271578,99.0,22949.0
1718656133.4004877,100.0,22949.0
1718656133.5848303,100.0,22949.0
1718656133.7505672,100.0,22949.0
1718656133.9169528,100.0,22949.0
1718656134.0863566,100.0,22949.0
1718656134.2408583,79.0,22949.0
1718656134.4115689,0.0,22949.0
1718656134.573999,0.0,22949.0
1718656134.7440064,0.0,22949.0
1718656134.9224524,0.0,22949.0
1718656135.0962968,0.0,22949.0
1718656135.2856812,0.0,22949.0
1718656135.5005171,0.0,22949.0
1718656135.7171702,0.0,22949.0
1718656135.9128053,0.0,22949.0
1718656136.1179376,0.0,22949.0
1718656136.2818391,0.0,22949.0
1718656136.4523005,0.0,22949.0
1718656136.614776,0.0,22949.0
1718656136.760297,0.0,22949.0
1718656136.905066,0.0,22949.0
1718656137.059823,11.0,22949.0
1718656137.2058456,100.0,22949.0
1718656137.3516486,99.0,22949.0
1718656137.519863,99.0,22949.0
1718656137.7087505,100.0,22949.0
1718656137.8693314,100.0,22949.0
1718656138.05781,100.0,22949.0
1718656138.2430315,100.0,22949.0
1718656138.404717,64.0,22949.0
1718656138.5729902,0.0,22949.0
1718656138.744214,0.0,22949.0
1718656138.916563,0.0,22949.0
1718656139.0939953,0.0,22949.0
1718656139.2617927,0.0,22949.0
1718656139.4546397,0.0,22949.0
1718656139.668485,0.0,22949.0
1718656139.8502812,0.0,22949.0
1718656140.076818,0.0,22949.0
1718656140.2946932,0.0,22949.0
1718656140.4661496,0.0,22949.0
1718656140.6438522,0.0,22949.0
1718656140.808854,0.0,22949.0
1718656140.9548373,0.0,22949.0
1718656141.0992944,0.0,22949.0
1718656141.2480824,28.0,22949.0
1718656141.3941715,28.0,22949.0
1718656141.5384338,100.0,22949.0
1718656141.7332199,99.0,22949.0
1718656141.8982067,100.0,22949.0
1718656142.0754235,100.0,22949.0
1718656142.2442656,100.0,22949.0
1718656142.4193757,100.0,22949.0
1718656142.574315,100.0,22949.0
1718656142.7437608,49.0,22949.0
1718656142.903832,0.0,22949.0
1718656143.0603297,0.0,22949.0
1718656143.2349112,0.0,22949.0
1718656143.3975184,0.0,22949.0
1718656143.5686638,0.0,22949.0
1718656143.7843618,0.0,22949.0
1718656143.997713,0.0,22949.0
1718656144.2286818,0.0,22949.0
1718656144.4326265,0.0,22949.0
1718656144.6122696,0.0,22949.0
1718656144.7785652,0.0,22949.0
1718656144.9433594,0.0,22949.0
1718656145.1086206,0.0,22949.0
1718656145.2569246,0.0,22949.0
1718656145.4021976,25.0,22949.0
1718656145.5482826,25.0,22949.0
1718656145.6957154,100.0,22949.0
1718656145.84111,99.0,22949.0
1718656146.0275192,100.0,22949.0
1718656146.194495,100.0,22949.0
1718656146.365844,100.0,22949.0
1718656146.5378778,100.0,22949.0
1718656146.7121873,100.0,22949.0
1718656146.8971102,52.0,22949.0
1718656147.0507934,0.0,22949.0
1718656147.2073925,0.0,22949.0
1718656147.3759997,0.0,22949.0
1718656147.558816,0.0,22949.0
1718656147.7329168,0.0,22949.0
1718656147.9257104,0.0,22949.0
1718656148.1295464,0.0,22949.0
1718656148.323498,0.0,22949.0
1718656148.5117364,0.0,22949.0
1718656148.7460241,0.0,22949.0
1718656148.9171207,0.0,22949.0
1718656149.107813,0.0,22949.0
1718656149.2699306,0.0,22949.0
1718656149.4177885,0.0,22949.0
1718656149.5636945,0.0,22949.0
1718656149.7113738,29.0,22949.0
1718656149.859433,100.0,22949.0
1718656150.0117507,99.0,22949.0
1718656150.1975458,100.0,22949.0
1718656150.3835218,100.0,22949.0
1718656150.5556855,100.0,22949.0
1718656150.7258792,100.0,22949.0
1718656150.8917387,100.0,22949.0
1718656151.0486956,50.0,22949.0
1718656151.22333,0.0,22949.0
1718656151.3835783,0.0,22949.0
1718656151.54499,0.0,22949.0
1718656151.7211623,0.0,22949.0
1718656151.8854854,0.0,22949.0
1718656152.0472069,0.0,22949.0
1718656152.264687,0.0,22949.0
1718656152.4429948,0.0,22949.0
1718656152.6594698,0.0,22949.0
1718656152.849665,0.0,22949.0
1718656153.0444825,0.0,22949.0
1718656153.1995184,0.0,22949.0
1718656153.3661234,0.0,22949.0
1718656153.5234435,0.0,22949.0
1718656153.668782,0.0,22949.0
1718656153.8148894,0.0,22949.0
1718656153.9604776,24.0,22949.0
1718656154.1073482,100.0,22949.0
1718656154.252993,99.0,22949.0
1718656154.4473028,100.0,22949.0
1718656154.6271436,100.0,22949.0
1718656154.7957752,100.0,22949.0
1718656154.97479,100.0,22949.0
1718656155.1823022,100.0,22949.0
1718656155.3350868,54.0,22949.0
1718656155.5122502,0.0,22949.0
1718656155.6701858,0.0,22949.0
1718656155.8475251,0.0,22949.0
1718656156.017785,0.0,22949.0
1718656156.192229,0.0,22949.0
1718656156.350203,0.0,22949.0
1718656156.5765254,0.0,22949.0
1718656156.752269,0.0,22949.0
1718656156.979496,0.0,22949.0
1718656157.1910326,0.0,22949.0
1718656157.395838,0.0,22949.0
1718656157.5553505,0.0,22949.0
1718656157.7328424,0.0,22949.0
1718656157.8878462,0.0,22949.0
1718656158.0335426,0.0,22949.0
1718656158.1776342,0.0,22949.0
1718656158.3261957,78.0,22949.0
1718656158.472157,78.0,22949.0
1718656158.6162643,99.0,22949.0
1718656158.7817543,100.0,22949.0
1718656158.9684806,100.0,22949.0
1718656159.138966,100.0,22949.0
1718656159.302814,100.0,22949.0
1718656159.487076,93.0,22949.0
1718656159.6462293,93.0,22949.0
1718656159.8178763,0.0,22949.0
1718656159.9882567,0.0,22949.0
1718656160.1569903,0.0,22949.0
1718656160.3258796,0.0,22949.0
1718656160.5012136,0.0,22949.0
1718656160.6658843,0.0,22949.0
1718656160.882828,0.0,22949.0
1718656161.0498958,0.0,22949.0
1718656161.2728608,0.0,22949.0
1718656161.4918377,0.0,22949.0
1718656161.6828005,0.0,22949.0
1718656161.8379061,0.0,22949.0
1718656162.0111897,0.0,22949.0
1718656162.1613305,0.0,22949.0
1718656162.3056905,0.0,22949.0
1718656162.4519298,0.0,22949.0
1718656162.598484,47.0,22949.0
1718656162.745376,100.0,22949.0
1718656162.8905497,99.0,22949.0
1718656163.0579333,99.0,22949.0
1718656163.22767,100.0,22949.0
1718656163.389167,100.0,22949.0
1718656163.555999,100.0,22949.0
1718656163.7356691,100.0,22949.0
1718656163.8913972,100.0,22949.0
1718656164.051458,20.0,22949.0
1718656164.198365,0.0,22949.0
1718656164.3573027,0.0,22949.0
1718656164.5393877,0.0,22949.0
1718656164.7018375,0.0,22949.0
1718656164.863032,0.0,22949.0
1718656165.0739293,0.0,22949.0
1718656165.2726617,0.0,22949.0
1718656165.498525,0.0,22949.0
1718656165.664674,0.0,22949.0
1718656165.886689,0.0,22949.0
1718656166.0476677,0.0,22949.0
1718656166.238462,0.0,22949.0
1718656166.3985488,0.0,22949.0
1718656166.544034,0.0,22949.0
1718656166.689319,0.0,22949.0
1718656166.8361833,0.0,22949.0
1718656166.9866455,95.0,22949.0
1718656167.1359591,99.0,22949.0
1718656167.282259,100.0,22949.0
1718656167.4849346,100.0,22949.0
1718656167.6679869,100.0,22949.0
1718656167.8805263,100.0,22949.0
1718656168.061834,100.0,22949.0
1718656168.2169652,75.0,22949.0
1718656168.3868823,0.0,22949.0
1718656168.5474322,0.0,22949.0
1718656168.7063868,0.0,22949.0
1718656168.9010277,0.0,22949.0
1718656169.0729008,0.0,22949.0
1718656169.2262871,0.0,22949.0
1718656169.442076,0.0,22949.0
1718656169.6552875,0.0,22949.0
1718656169.8587353,0.0,22949.0
1718656170.0409029,0.0,22949.0
1718656170.2357109,0.0,22949.0
1718656170.3985896,0.0,22949.0
1718656170.5634181,0.0,22949.0
1718656170.7324595,0.0,22949.0
1718656170.8801231,0.0,22949.0
1718656171.026213,0.0,22949.0
1718656171.173783,53.0,22949.0
1718656171.3217835,53.0,22949.0
1718656171.4670672,100.0,22949.0
1718656171.6170466,99.0,22949.0
1718656171.7859776,100.0,22949.0
1718656171.9678628,100.0,22949.0
1718656172.1400557,100.0,22949.0
1718656172.3190267,100.0,22949.0
1718656172.523642,14.0,22949.0
1718656172.682534,14.0,22949.0
1718656172.848087,0.0,22949.0
1718656173.0044305,0.0,22949.0
1718656173.163849,0.0,22949.0
1718656173.322761,0.0,22949.0
1718656173.4897194,0.0,22949.0
1718656173.673999,0.0,22949.0
1718656173.8892515,0.0,22949.0
1718656174.0763845,0.0,22949.0
1718656174.2947228,0.0,22949.0
1718656174.498651,0.0,22949.0
1718656174.6754055,0.0,22949.0
1718656174.844285,0.0,22949.0
1718656175.0143383,0.0,22949.0
1718656175.1590488,0.0,22949.0
1718656175.3040519,0.0,22949.0
1718656175.449989,0.0,22949.0
1718656175.6023858,84.0,22949.0
1718656175.749991,84.0,22949.0
1718656175.8963816,99.0,22949.0
1718656176.0631154,100.0,22949.0
1718656176.2305186,100.0,22949.0
1718656176.3990164,100.0,22949.0
1718656176.5579531,100.0,22949.0
1718656176.7365012,100.0,22949.0
1718656176.8968804,87.0,22949.0
1718656177.073167,0.0,22949.0
1718656177.2301934,0.0,22949.0
1718656177.3924026,0.0,22949.0
1718656177.5545247,0.0,22949.0
1718656177.7353897,0.0,22949.0
1718656177.9088867,0.0,22949.0
1718656178.1217976,0.0,22949.0
1718656178.346982,0.0,22949.0
1718656178.5669386,0.0,22949.0
1718656178.7225127,0.0,22949.0
1718656178.9361696,0.0,22949.0
1718656179.0863736,0.0,22949.0
1718656179.2616048,0.0,22949.0
1718656179.4190264,0.0,22949.0
1718656179.565259,0.0,22949.0
1718656179.7100751,0.0,22949.0
1718656179.85718,23.0,22949.0
1718656180.0050688,100.0,22949.0
1718656180.1519763,100.0,22949.0
1718656180.29907,99.0,22949.0
1718656180.4683416,100.0,22949.0
1718656180.6436627,100.0,22949.0
1718656180.8069038,100.0,22949.0
1718656180.9677327,100.0,22949.0
1718656181.1575656,100.0,22949.0
1718656181.316614,54.0,22949.0
1718656181.4712727,0.0,22949.0
1718656181.6404934,0.0,22949.0
1718656181.8081474,0.0,22949.0
1718656181.969089,0.0,22949.0
1718656182.1478176,0.0,22949.0
1718656182.320472,0.0,22949.0
1718656182.5386631,0.0,22949.0
1718656182.7216184,0.0,22949.0
1718656182.9421315,0.0,22949.0
1718656183.1757436,0.0,22949.0
1718656183.3611422,0.0,22949.0
1718656183.538818,0.0,22949.0
1718656183.7139258,0.0,22949.0
1718656183.8604538,0.0,22949.0
1718656184.0084734,0.0,22949.0
1718656184.1540384,0.0,22949.0
1718656184.2998228,77.0,22949.0
1718656184.445111,99.0,22949.0
1718656184.5903225,100.0,22949.0
1718656184.795187,100.0,22949.0
1718656184.9737074,100.0,22949.0
1718656185.14139,100.0,22949.0
1718656185.3241966,100.0,22949.0
1718656185.5180695,91.0,22949.0
1718656185.6751027,0.0,22949.0
1718656185.8309915,0.0,22949.0
1718656185.9885368,0.0,22949.0
1718656186.1486938,0.0,22949.0
1718656186.326321,0.0,22949.0
1718656186.4869008,0.0,22949.0
1718656186.7135472,0.0,22949.0
1718656186.9375849,0.0,22949.0
1718656187.1622667,0.0,22949.0
1718656187.354304,0.0,22949.0
1718656187.5500178,0.0,22949.0
1718656187.7109554,0.0,22949.0
1718656187.8744626,0.0,22949.0
1718656188.0508754,0.0,22949.0
1718656188.1944845,0.0,22949.0
1718656188.3394666,0.0,22949.0
1718656188.4884486,50.0,22949.0
1718656188.6336277,100.0,22949.0
1718656188.779804,99.0,22949.0
1718656188.945367,99.0,22949.0
1718656189.1161563,100.0,22949.0
1718656189.2757676,100.0,22949.0
1718656189.447968,100.0,22949.0
1718656189.616955,100.0,22949.0
1718656189.7917511,17.0,22949.0
1718656189.97422,17.0,22949.0
1718656190.1265137,0.0,22949.0
1718656190.279829,0.0,22949.0
1718656190.4480338,0.0,22949.0
1718656190.615215,0.0,22949.0
1718656190.7861512,0.0,22949.0
1718656190.9789739,0.0,22949.0
1718656191.2060318,0.0,22949.0
1718656191.4428365,0.0,22949.0
1718656191.6334436,0.0,22949.0
1718656191.8165562,0.0,22949.0
1718656191.9825652,0.0,22949.0
1718656192.1656804,0.0,22949.0
1718656192.3217275,0.0,22949.0
1718656192.4674695,0.0,22949.0
1718656192.6122963,0.0,22949.0
1718656192.7575986,28.0,22949.0
1718656192.904989,100.0,22949.0
1718656193.0493248,100.0,22949.0
1718656193.197527,99.0,22949.0
1718656193.3623738,100.0,22949.0
1718656193.5357533,100.0,22949.0
1718656193.6953902,100.0,22949.0
1718656193.8758504,100.0,22949.0
1718656194.0424154,49.0,22949.0
1718656194.1964018,49.0,22949.0
