timestamp,gpu_util,gpu_mem
1718645401.6962483,28.0,433.0
1718645401.8288624,31.0,433.0
1718645401.9622755,32.0,445.0
1718645402.1054137,28.0,690.0
1718645402.2466617,28.0,942.0
1718645402.3801124,13.0,942.0
1718645402.5286963,1.0,942.0
1718645402.6582198,1.0,942.0
1718645402.7884765,1.0,942.0
1718645402.9214206,2.0,942.0
1718645403.0530398,2.0,942.0
1718645403.1854346,1.0,942.0
1718645403.3181837,2.0,942.0
1718645403.4498463,2.0,942.0
1718645403.578795,1.0,942.0
1718645403.7093391,1.0,942.0
1718645403.8451598,1.0,942.0
1718645403.9729402,2.0,942.0
1718645404.1009593,2.0,942.0
1718645404.22755,1.0,942.0
1718645404.359204,2.0,942.0
1718645404.488629,2.0,942.0
1718645404.6218824,2.0,942.0
1718645404.7529032,1.0,942.0
1718645404.8858957,1.0,942.0
1718645405.0176172,2.0,942.0
1718645405.1486325,1.0,942.0
1718645405.277594,1.0,942.0
1718645405.4065876,2.0,942.0
1718645405.5349488,1.0,942.0
1718645405.6654265,1.0,942.0
1718645405.7955744,2.0,942.0
1718645405.9263926,2.0,942.0
1718645406.0577815,2.0,942.0
1718645406.1863928,1.0,942.0
1718645406.3152583,2.0,942.0
1718645406.4451675,2.0,942.0
1718645406.5747547,1.0,942.0
1718645406.706802,1.0,942.0
1718645406.8432078,1.0,942.0
1718645406.9757452,2.0,942.0
1718645407.1072116,1.0,942.0
1718645407.2408078,1.0,942.0
1718645407.375213,2.0,942.0
1718645407.5116074,1.0,942.0
1718645407.649672,1.0,942.0
1718645407.7868147,1.0,942.0
1718645407.9244628,2.0,942.0
1718645408.0561948,2.0,942.0
1718645408.1877453,1.0,942.0
1718645408.3192189,2.0,942.0
1718645408.4512117,2.0,942.0
1718645408.5832071,1.0,942.0
1718645408.713974,1.0,942.0
1718645408.8471892,1.0,942.0
1718645408.9806447,2.0,942.0
1718645409.1139853,1.0,942.0
1718645409.2469606,1.0,942.0
1718645409.3806472,2.0,942.0
1718645409.5134528,1.0,942.0
1718645409.644741,1.0,942.0
1718645409.784094,1.0,942.0
1718645409.9163885,1.0,942.0
1718645410.053313,1.0,942.0
1718645410.1842706,1.0,942.0
1718645410.3171961,1.0,942.0
1718645410.4504383,1.0,942.0
1718645410.58221,1.0,942.0
1718645410.7169616,1.0,942.0
1718645410.8524868,1.0,942.0
1718645410.9884238,1.0,942.0
1718645411.1192207,1.0,942.0
1718645411.2512574,1.0,942.0
1718645411.381658,1.0,942.0
1718645411.5127184,1.0,942.0
1718645411.6436863,1.0,942.0
1718645411.7761354,1.0,942.0
1718645411.907979,2.0,942.0
1718645412.0416756,2.0,942.0
1718645412.172163,1.0,942.0
1718645412.3027833,1.0,942.0
1718645412.4331713,1.0,942.0
1718645412.5642352,1.0,942.0
1718645412.6986856,1.0,942.0
1718645412.8308787,1.0,942.0
1718645412.962601,1.0,942.0
1718645413.095103,1.0,942.0
1718645413.2256384,1.0,942.0
1718645413.3565476,1.0,942.0
1718645413.4882863,1.0,942.0
1718645413.6206763,1.0,942.0
1718645413.7503567,2.0,942.0
1718645413.8812733,2.0,942.0
1718645414.0128183,1.0,942.0
1718645414.1451948,1.0,942.0
1718645414.2792134,1.0,942.0
1718645414.4119365,1.0,942.0
1718645414.542918,1.0,942.0
1718645414.6732671,1.0,942.0
1718645414.8035624,1.0,942.0
1718645414.933773,1.0,942.0
1718645415.065341,1.0,942.0
1718645415.1954865,1.0,942.0
1718645415.325849,1.0,942.0
1718645415.457386,1.0,942.0
1718645415.5895739,1.0,942.0
1718645415.723524,1.0,942.0
1718645415.856309,1.0,942.0
1718645415.9878526,1.0,942.0
1718645416.1200573,1.0,942.0
1718645416.251722,1.0,942.0
1718645416.3833728,1.0,942.0
1718645416.5154767,1.0,942.0
1718645416.6462717,1.0,942.0
1718645416.7769353,1.0,942.0
1718645416.9075546,1.0,942.0
1718645417.039114,1.0,942.0
1718645417.1695662,1.0,942.0
1718645417.3008544,1.0,942.0
1718645417.4322572,1.0,942.0
1718645417.5653765,1.0,942.0
1718645417.6966574,1.0,942.0
1718645417.8282685,1.0,942.0
1718645417.9585612,1.0,942.0
1718645418.0885594,1.0,942.0
1718645418.2214096,1.0,942.0
1718645418.3518326,1.0,942.0
1718645418.4837852,1.0,942.0
1718645418.614427,1.0,942.0
1718645418.7485425,2.0,942.0
1718645418.8824568,2.0,942.0
1718645419.0140257,2.0,942.0
1718645419.1455083,4.0,942.0
1718645419.2783985,4.0,942.0
1718645419.4094305,5.0,942.0
1718645419.5401342,5.0,942.0
1718645419.6706796,5.0,942.0
1718645419.8018465,6.0,942.0
1718645419.9336414,6.0,942.0
1718645420.0656092,6.0,942.0
1718645420.1982062,30.0,942.0
1718645420.3323662,30.0,942.0
1718645420.467216,30.0,942.0
1718645420.6001513,31.0,942.0
1718645420.7346022,31.0,942.0
1718645420.8697047,31.0,942.0
1718645421.001889,30.0,942.0
1718645421.1346927,31.0,942.0
1718645421.2669191,31.0,942.0
1718645421.4023488,31.0,942.0
1718645421.5357695,31.0,942.0
1718645421.6676235,31.0,942.0
1718645421.7998824,30.0,942.0
1718645421.9321585,30.0,942.0
1718645422.066973,30.0,942.0
1718645422.199629,30.0,942.0
1718645422.3317947,31.0,942.0
1718645422.4634078,31.0,942.0
1718645422.5954013,28.0,942.0
1718645422.7299085,32.0,942.0
1718645422.8619561,32.0,942.0
1718645422.9949129,31.0,942.0
1718645423.1269267,31.0,942.0
1718645423.258894,31.0,942.0
1718645423.3908784,31.0,942.0
1718645423.5230513,30.0,942.0
1718645423.6551514,30.0,942.0
1718645423.7869256,30.0,942.0
1718645423.9191496,30.0,942.0
1718645424.051055,30.0,942.0
1718645424.183012,30.0,942.0
1718645424.31753,32.0,942.0
1718645424.449116,32.0,942.0
1718645424.5827515,27.0,942.0
1718645424.7144415,28.0,942.0
1718645424.8512776,24.0,942.0
1718645425.0413263,30.0,942.0
1718645425.2712777,65.0,942.0
1718645425.517676,54.0,942.0
1718645425.7474227,18.0,942.0
1718645425.9296563,12.0,942.0
1718645426.0873106,12.0,942.0
1718645426.3113246,11.0,942.0
1718645426.532897,24.0,942.0
1718645426.774784,26.0,942.0
1718645426.9496577,33.0,942.0
1718645427.100155,36.0,944.0
1718645427.3007493,34.0,944.0
1718645427.4532776,34.0,944.0
1718645427.6167078,35.0,944.0
1718645427.7749004,39.0,944.0
1718645427.9353297,15.0,944.0
1718645428.0988717,18.0,944.0
1718645428.2743814,48.0,944.0
1718645428.4913337,21.0,944.0
1718645428.7317193,29.0,944.0
1718645428.92134,10.0,939.0
1718645429.0704455,5.0,939.0
1718645429.243957,5.0,939.0
1718645429.3944147,37.0,939.0
1718645429.5759947,20.0,939.0
1718645429.7473023,8.0,939.0
1718645429.9312918,1.0,939.0
1718645430.1078866,0.0,939.0
1718645430.3479023,62.0,939.0
1718645430.5796082,27.0,939.0
1718645430.7387288,39.0,939.0
1718645430.8917818,39.0,939.0
1718645431.0262902,39.0,939.0
1718645431.1573474,41.0,1751.0
1718645431.29206,41.0,1751.0
1718645431.4260366,8.0,4825.0
1718645431.5812953,62.0,6121.0
1718645431.7321184,16.0,17153.0
1718645431.9752417,68.0,17155.0
1718645432.2130897,6.0,17159.0
1718645432.4697137,7.0,17159.0
1718645432.675273,9.0,17169.0
1718645432.9034448,6.0,17169.0
1718645433.2073195,58.0,20243.0
1718645433.4916022,100.0,20229.0
1718645433.7557945,100.0,20238.0
1718645433.9272058,100.0,20238.0
1718645434.1349525,94.0,20238.0
1718645434.3127701,46.0,20246.0
1718645434.495502,85.0,20248.0
1718645434.6592653,4.0,20248.0
1718645434.8781757,3.0,20248.0
1718645435.0648563,2.0,20248.0
1718645435.337986,3.0,20248.0
1718645435.6247988,2.0,20248.0
1718645435.7952,2.0,20248.0
1718645436.0030773,2.0,20248.0
1718645436.164525,8.0,20248.0
1718645436.3312094,9.0,20248.0
1718645436.5089886,3.0,20248.0
1718645436.6631398,3.0,20248.0
1718645436.847303,3.0,20248.0
1718645437.1273038,3.0,20248.0
1718645437.3758636,5.0,20248.0
1718645437.5592046,5.0,20248.0
1718645437.6991882,3.0,20248.0
1718645437.844052,3.0,20248.0
1718645437.99041,59.0,20248.0
1718645438.1351476,100.0,20250.0
1718645438.2832575,99.0,20250.0
1718645438.4562147,100.0,20250.0
1718645438.7901466,100.0,20250.0
1718645439.103621,100.0,20250.0
1718645439.345009,94.0,20250.0
1718645439.5713055,2.0,20250.0
1718645439.9089565,3.0,20250.0
1718645440.1380975,2.0,20250.0
1718645440.3458548,4.0,20250.0
1718645440.5087793,8.0,20250.0
1718645440.7344258,4.0,20250.0
1718645440.908722,3.0,20250.0
1718645441.0579689,3.0,20250.0
1718645441.2592778,3.0,20250.0
1718645441.4287689,3.0,20250.0
1718645441.6246119,4.0,20250.0
1718645441.8656714,3.0,20250.0
1718645442.1953251,3.0,20250.0
1718645442.375298,3.0,20250.0
1718645442.5591457,2.0,20250.0
1718645442.7652502,3.0,20250.0
1718645442.9591963,2.0,20250.0
1718645443.1621819,3.0,20250.0
1718645443.3358595,3.0,20250.0
1718645443.5193024,5.0,20250.0
1718645443.8153658,2.0,20250.0
1718645444.0752728,2.0,20250.0
1718645444.2612884,2.0,20250.0
1718645444.4072516,2.0,20250.0
1718645444.5525384,19.0,20250.0
1718645444.6973035,100.0,20250.0
1718645444.8476634,63.0,20250.0
1718645445.0833156,100.0,20250.0
1718645445.3944461,100.0,20250.0
1718645445.655298,100.0,20250.0
1718645445.9232574,100.0,20250.0
1718645446.1105957,71.0,20250.0
1718645446.3873518,2.0,20250.0
1718645446.6713052,3.0,20250.0
1718645446.9033399,2.0,20250.0
1718645447.115208,2.0,20250.0
1718645447.3384914,2.0,20250.0
1718645447.5228326,2.0,20250.0
1718645447.6722367,2.0,20250.0
1718645447.8896003,2.0,20250.0
1718645448.0587673,3.0,20250.0
1718645448.2793217,3.0,20250.0
1718645448.5312757,3.0,20250.0
1718645448.8112686,3.0,20250.0
1718645449.0162287,3.0,20250.0
1718645449.191208,2.0,20250.0
1718645449.4072087,3.0,20250.0
1718645449.6072006,2.0,20250.0
1718645449.808851,3.0,20250.0
1718645449.9833877,2.0,20250.0
1718645450.1713212,3.0,20250.0
1718645450.4393141,3.0,20250.0
1718645450.7086887,3.0,20250.0
1718645450.8813636,2.0,20250.0
1718645451.026689,2.0,20250.0
1718645451.1740727,2.0,20250.0
1718645451.3191476,97.0,20250.0
1718645451.4619832,97.0,20250.0
1718645451.6061754,99.0,20250.0
1718645451.7967403,100.0,20250.0
1718645452.0854723,100.0,20250.0
1718645452.3793032,100.0,20250.0
1718645452.6314387,100.0,20250.0
1718645452.8032675,2.0,20250.0
1718645453.0872993,3.0,20250.0
1718645453.4593515,2.0,20250.0
1718645453.6513815,2.0,20250.0
1718645453.8111973,2.0,20250.0
1718645454.0352767,2.0,20250.0
1718645454.2070282,2.0,20250.0
1718645454.36237,3.0,20250.0
1718645454.5633214,2.0,20250.0
1718645454.7329469,2.0,20250.0
1718645454.9433138,3.0,20250.0
1718645455.1896088,3.0,20250.0
1718645455.5088305,3.0,20250.0
1718645455.695209,3.0,20250.0
1718645455.8736763,2.0,20250.0
1718645456.0870059,2.0,20250.0
1718645456.2866664,3.0,20250.0
1718645456.4791625,3.0,20250.0
1718645456.6734073,2.0,20250.0
1718645456.8633056,3.0,20250.0
1718645457.134078,2.0,20250.0
1718645457.390902,3.0,20250.0
1718645457.5777895,2.0,20250.0
1718645457.7201946,3.0,20250.0
1718645457.8621774,3.0,20250.0
1718645458.0032039,37.0,20250.0
1718645458.1462054,100.0,20250.0
1718645458.2941856,95.0,20250.0
1718645458.5193095,100.0,20250.0
1718645458.8102684,100.0,20250.0
1718645459.0928724,100.0,20250.0
1718645459.359286,100.0,20250.0
1718645459.5740752,2.0,20250.0
1718645459.8870494,3.0,20250.0
1718645460.1300273,2.0,20250.0
1718645460.3480778,2.0,20250.0
1718645460.509251,2.0,20250.0
1718645460.735036,2.0,20250.0
1718645460.9097772,2.0,20250.0
1718645461.0619533,3.0,20250.0
1718645461.255089,3.0,20250.0
1718645461.427313,2.0,20250.0
1718645461.6590788,2.0,20250.0
1718645461.9058247,3.0,20250.0
1718645462.186656,3.0,20250.0
1718645462.3961356,3.0,20250.0
1718645462.5752053,3.0,20250.0
1718645462.7870178,2.0,20250.0
1718645462.9826698,2.0,20250.0
1718645463.1712317,2.0,20250.0
1718645463.3667545,3.0,20250.0
1718645463.5552878,2.0,20250.0
1718645463.827282,3.0,20250.0
1718645464.1211972,3.0,20250.0
1718645464.289474,2.0,20250.0
1718645464.4320955,2.0,20250.0
1718645464.576317,2.0,20250.0
1718645464.7208643,87.0,20250.0
1718645464.864532,87.0,20250.0
1718645465.0153344,100.0,20250.0
1718645465.2673326,100.0,20250.0
1718645465.5474324,100.0,20250.0
1718645465.8513315,100.0,20250.0
1718645466.086099,66.0,20250.0
1718645466.306499,2.0,20250.0
1718645466.6112802,3.0,20250.0
1718645466.9313164,2.0,20250.0
1718645467.1724184,2.0,20250.0
1718645467.3312855,3.0,20250.0
1718645467.5193312,2.0,20250.0
1718645467.6785395,2.0,20250.0
1718645467.8663492,3.0,20250.0
1718645468.0672572,2.0,20250.0
1718645468.2545674,3.0,20250.0
1718645468.4578598,3.0,20250.0
1718645468.7008786,3.0,20250.0
1718645469.0684135,3.0,20250.0
1718645469.2345507,2.0,20250.0
1718645469.4469259,2.0,20250.0
1718645469.6477954,2.0,20250.0
1718645469.8427498,2.0,20250.0
1718645470.0506246,3.0,20250.0
1718645470.25529,2.0,20250.0
1718645470.5259614,3.0,20250.0
1718645470.7872984,3.0,20250.0
1718645470.9781141,3.0,20250.0
1718645471.129065,2.0,20250.0
1718645471.27215,2.0,20250.0
1718645471.4160013,31.0,20250.0
1718645471.5619094,100.0,20250.0
1718645471.8112488,100.0,20250.0
1718645472.1008768,100.0,20250.0
1718645472.415423,100.0,20250.0
1718645472.6632771,100.0,20250.0
1718645472.877963,29.0,20250.0
1718645473.083254,2.0,20250.0
1718645473.365281,2.0,20250.0
1718645473.6259878,2.0,20250.0
1718645473.8068717,2.0,20250.0
1718645473.9992723,3.0,20250.0
1718645474.2099087,2.0,20250.0
1718645474.3949163,2.0,20250.0
1718645474.5713034,2.0,20250.0
1718645474.7781048,3.0,20250.0
1718645474.961328,3.0,20250.0
1718645475.1673152,3.0,20250.0
1718645475.391303,3.0,20250.0
1718645475.706158,3.0,20250.0
1718645475.8813891,2.0,20250.0
1718645476.059277,2.0,20250.0
1718645476.2668958,2.0,20250.0
1718645476.468565,2.0,20250.0
1718645476.6792054,3.0,20250.0
1718645476.8394275,3.0,20250.0
1718645477.041952,3.0,20250.0
1718645477.2513514,3.0,20250.0
1718645477.5559194,3.0,20250.0
1718645477.7656374,3.0,20250.0
1718645477.913804,2.0,20250.0
1718645478.0569065,2.0,20250.0
1718645478.2100503,51.0,20250.0
1718645478.363315,100.0,20250.0
1718645478.6192973,100.0,20250.0
1718645478.9072332,100.0,20250.0
1718645479.2105136,100.0,20250.0
1718645479.4640598,95.0,20250.0
1718645479.6505573,2.0,20250.0
1718645479.9033012,2.0,20250.0
1718645480.2072864,5.0,20250.0
1718645480.4554293,6.0,20250.0
1718645480.6672087,8.0,20250.0
1718645480.9192572,7.0,20250.0
1718645481.1103902,7.0,20250.0
1718645481.2592983,0.0,20250.0
1718645481.4553668,0.0,20250.0
1718645481.623299,0.0,20250.0
1718645481.8225079,0.0,20250.0
1718645482.0633097,0.0,20250.0
1718645482.3614316,1.0,20250.0
1718645482.5794256,3.0,20250.0
1718645482.7629015,2.0,20250.0
1718645482.9671926,0.0,20250.0
1718645483.171198,0.0,20250.0
1718645483.3630579,0.0,20250.0
1718645483.5514064,0.0,20250.0
1718645483.740022,0.0,20250.0
1718645484.0067093,0.0,20250.0
1718645484.2574184,6.0,20250.0
1718645484.4281526,6.0,20250.0
1718645484.5685055,1.0,20250.0
1718645484.7097533,36.0,20250.0
1718645484.8562732,36.0,20250.0
1718645484.9991176,100.0,20250.0
1718645485.1820872,100.0,20250.0
1718645485.4994173,100.0,20250.0
1718645485.8154159,100.0,20250.0
1718645486.0403001,100.0,20250.0
1718645486.283388,1.0,20250.0
1718645486.5792935,0.0,20250.0
1718645486.827346,0.0,20250.0
1718645487.0805085,0.0,20250.0
1718645487.2353032,0.0,20250.0
1718645487.4348683,0.0,20250.0
1718645487.6312156,0.0,20250.0
1718645487.7946322,0.0,20250.0
1718645487.965142,0.0,20250.0
1718645488.163315,0.0,20250.0
1718645488.3491657,0.0,20250.0
1718645488.5913224,0.0,20250.0
1718645488.8467476,0.0,20250.0
1718645489.018592,0.0,20250.0
1718645489.2031162,0.0,20250.0
1718645489.4112034,0.0,20250.0
1718645489.615193,0.0,20250.0
1718645489.808317,0.0,20250.0
1718645489.987905,0.0,20250.0
1718645490.1920762,0.0,20250.0
1718645490.4609957,0.0,20250.0
1718645490.6684437,0.0,20250.0
1718645490.8405964,0.0,20250.0
1718645490.9830263,0.0,20250.0
1718645491.1269095,3.0,20250.0
1718645491.2709017,100.0,20250.0
1718645491.4184015,92.0,20250.0
1718645491.6433399,100.0,20250.0
1718645491.9433095,100.0,20250.0
1718645492.2690086,100.0,20250.0
1718645492.529717,100.0,20250.0
1718645492.7279963,15.0,20250.0
1718645493.0032716,0.0,20250.0
1718645493.3638577,0.0,20250.0
1718645493.60617,0.0,20250.0
1718645493.7582982,0.0,20250.0
1718645493.9347367,0.0,20250.0
1718645494.106169,0.0,20250.0
1718645494.2913384,0.0,20250.0
1718645494.4807992,0.0,20250.0
1718645494.6833107,0.0,20250.0
1718645494.8713503,0.0,20250.0
1718645495.1592953,0.0,20250.0
1718645495.4354212,0.0,20250.0
1718645495.6065707,0.0,20250.0
1718645495.824591,0.0,20250.0
1718645496.0264707,0.0,20250.0
1718645496.22676,0.0,20250.0
1718645496.4393272,0.0,20250.0
1718645496.6432045,0.0,20250.0
1718645496.9432724,0.0,20250.0
1718645497.2305665,0.0,20250.0
1718645497.4093378,0.0,20250.0
1718645497.5534241,0.0,20250.0
1718645497.6972713,61.0,20250.0
1718645497.840746,61.0,20250.0
1718645497.9872565,100.0,20250.0
1718645498.2090676,100.0,20250.0
1718645498.5258653,100.0,20250.0
1718645498.8393102,100.0,20250.0
1718645499.0773544,47.0,20250.0
1718645499.305871,0.0,20250.0
1718645499.5832877,0.0,20250.0
1718645499.8513489,0.0,20250.0
1718645500.013624,0.0,20250.0
1718645500.199349,0.0,20250.0
1718645500.4016187,0.0,20250.0
1718645500.570545,0.0,20250.0
1718645500.7513084,0.0,20250.0
1718645500.963277,0.0,20250.0
1718645501.1432784,0.0,20250.0
1718645501.3433537,0.0,20250.0
1718645501.5594983,0.0,20250.0
1718645501.8191402,0.0,20250.0
1718645501.9953701,0.0,20250.0
1718645502.155205,0.0,20250.0
1718645502.359011,0.0,20250.0
1718645502.5507464,0.0,20250.0
1718645502.7512887,0.0,20250.0
1718645502.9511607,0.0,20250.0
1718645503.1571145,0.0,20250.0
1718645503.363219,0.0,20250.0
1718645503.6311393,0.0,20250.0
1718645503.8154535,0.0,20250.0
1718645503.9725497,0.0,20250.0
1718645504.1169875,0.0,20250.0
1718645504.2680404,81.0,20250.0
1718645504.414221,81.0,20250.0
1718645504.5633667,100.0,20250.0
1718645504.8833787,100.0,20250.0
1718645505.1952531,100.0,20250.0
1718645505.4817352,100.0,20250.0
1718645505.6673248,34.0,20250.0
1718645505.9472637,0.0,20250.0
1718645506.1992693,0.0,20250.0
1718645506.4295032,0.0,20250.0
1718645506.6429672,0.0,20250.0
1718645506.8408632,0.0,20250.0
1718645507.0194137,0.0,20250.0
1718645507.1907885,0.0,20250.0
1718645507.3787174,0.0,20250.0
1718645507.5392137,0.0,20250.0
1718645507.7354567,0.0,20250.0
1718645507.9073129,0.0,20250.0
1718645508.1752677,0.0,20250.0
1718645508.4676728,0.0,20250.0
1718645508.639205,0.0,20250.0
1718645508.8510652,0.0,20250.0
1718645509.022701,0.0,20250.0
1718645509.1791942,0.0,20250.0
1718645509.3545792,0.0,20250.0
1718645509.537673,0.0,20250.0
1718645509.7233505,0.0,20250.0
1718645509.9668558,0.0,20250.0
1718645510.2178643,0.0,20250.0
1718645510.3786058,0.0,20250.0
1718645510.522729,0.0,20250.0
1718645510.6642363,29.0,20250.0
1718645510.8109796,29.0,20250.0
1718645510.9549153,100.0,20250.0
1718645511.0992951,99.0,20250.0
1718645511.3647182,100.0,20250.0
1718645511.712974,100.0,20250.0
1718645512.0038922,100.0,20250.0
1718645512.207465,85.0,20250.0
1718645512.4353192,0.0,20250.0
1718645512.7389321,0.0,20250.0
1718645512.9385955,0.0,20250.0
1718645513.1467605,0.0,20250.0
1718645513.3178563,0.0,20250.0
1718645513.5152895,0.0,20250.0
1718645513.682557,0.0,20250.0
1718645513.8632815,0.0,20250.0
1718645514.0712361,0.0,20250.0
1718645514.2600915,0.0,20250.0
1718645514.4619207,0.0,20250.0
1718645514.7224746,0.0,20250.0
1718645515.017658,0.0,20250.0
1718645515.1943035,0.0,20250.0
1718645515.3550603,0.0,20250.0
1718645515.5348363,0.0,20250.0
1718645515.7311985,0.0,20250.0
1718645515.927407,0.0,20250.0
1718645516.0855594,0.0,20250.0
1718645516.2552955,0.0,20250.0
1718645516.5673437,0.0,20250.0
1718645516.816709,0.0,20250.0
1718645516.9870267,0.0,20250.0
1718645517.1312046,0.0,20250.0
1718645517.2698247,65.0,20250.0
1718645517.4138064,65.0,20250.0
1718645517.5587652,100.0,20250.0
1718645517.7649724,100.0,20250.0
1718645518.0788646,100.0,20250.0
1718645518.3908913,100.0,20250.0
1718645518.6180813,48.0,20250.0
1718645518.8594363,0.0,20250.0
1718645519.1672745,0.0,20250.0
1718645519.4681408,0.0,20250.0
1718645519.6868963,0.0,20250.0
1718645519.8627589,0.0,20250.0
1718645520.0455241,0.0,20250.0
1718645520.2234,0.0,20250.0
1718645520.3887482,0.0,20250.0
1718645520.559231,0.0,20250.0
1718645520.7633064,0.0,20250.0
1718645520.956419,0.0,20250.0
1718645521.2153096,0.0,20250.0
1718645521.5092824,0.0,20250.0
1718645521.6832006,0.0,20250.0
1718645521.8948429,0.0,20250.0
1718645522.0845354,0.0,20250.0
1718645522.2386622,0.0,20250.0
1718645522.4258792,0.0,20250.0
1718645522.596923,0.0,20250.0
1718645522.7913182,0.0,20250.0
1718645523.0992577,0.0,20250.0
1718645523.3248365,0.0,20250.0
1718645523.4920352,0.0,20250.0
1718645523.6377242,0.0,20250.0
1718645523.7894135,22.0,20250.0
1718645523.939326,100.0,20250.0
1718645524.2137551,100.0,20250.0
1718645524.5673816,100.0,20250.0
1718645524.8755386,100.0,20250.0
1718645525.0833595,100.0,20250.0
1718645525.295325,19.0,20250.0
1718645525.5752995,0.0,20250.0
1718645525.844289,0.0,20250.0
1718645526.0711935,0.0,20250.0
1718645526.2313058,0.0,20250.0
1718645526.416508,0.0,20250.0
1718645526.6112106,0.0,20250.0
1718645526.775434,0.0,20250.0
1718645526.9428933,0.0,20250.0
1718645527.1192539,0.0,20250.0
1718645527.3113399,0.0,20250.0
1718645527.5353189,0.0,20250.0
1718645527.792173,0.0,20250.0
1718645527.972419,0.0,20250.0
1718645528.139198,0.0,20250.0
1718645528.3431818,0.0,20250.0
1718645528.5472045,0.0,20250.0
1718645528.7512996,0.0,20250.0
1718645528.9232917,0.0,20250.0
1718645529.1232047,0.0,20250.0
1718645529.3712554,0.0,20250.0
1718645529.653261,0.0,20250.0
1718645529.83909,0.0,20250.0
1718645529.9872794,0.0,20250.0
1718645530.1303914,15.0,20250.0
1718645530.2747765,100.0,20250.0
1718645530.4233084,97.0,20250.0
1718645530.618593,100.0,20250.0
1718645530.8927844,100.0,20250.0
1718645531.1904802,100.0,20250.0
1718645531.4580133,100.0,20250.0
1718645531.6568375,1.0,20250.0
1718645531.9152632,0.0,20250.0
1718645532.1069994,0.0,20250.0
1718645532.345195,0.0,20250.0
1718645532.5628493,0.0,20250.0
1718645532.7271464,0.0,20250.0
1718645532.9065285,0.0,20250.0
1718645533.0872817,0.0,20250.0
1718645533.267499,0.0,20250.0
1718645533.4472785,0.0,20250.0
1718645533.6392858,0.0,20250.0
1718645533.8233783,0.0,20250.0
1718645534.0752523,0.0,20250.0
1718645534.3450332,0.0,20250.0
1718645534.5130944,0.0,20250.0
1718645534.7003798,0.0,20250.0
1718645534.8786259,0.0,20250.0
1718645535.0751917,0.0,20250.0
1718645535.2804043,0.0,20250.0
1718645535.4532418,0.0,20250.0
1718645535.627171,0.0,20250.0
1718645535.9352934,0.0,20250.0
1718645536.2029994,0.0,20250.0
1718645536.3695984,0.0,20250.0
1718645536.5176952,0.0,20250.0
1718645536.6606038,96.0,20250.0
1718645536.807242,72.0,20250.0
1718645537.0397072,91.0,20250.0
1718645537.3769577,100.0,20250.0
1718645537.6857085,100.0,20250.0
1718645537.8930247,100.0,20250.0
1718645538.1434104,49.0,20250.0
1718645538.4033315,0.0,20250.0
1718645538.7151966,0.0,20250.0
1718645538.9125628,0.0,20250.0
1718645539.087158,0.0,20250.0
1718645539.2912872,0.0,20250.0
1718645539.4566185,0.0,20250.0
1718645539.6433084,0.0,20250.0
1718645539.8429656,0.0,20250.0
1718645540.042918,0.0,20250.0
1718645540.251282,0.0,20250.0
1718645540.5113056,0.0,20250.0
1718645540.7593331,0.0,20250.0
1718645540.9231052,0.0,20250.0
1718645541.0966392,0.0,20250.0
1718645541.3071938,0.0,20250.0
1718645541.5112076,0.0,20250.0
1718645541.7132468,0.0,20250.0
1718645541.8793738,0.0,20250.0
1718645542.0552917,0.0,20250.0
1718645542.3508685,0.0,20250.0
1718645542.5985818,0.0,20250.0
1718645542.7661061,0.0,20250.0
1718645542.9082391,0.0,20250.0
1718645543.0528934,73.0,20250.0
1718645543.2015169,73.0,20250.0
1718645543.4040368,99.0,20250.0
1718645543.7314007,100.0,20250.0
1718645544.0714507,100.0,20250.0
1718645544.318298,100.0,20250.0
1718645544.5313132,0.0,20250.0
1718645544.8912947,0.0,20250.0
1718645545.187487,0.0,20250.0
1718645545.389043,0.0,20250.0
1718645545.6240144,0.0,20250.0
1718645545.8128676,0.0,20250.0
1718645545.9632719,0.0,20250.0
1718645546.1527452,0.0,20250.0
1718645546.3130689,0.0,20250.0
1718645546.5299711,0.0,20250.0
1718645546.7553134,0.0,20250.0
1718645547.0381873,0.0,20250.0
1718645547.2283313,0.0,20250.0
1718645547.403207,0.0,20250.0
1718645547.611237,0.0,20250.0
1718645547.7667327,0.0,20250.0
1718645547.9405544,0.0,20250.0
1718645548.1237745,0.0,20250.0
1718645548.3105245,0.0,20250.0
1718645548.515295,0.0,20250.0
1718645548.7672806,0.0,20250.0
1718645549.0158613,0.0,20250.0
1718645549.2026708,0.0,20250.0
1718645549.348122,0.0,20250.0
1718645549.491263,64.0,20250.0
1718645549.634608,100.0,20250.0
1718645549.865152,83.0,20250.0
1718645550.1864636,100.0,20250.0
1718645550.499965,100.0,20250.0
1718645550.7223377,100.0,20250.0
1718645550.9814017,0.0,20250.0
1718645551.2672675,0.0,20250.0
1718645551.5413651,0.0,20250.0
1718645551.783203,0.0,20250.0
1718645551.943265,0.0,20250.0
1718645552.1307857,0.0,20250.0
1718645552.3112633,0.0,20250.0
1718645552.4914784,0.0,20250.0
1718645552.6736398,0.0,20250.0
1718645552.8793027,0.0,20250.0
1718645553.0713308,0.0,20250.0
1718645553.3432553,0.0,20250.0
1718645553.6228917,0.0,20250.0
1718645553.799205,0.0,20250.0
1718645554.0112488,0.0,20250.0
1718645554.1632688,0.0,20250.0
1718645554.344125,0.0,20250.0
1718645554.5287223,0.0,20250.0
1718645554.7100954,0.0,20250.0
1718645554.9083812,0.0,20250.0
1718645555.1605334,0.0,20250.0
1718645555.4353929,0.0,20250.0
1718645555.6068354,0.0,20250.0
1718645555.7532709,0.0,20250.0
1718645555.8996987,58.0,20250.0
1718645556.0472932,100.0,20250.0
1718645556.297276,100.0,20250.0
1718645556.651359,100.0,20250.0
1718645556.9954267,100.0,20250.0
1718645557.199328,70.0,20250.0
1718645557.4243233,0.0,20250.0
1718645557.7832627,0.0,20250.0
1718645557.9883728,0.0,20250.0
1718645558.20917,0.0,20250.0
1718645558.3864932,0.0,20250.0
1718645558.5779474,0.0,20250.0
1718645558.7560065,0.0,20250.0
1718645558.9192135,0.0,20250.0
1718645559.087243,0.0,20250.0
1718645559.2907965,0.0,20250.0
1718645559.479414,0.0,20250.0
1718645559.7193468,0.0,20250.0
1718645559.984061,0.0,20250.0
1718645560.1403139,0.0,20250.0
1718645560.3112762,0.0,20250.0
1718645560.5312068,0.0,20250.0
1718645560.7272027,0.0,20250.0
1718645560.9304378,0.0,20250.0
1718645561.1074321,0.0,20250.0
1718645561.2940025,0.0,20250.0
1718645561.5434442,0.0,20250.0
1718645561.8564448,0.0,20250.0
1718645562.0157545,0.0,20250.0
1718645562.1622748,0.0,20250.0
1718645562.3062208,45.0,20250.0
1718645562.4532237,100.0,20250.0
1718645562.6339877,93.0,20250.0
1718645562.9347012,100.0,20250.0
1718645563.2472801,100.0,20250.0
1718645563.4992013,100.0,20250.0
1718645563.699359,71.0,20250.0
1718645564.013773,0.0,20250.0
1718645564.2584493,0.0,20250.0
1718645564.4992998,0.0,20250.0
1718645564.694812,0.0,20250.0
1718645564.8959224,0.0,20250.0
1718645565.0754516,0.0,20250.0
1718645565.2434468,0.0,20250.0
1718645565.4155505,0.0,20250.0
1718645565.5816479,0.0,20250.0
1718645565.7752779,0.0,20250.0
1718645565.955305,0.0,20250.0
1718645566.2233157,0.0,20250.0
1718645566.5080466,0.0,20250.0
1718645566.667857,0.0,20250.0
1718645566.8351898,0.0,20250.0
1718645567.0303261,0.0,20250.0
1718645567.2271879,0.0,20250.0
1718645567.426549,0.0,20250.0
1718645567.6085312,0.0,20250.0
1718645567.8033197,0.0,20250.0
1718645568.0725417,0.0,20250.0
1718645568.2993047,0.0,20250.0
1718645568.4532595,0.0,20250.0
1718645568.600783,0.0,20250.0
1718645568.7426798,0.0,20250.0
1718645568.8873508,79.0,20250.0
1718645569.0312693,90.0,20250.0
1718645569.2713618,82.0,20250.0
1718645569.6113298,100.0,20250.0
1718645569.9330702,100.0,20250.0
1718645570.122523,100.0,20250.0
1718645570.339372,0.0,20250.0
1718645570.6086059,0.0,20250.0
1718645570.8713043,0.0,20250.0
1718645571.0782444,0.0,20250.0
1718645571.2342458,0.0,20250.0
1718645571.4384165,0.0,20250.0
1718645571.643307,0.0,20250.0
1718645571.8072834,0.0,20250.0
1718645572.0024571,0.0,20250.0
1718645572.171334,0.0,20250.0
1718645572.3861423,0.0,20250.0
1718645572.591331,0.0,20250.0
1718645572.979435,0.0,20250.0
1718645573.1427293,0.0,20250.0
1718645573.323208,0.0,20250.0
1718645573.5307214,0.0,20250.0
1718645573.7352052,0.0,20250.0
1718645573.9380941,0.0,20250.0
1718645574.0952506,0.0,20250.0
1718645574.2943637,0.0,20250.0
1718645574.5472724,0.0,20250.0
1718645574.8535275,0.0,20250.0
1718645575.014744,0.0,20250.0
1718645575.1579752,0.0,20250.0
1718645575.300499,41.0,20250.0
1718645575.4442666,100.0,20250.0
1718645575.6873307,100.0,20250.0
1718645576.0233703,100.0,20250.0
1718645576.3592942,100.0,20250.0
1718645576.5592701,76.0,20250.0
1718645576.843277,0.0,20250.0
1718645577.1472807,0.0,20250.0
1718645577.424821,0.0,20250.0
1718645577.6352139,0.0,20250.0
1718645577.8309588,0.0,20250.0
1718645578.008847,0.0,20250.0
1718645578.1834216,0.0,20250.0
1718645578.368856,0.0,20250.0
1718645578.5392962,0.0,20250.0
1718645578.7549949,0.0,20250.0
1718645578.9353416,0.0,20250.0
1718645579.17481,0.0,20250.0
1718645579.4660432,0.0,20250.0
1718645579.6392095,0.0,20250.0
1718645579.8469968,0.0,20250.0
1718645580.0466619,0.0,20250.0
1718645580.2307081,0.0,20250.0
1718645580.4232872,0.0,20250.0
1718645580.6393871,0.0,20250.0
1718645580.8605926,0.0,20250.0
1718645581.144798,0.0,20250.0
1718645581.323223,0.0,20250.0
1718645581.4695897,0.0,20250.0
1718645581.6113853,0.0,20250.0
1718645581.7527654,40.0,20250.0
1718645581.8952756,100.0,20250.0
1718645582.1429331,100.0,20250.0
1718645582.4520853,100.0,20250.0
1718645582.7811153,100.0,20250.0
1718645583.0072632,100.0,20250.0
1718645583.239555,7.0,20250.0
1718645583.5873032,0.0,20250.0
1718645583.8659177,0.0,20250.0
1718645584.0860245,0.0,20250.0
1718645584.2686832,0.0,20250.0
1718645584.4509456,0.0,20250.0
1718645584.6229424,0.0,20250.0
1718645584.7875834,0.0,20250.0
1718645584.9560564,0.0,20250.0
1718645585.1633186,0.0,20250.0
1718645585.3513134,0.0,20250.0
1718645585.5986903,0.0,20250.0
1718645585.8869154,0.0,20250.0
1718645586.066496,0.0,20250.0
1718645586.2720065,0.0,20250.0
1718645586.4266632,0.0,20250.0
1718645586.6112022,0.0,20250.0
1718645586.7966583,0.0,20250.0
1718645586.9663284,0.0,20250.0
1718645587.139842,0.0,20250.0
1718645587.4570708,0.0,20250.0
1718645587.6830206,0.0,20250.0
1718645587.8687444,0.0,20250.0
1718645588.014275,0.0,20250.0
1718645588.1531568,6.0,20250.0
1718645588.2954476,100.0,20250.0
1718645588.439275,94.0,20250.0
1718645588.620782,100.0,20250.0
1718645588.9337409,100.0,20250.0
1718645589.2433238,100.0,20250.0
1718645589.4568489,100.0,20250.0
1718645589.715352,0.0,20250.0
1718645590.0832973,0.0,20250.0
1718645590.322986,0.0,20250.0
1718645590.5099669,0.0,20250.0
1718645590.714342,0.0,20250.0
1718645590.8887186,0.0,20250.0
1718645591.0457036,0.0,20250.0
1718645591.2168264,0.0,20250.0
1718645591.3832638,0.0,20250.0
1718645591.5792744,0.0,20250.0
1718645591.7591558,0.0,20250.0
1718645592.0112715,0.0,20250.0
1718645592.301344,0.0,20250.0
1718645592.4748266,0.0,20250.0
1718645592.6831625,0.0,20250.0
1718645592.8388526,0.0,20250.0
1718645593.0204968,0.0,20250.0
1718645593.2034466,0.0,20250.0
1718645593.3687098,0.0,20250.0
1718645593.5576425,0.0,20250.0
1718645593.8073583,0.0,20250.0
1718645594.0471413,0.0,20250.0
1718645594.2180116,0.0,20250.0
1718645594.3626277,0.0,20250.0
1718645594.50553,23.0,20250.0
1718645594.651692,100.0,20250.0
1718645594.7953312,94.0,20250.0
1718645595.0793128,100.0,20250.0
1718645595.4191263,100.0,20250.0
1718645595.7003596,100.0,20250.0
1718645595.8992913,99.0,20250.0
1718645596.1513295,0.0,20250.0
1718645596.435239,0.0,20250.0
1718645596.646035,0.0,20250.0
1718645596.864763,0.0,20250.0
1718645597.055288,0.0,20250.0
1718645597.237963,0.0,20250.0
1718645597.4140286,0.0,20250.0
1718645597.6040535,0.0,20250.0
1718645597.7713227,0.0,20250.0
1718645597.9824266,0.0,20250.0
1718645598.1872973,0.0,20250.0
1718645598.5462878,0.0,20250.0
1718645598.7353895,0.0,20250.0
1718645598.9032085,0.0,20250.0
1718645599.111003,0.0,20250.0
1718645599.3108375,0.0,20250.0
1718645599.51032,0.0,20250.0
1718645599.706451,0.0,20250.0
1718645599.9073076,0.0,20250.0
1718645600.1552906,0.0,20250.0
1718645600.4400604,0.0,20250.0
1718645600.6062858,0.0,20250.0
1718645600.754358,0.0,20250.0
1718645600.895199,15.0,20250.0
1718645601.0449774,100.0,20250.0
1718645601.1913128,64.0,20250.0
1718645601.4859362,100.0,20250.0
1718645601.8106277,100.0,20250.0
1718645602.1112535,100.0,20250.0
1718645602.2990134,100.0,20250.0
1718645602.5272775,0.0,20250.0
1718645602.8393643,0.0,20250.0
1718645603.0553417,0.0,20250.0
1718645603.24915,0.0,20250.0
1718645603.4227006,0.0,20250.0
1718645603.62325,0.0,20250.0
1718645603.789699,0.0,20250.0
1718645603.9753356,0.0,20250.0
1718645604.171225,0.0,20250.0
1718645604.3472853,0.0,20250.0
1718645604.5353549,0.0,20250.0
1718645604.7496316,0.0,20250.0
1718645605.0709696,0.0,20250.0
1718645605.2422304,0.0,20250.0
1718645605.4032905,0.0,20250.0
1718645605.599191,0.0,20250.0
1718645605.7912014,0.0,20250.0
1718645605.9954407,0.0,20250.0
1718645606.187488,0.0,20250.0
1718645606.3803253,0.0,20250.0
1718645606.663303,0.0,20250.0
1718645606.8919477,0.0,20250.0
1718645607.0712042,0.0,20250.0
1718645607.2114294,0.0,20250.0
1718645607.3554294,6.0,20250.0
1718645607.499261,100.0,20250.0
1718645607.6819973,100.0,20250.0
1718645608.0035028,100.0,20250.0
1718645608.3513157,100.0,20250.0
1718645608.6352727,100.0,20250.0
1718645608.8647645,12.0,20250.0
1718645609.1313064,0.0,20250.0
1718645609.399305,0.0,20250.0
1718645609.620759,0.0,20250.0
1718645609.7912312,0.0,20250.0
1718645609.987486,0.0,20250.0
1718645610.163948,0.0,20250.0
1718645610.3513196,0.0,20250.0
1718645610.5526886,0.0,20250.0
1718645610.72839,0.0,20250.0
1718645610.931151,0.0,20250.0
1718645611.1679354,0.0,20250.0
1718645611.4649637,0.0,20250.0
1718645611.6370704,0.0,20250.0
1718645611.8148377,0.0,20250.0
1718645612.0271943,0.0,20250.0
1718645612.2187552,0.0,20250.0
1718645612.4272802,0.0,20250.0
1718645612.602384,0.0,20250.0
1718645612.7872934,0.0,20250.0
1718645613.051299,0.0,20250.0
1718645613.3341885,0.0,20250.0
1718645613.492877,0.0,20250.0
1718645613.6342933,0.0,20250.0
1718645613.7812607,0.0,20250.0
1718645613.9283516,84.0,20250.0
1718645614.0703375,95.0,20250.0
1718645614.2912836,100.0,20250.0
1718645614.6297388,100.0,20250.0
1718645614.9426496,100.0,20250.0
1718645615.1793573,32.0,20250.0
1718645615.4673133,0.0,20250.0
1718645615.7674046,0.0,20250.0
1718645616.0393126,0.0,20250.0
1718645616.2167125,0.0,20250.0
1718645616.422041,0.0,20250.0
1718645616.6025906,0.0,20250.0
1718645616.7637498,0.0,20250.0
1718645616.9471889,0.0,20250.0
1718645617.1094694,0.0,20250.0
1718645617.299297,0.0,20250.0
1718645617.4833004,0.0,20250.0
1718645617.7392683,0.0,20250.0
1718645617.9886875,0.0,20250.0
1718645618.1568222,0.0,20250.0
1718645618.3269296,0.0,20250.0
1718645618.5272002,0.0,20250.0
1718645618.7311916,0.0,20250.0
1718645618.9242315,0.0,20250.0
1718645619.105988,0.0,20250.0
1718645619.2745903,0.0,20250.0
1718645619.5555027,0.0,20250.0
1718645619.820193,0.0,20250.0
1718645620.004103,0.0,20250.0
1718645620.1512012,0.0,20250.0
1718645620.2937818,52.0,20250.0
1718645620.4346776,100.0,20250.0
1718645620.6936827,100.0,20250.0
1718645620.9864922,100.0,20250.0
1718645621.2083397,100.0,20250.0
1718645621.4513454,100.0,20250.0
1718645621.6432486,70.0,20250.0
1718645621.9152653,0.0,20250.0
1718645622.1349306,0.0,20250.0
1718645622.3663535,0.0,20250.0
1718645622.5994132,0.0,20250.0
1718645622.747047,0.0,20250.0
1718645622.9512138,0.0,20250.0
1718645623.1512845,0.0,20250.0
1718645623.3474426,0.0,20250.0
1718645623.5272822,0.0,20250.0
1718645623.7392576,0.0,20250.0
1718645623.9272947,0.0,20250.0
1718645624.227298,0.0,20250.0
1718645624.4572043,0.0,20250.0
1718645624.6471944,0.0,20250.0
1718645624.8504758,0.0,20250.0
1718645625.0126603,0.0,20250.0
1718645625.195107,0.0,20250.0
1718645625.3776898,0.0,20250.0
1718645625.5595646,0.0,20250.0
1718645625.751336,0.0,20250.0
1718645625.9913247,0.0,20250.0
1718645626.2512035,0.0,20250.0
1718645626.428507,0.0,20250.0
1718645626.574139,0.0,20250.0
1718645626.718987,0.0,20250.0
1718645626.867135,97.0,20250.0
1718645627.0153067,74.0,20250.0
1718645627.215302,98.0,20250.0
1718645627.4872732,100.0,20250.0
1718645627.791348,100.0,20250.0
1718645628.047096,100.0,20250.0
1718645628.223404,44.0,20250.0
1718645628.4792898,0.0,20250.0
1718645628.7352984,0.0,20250.0
1718645628.9849598,0.0,20250.0
1718645629.1632993,0.0,20250.0
1718645629.3754928,0.0,20250.0
1718645629.5632994,0.0,20250.0
1718645629.7232988,0.0,20250.0
1718645629.9045343,0.0,20250.0
1718645630.0663054,0.0,20250.0
1718645630.27056,0.0,20250.0
1718645630.4793115,0.0,20250.0
1718645630.7313108,0.0,20250.0
1718645630.9629002,0.0,20250.0
1718645631.1512048,0.0,20250.0
1718645631.319281,0.0,20250.0
1718645631.4947731,0.0,20250.0
1718645631.682484,0.0,20250.0
1718645631.884723,0.0,20250.0
1718645632.0519943,0.0,20250.0
1718645632.2235763,0.0,20250.0
1718645632.4873261,0.0,20250.0
1718645632.7063231,0.0,20250.0
1718645632.8823864,0.0,20250.0
1718645633.0298445,0.0,20250.0
1718645633.1746812,0.0,20250.0
1718645633.3164277,61.0,20250.0
1718645633.4586065,100.0,20250.0
1718645633.6558259,100.0,20250.0
1718645633.9990034,100.0,20250.0
1718645634.3233001,100.0,20250.0
1718645634.5151424,100.0,20250.0
1718645634.750687,0.0,20250.0
1718645635.0185988,0.0,20250.0
1718645635.2819982,0.0,20250.0
1718645635.4770741,0.0,20250.0
1718645635.6363993,0.0,20250.0
1718645635.8552551,0.0,20250.0
1718645636.0397346,0.0,20250.0
1718645636.1952715,0.0,20250.0
1718645636.3711934,0.0,20250.0
1718645636.5394683,0.0,20250.0
1718645636.7632709,0.0,20250.0
1718645636.9793038,0.0,20250.0
1718645637.2712998,0.0,20250.0
1718645637.4553502,0.0,20250.0
1718645637.6352105,0.0,20250.0
1718645637.8512065,0.0,20250.0
1718645638.037561,0.0,20250.0
1718645638.1951964,0.0,20250.0
1718645638.381904,0.0,20250.0
1718645638.5475864,0.0,20250.0
1718645638.734812,0.0,20250.0
1718645639.0073,0.0,20250.0
1718645639.2661164,0.0,20250.0
1718645639.4198425,0.0,20250.0
1718645639.5615065,0.0,20250.0
1718645639.7059858,30.0,20250.0
1718645639.846397,100.0,20250.0
1718645640.0912738,95.0,20250.0
1718645640.3754053,100.0,20250.0
1718645640.6713996,100.0,20250.0
1718645640.9383144,100.0,20250.0
1718645641.1154938,92.0,20250.0
1718645641.343117,0.0,20250.0
1718645641.6792874,0.0,20250.0
1718645641.9033597,0.0,20250.0
1718645642.0792902,0.0,20250.0
1718645642.283453,0.0,20250.0
1718645642.4634938,0.0,20250.0
1718645642.621438,0.0,20250.0
1718645642.7953875,0.0,20250.0
1718645642.9507463,0.0,20250.0
1718645643.1469977,0.0,20250.0
1718645643.339314,0.0,20250.0
1718645643.6032832,0.0,20250.0
1718645643.8993275,0.0,20250.0
1718645644.0730877,0.0,20250.0
1718645644.243061,0.0,20250.0
1718645644.4192839,0.0,20250.0
1718645644.6072323,0.0,20250.0
1718645644.7985194,0.0,20250.0
1718645644.967493,0.0,20250.0
1718645645.14331,0.0,20250.0
1718645645.3793502,0.0,20250.0
1718645645.6859508,0.0,20250.0
1718645645.8632143,0.0,20250.0
1718645646.0080066,0.0,20250.0
1718645646.1511652,3.0,20250.0
1718645646.295227,100.0,20250.0
1718645646.5193033,100.0,20250.0
1718645646.8552914,100.0,20250.0
1718645647.1914577,100.0,20250.0
1718645647.4112797,100.0,20250.0
1718645647.6434906,16.0,20250.0
1718645647.911268,0.0,20250.0
1718645648.0893884,0.0,20250.0
1718645648.2873504,0.0,20250.0
1718645648.5112066,0.0,20250.0
1718645648.6870828,0.0,20250.0
1718645648.878337,0.0,20250.0
1718645649.0545712,0.0,20250.0
1718645649.2189696,0.0,20250.0
1718645649.395278,0.0,20250.0
1718645649.5946057,0.0,20250.0
1718645649.7952747,0.0,20250.0
1718645650.071322,0.0,20250.0
1718645650.3016691,0.0,20250.0
1718645650.4701478,0.0,20250.0
1718645650.6472085,0.0,20250.0
1718645650.8551915,0.0,20250.0
1718645651.051205,0.0,20250.0
1718645651.257232,0.0,20250.0
1718645651.431451,0.0,20250.0
1718645651.6192992,0.0,20250.0
1718645651.8832717,0.0,20250.0
1718645652.1633248,0.0,20250.0
1718645652.3518372,0.0,20250.0
1718645652.4936783,0.0,20250.0
1718645652.6312003,69.0,20250.0
1718645652.7792559,100.0,20250.0
1718645653.0192947,94.0,20250.0
1718645653.3448944,100.0,20250.0
1718645653.6912982,100.0,20250.0
1718645653.910486,100.0,20250.0
1718645654.16331,0.0,20250.0
1718645654.487314,0.0,20250.0
1718645654.7654538,0.0,20250.0
1718645654.948089,0.0,20250.0
1718645655.1554496,0.0,20250.0
1718645655.337514,0.0,20250.0
1718645655.495389,0.0,20250.0
1718645655.6714013,0.0,20250.0
1718645655.8309457,0.0,20250.0
1718645656.018947,0.0,20250.0
1718645656.2025027,0.0,20250.0
1718645656.4553113,0.0,20250.0
1718645656.7190492,0.0,20250.0
1718645656.891201,0.0,20250.0
1718645657.0550027,0.0,20250.0
1718645657.2468107,0.0,20250.0
1718645657.4512024,0.0,20250.0
1718645657.6515133,0.0,20250.0
1718645657.8312442,0.0,20250.0
1718645658.0227687,0.0,20250.0
1718645658.287596,0.0,20250.0
1718645658.499207,0.0,20250.0
1718645658.6788828,0.0,20250.0
1718645658.8219364,0.0,20250.0
1718645658.9607882,0.0,20250.0
1718645659.10436,69.0,20250.0
1718645659.2472684,100.0,20250.0
1718645659.4743726,100.0,20250.0
1718645659.7828736,100.0,20250.0
1718645660.1073089,100.0,20250.0
1718645660.326082,100.0,20250.0
1718645660.5691957,0.0,20250.0
1718645660.845211,0.0,20250.0
1718645661.1127362,0.0,20250.0
1718645661.3121588,0.0,20250.0
1718645661.5033274,0.0,20250.0
1718645661.7011218,0.0,20250.0
1718645661.8824446,0.0,20250.0
1718645662.0640473,0.0,20250.0
1718645662.2655303,0.0,20250.0
1718645662.4592736,0.0,20250.0
1718645662.6473997,0.0,20250.0
1718645662.8690526,0.0,20250.0
1718645663.1313162,0.0,20250.0
1718645663.3234437,0.0,20250.0
1718645663.4712129,0.0,20250.0
1718645663.6830554,0.0,20250.0
1718645663.8864977,0.0,20250.0
1718645664.078763,0.0,20250.0
1718645664.3072972,0.0,20250.0
1718645664.500877,0.0,20250.0
1718645664.8232863,0.0,20250.0
1718645665.0342689,0.0,20250.0
1718645665.2137833,0.0,20250.0
1718645665.3546593,0.0,20250.0
1718645665.4933963,6.0,20250.0
1718645665.639821,100.0,20250.0
1718645665.787282,72.0,20250.0
1718645666.0351517,100.0,20250.0
1718645666.3025386,100.0,20250.0
1718645666.6832793,100.0,20250.0
1718645666.8712795,100.0,20250.0
1718645667.1392756,0.0,20250.0
1718645667.4153166,0.0,20250.0
1718645667.670774,0.0,20250.0
1718645667.885684,0.0,20250.0
1718645668.0666468,0.0,20250.0
1718645668.254684,0.0,20250.0
1718645668.4336238,0.0,20250.0
1718645668.599341,0.0,20250.0
1718645668.7672737,0.0,20250.0
1718645668.9632804,0.0,20250.0
1718645669.1631687,0.0,20250.0
1718645669.4152958,0.0,20250.0
1718645669.6672812,0.0,20250.0
1718645669.847203,0.0,20250.0
1718645670.0206237,0.0,20250.0
1718645670.231196,0.0,20250.0
1718645670.4352026,0.0,20250.0
1718645670.6353765,0.0,20250.0
1718645670.8130305,0.0,20250.0
1718645671.0131912,0.0,20250.0
1718645671.2553132,0.0,20250.0
1718645671.5232759,0.0,20250.0
1718645671.6910126,0.0,20250.0
1718645671.8339233,0.0,20250.0
1718645671.9768121,0.0,20250.0
1718645672.1210723,83.0,20250.0
1718645672.2845778,96.0,20250.0
1718645672.4633565,100.0,20250.0
1718645672.8382983,100.0,20250.0
1718645673.1660888,100.0,20250.0
1718645673.356228,36.0,20250.0
1718645673.6073096,0.0,20250.0
1718645673.8672643,0.0,20250.0
1718645674.0708756,0.0,20250.0
1718645674.3220644,0.0,20250.0
1718645674.4846728,0.0,20250.0
1718645674.6618254,0.0,20250.0
1718645674.8292289,0.0,20250.0
1718645675.031476,0.0,20250.0
1718645675.211221,0.0,20250.0
1718645675.4149132,0.0,20250.0
1718645675.6033223,0.0,20250.0
1718645675.8632762,0.0,20250.0
1718645676.1600027,0.0,20250.0
1718645676.3392072,0.0,20250.0
1718645676.5552266,0.0,20250.0
1718645676.7126172,0.0,20250.0
1718645676.891191,0.0,20250.0
1718645677.0711026,0.0,20250.0
1718645677.2512703,0.0,20250.0
1718645677.4570165,0.0,20250.0
1718645677.7459147,0.0,20250.0
1718645677.989181,0.0,20250.0
1718645678.1573203,0.0,20250.0
1718645678.2998679,0.0,20250.0
1718645678.4422276,75.0,20250.0
1718645678.5873039,94.0,20250.0
1718645678.8412378,100.0,20250.0
1718645679.1873076,100.0,20250.0
1718645679.5004084,100.0,20250.0
1718645679.7303307,54.0,20250.0
1718645680.0073578,0.0,20250.0
1718645680.3513122,0.0,20250.0
1718645680.5555284,0.0,20250.0
1718645680.7535598,0.0,20250.0
1718645680.954694,0.0,20250.0
1718645681.135663,0.0,20250.0
1718645681.305093,0.0,20250.0
1718645681.4828055,0.0,20250.0
1718645681.6512809,0.0,20250.0
1718645681.8391063,0.0,20250.0
1718645682.027281,0.0,20250.0
1718645682.30449,0.0,20250.0
1718645682.5669963,0.0,20250.0
1718645682.7685156,0.0,20250.0
1718645682.9391553,0.0,20250.0
1718645683.1231956,0.0,20250.0
1718645683.315199,0.0,20250.0
1718645683.5074039,0.0,20250.0
1718645683.6946118,0.0,20250.0
1718645683.8906016,0.0,20250.0
1718645684.1513221,0.0,20250.0
1718645684.4112964,0.0,20250.0
1718645684.5704625,0.0,20250.0
1718645684.7140877,0.0,20250.0
1718645684.857509,44.0,20250.0
1718645685.0059083,100.0,20250.0
1718645685.231338,100.0,20250.0
1718645685.5762923,100.0,20250.0
1718645685.8952603,100.0,20250.0
1718645686.1353493,77.0,20250.0
1718645686.4392734,0.0,20250.0
1718645686.7023494,0.0,20250.0
1718645686.923204,0.0,20250.0
1718645687.1183937,0.0,20250.0
1718645687.2920678,0.0,20250.0
1718645687.4952962,0.0,20250.0
1718645687.6640491,0.0,20250.0
1718645687.8420615,0.0,20250.0
1718645688.051244,0.0,20250.0
1718645688.2521474,0.0,20250.0
1718645688.4473152,0.0,20250.0
1718645688.7233188,0.0,20250.0
1718645688.9962447,0.0,20250.0
1718645689.1736107,0.0,20250.0
1718645689.3432097,0.0,20250.0
1718645689.5311964,0.0,20250.0
1718645689.7271998,0.0,20250.0
1718645689.9184504,0.0,20250.0
1718645690.0833092,0.0,20250.0
1718645690.2651236,0.0,20250.0
1718645690.5553284,0.0,20250.0
1718645690.7512724,0.0,20250.0
1718645690.9186442,0.0,20250.0
1718645691.0743587,0.0,20250.0
1718645691.2164178,28.0,20250.0
1718645691.3627522,28.0,20250.0
1718645691.5112658,72.0,20250.0
1718645691.7833343,100.0,20250.0
1718645692.1272795,100.0,20250.0
1718645692.471299,100.0,20250.0
1718645692.6635919,100.0,20250.0
1718645692.9153178,0.0,20250.0
1718645693.2601712,0.0,20250.0
1718645693.51925,0.0,20250.0
1718645693.663302,0.0,20250.0
1718645693.9032547,0.0,20250.0
1718645694.0841818,0.0,20250.0
1718645694.2333436,0.0,20250.0
1718645694.4265645,0.0,20250.0
1718645694.6033115,0.0,20250.0
1718645694.8071504,0.0,20250.0
1718645695.04688,0.0,20250.0
1718645695.3273027,0.0,20250.0
1718645695.5434093,0.0,20250.0
1718645695.7112057,0.0,20250.0
1718645695.92697,0.0,20250.0
1718645696.1271703,0.0,20250.0
1718645696.3272135,0.0,20250.0
1718645696.5311196,0.0,20250.0
1718645696.7287135,0.0,20250.0
1718645696.998801,0.0,20250.0
1718645697.2593687,0.0,20250.0
1718645697.431048,0.0,20250.0
1718645697.5772958,0.0,20250.0
1718645697.7155461,0.0,20250.0
1718645697.8614242,84.0,20250.0
1718645698.006637,87.0,20250.0
1718645698.249222,100.0,20250.0
1718645698.5714548,100.0,20250.0
1718645698.917457,100.0,20250.0
1718645699.1314313,66.0,20250.0
1718645699.3673058,0.0,20250.0
1718645699.6432946,0.0,20250.0
1718645699.854053,0.0,20250.0
1718645700.0363405,0.0,20250.0
1718645700.1993194,0.0,20250.0
1718645700.425022,0.0,20250.0
1718645700.6131837,0.0,20250.0
1718645700.7913215,0.0,20250.0
1718645700.9952714,0.0,20250.0
1718645701.1792693,0.0,20250.0
1718645701.3794672,0.0,20250.0
1718645701.5872886,0.0,20250.0
1718645701.897381,0.0,20250.0
1718645702.0791354,0.0,20250.0
1718645702.2512074,0.0,20250.0
1718645702.4592056,0.0,20250.0
1718645702.6592042,0.0,20250.0
1718645702.8633237,0.0,20250.0
1718645703.043967,0.0,20250.0
1718645703.2193143,0.0,20250.0
1718645703.4861524,0.0,20250.0
1718645703.7681177,0.0,20250.0
1718645703.9415774,0.0,20250.0
1718645704.0878031,0.0,20250.0
1718645704.2400513,67.0,20250.0
1718645704.381553,100.0,20250.0
1718645704.635309,100.0,20250.0
1718645704.9621909,100.0,20250.0
1718645705.2909179,100.0,20250.0
1718645705.4918728,100.0,20250.0
1718645705.7191882,0.0,20250.0
1718645705.979302,0.0,20250.0
1718645706.2252064,0.0,20250.0
1718645706.4354897,0.0,20250.0
1718645706.5953174,0.0,20250.0
1718645706.8125017,0.0,20250.0
1718645707.0030925,0.0,20250.0
1718645707.1592836,0.0,20250.0
1718645707.3615534,0.0,20250.0
1718645707.5189996,0.0,20250.0
1718645707.734439,0.0,20250.0
1718645707.9433188,0.0,20250.0
1718645708.2767444,0.0,20250.0
1718645708.487208,0.0,20250.0
1718645708.6632075,0.0,20250.0
1718645708.8750587,0.0,20250.0
1718645709.0747626,0.0,20250.0
1718645709.2666883,0.0,20250.0
1718645709.4473348,0.0,20250.0
1718645709.6450167,0.0,20250.0
1718645709.8953218,0.0,20250.0
1718645710.1883411,0.0,20250.0
1718645710.3539717,0.0,20250.0
1718645710.4952765,0.0,20250.0
1718645710.6365345,37.0,20250.0
1718645710.7836318,37.0,20250.0
1718645710.9353018,96.0,20250.0
1718645711.2174175,100.0,20250.0
1718645711.54927,100.0,20250.0
1718645711.846383,100.0,20250.0
1718645712.0425673,82.0,20250.0
1718645712.287308,0.0,20250.0
1718645712.623294,0.0,20250.0
1718645712.8635678,0.0,20250.0
1718645713.0438852,0.0,20250.0
1718645713.2464492,0.0,20250.0
1718645713.4138699,0.0,20250.0
1718645713.571461,0.0,20250.0
1718645713.754685,0.0,20250.0
1718645713.9220917,0.0,20250.0
1718645714.1112761,0.0,20250.0
1718645714.2906883,0.0,20250.0
1718645714.551289,0.0,20250.0
1718645714.8248136,0.0,20250.0
1718645714.9898603,0.0,20250.0
1718645715.1547992,0.0,20250.0
1718645715.3423622,0.0,20250.0
1718645715.5390782,0.0,20250.0
1718645715.7390213,0.0,20250.0
1718645715.9001908,0.0,20250.0
1718645716.0712783,0.0,20250.0
1718645716.3072834,0.0,20250.0
1718645716.5473115,0.0,20250.0
1718645716.7701879,0.0,20250.0
1718645716.9191136,0.0,20250.0
1718645717.0572457,19.0,20250.0
1718645717.2048519,100.0,20250.0
1718645717.3512943,96.0,20250.0
1718645717.6073036,100.0,20250.0
1718645718.0073528,100.0,20250.0
1718645718.2833078,100.0,20250.0
1718645718.475354,3.0,20250.0
1718645718.774205,0.0,20250.0
1718645719.0152078,0.0,20250.0
1718645719.2834203,0.0,20250.0
1718645719.4579926,0.0,20250.0
1718645719.6550567,0.0,20250.0
1718645719.8354187,0.0,20250.0
1718645720.008363,0.0,20250.0
1718645720.191215,0.0,20250.0
1718645720.3593082,0.0,20250.0
1718645720.5624995,0.0,20250.0
1718645720.7273118,0.0,20250.0
1718645720.991313,0.0,20250.0
1718645721.2474344,0.0,20250.0
1718645721.4029248,0.0,20250.0
1718645721.5869565,0.0,20250.0
1718645721.7948349,0.0,20250.0
1718645721.9911907,0.0,20250.0
1718645722.1935525,0.0,20250.0
1718645722.367127,0.0,20250.0
1718645722.5473359,0.0,20250.0
1718645722.8273141,0.0,20250.0
1718645723.0498579,0.0,20250.0
1718645723.2274046,0.0,20250.0
1718645723.3697348,0.0,20250.0
1718645723.5135376,0.0,20250.0
1718645723.6605506,82.0,20250.0
1718645723.8073063,88.0,20250.0
1718645724.002763,80.0,20250.0
1718645724.3325195,100.0,20250.0
1718645724.6382477,100.0,20250.0
1718645724.8632872,100.0,20250.0
1718645725.0753307,0.0,20250.0
1718645725.403279,0.0,20250.0
1718645725.6942027,0.0,20250.0
1718645725.8613448,0.0,20250.0
1718645726.0537643,0.0,20250.0
1718645726.252553,0.0,20250.0
1718645726.4320748,0.0,20250.0
1718645726.5921583,0.0,20250.0
1718645726.8029306,0.0,20250.0
1718645726.9816272,0.0,20250.0
1718645727.219201,0.0,20250.0
1718645727.4662256,0.0,20250.0
1718645727.7824717,0.0,20250.0
1718645727.9712148,0.0,20250.0
1718645728.1825736,0.0,20250.0
1718645728.346835,0.0,20250.0
1718645728.5300083,0.0,20250.0
1718645728.7393067,0.0,20250.0
1718645728.9712582,0.0,20250.0
1718645729.2432907,0.0,20250.0
1718645729.4314334,0.0,20250.0
1718645729.59919,0.0,20250.0
1718645729.7391858,0.0,20250.0
1718645729.884548,64.0,20250.0
1718645730.0290442,100.0,20250.0
1718645730.2712677,100.0,20250.0
1718645730.587308,100.0,20250.0
1718645730.8959925,100.0,20250.0
1718645731.1432786,64.0,20250.0
1718645731.3513305,0.0,20250.0
1718645731.6510184,0.0,20250.0
1718645731.9192457,0.0,20250.0
1718645732.1073885,0.0,20250.0
1718645732.2628334,0.0,20250.0
1718645732.4654503,0.0,20250.0
1718645732.6474802,0.0,20250.0
1718645732.819456,0.0,20250.0
1718645733.0029414,0.0,20250.0
1718645733.163311,0.0,20250.0
1718645733.3625915,0.0,20250.0
1718645733.5273042,0.0,20250.0
1718645733.799297,0.0,20250.0
1718645734.039079,0.0,20250.0
1718645734.2264178,0.0,20250.0
1718645734.3989162,0.0,20250.0
1718645734.595204,0.0,20250.0
1718645734.803197,0.0,20250.0
1718645734.997242,0.0,20250.0
1718645735.1803446,0.0,20250.0
1718645735.3753033,0.0,20250.0
1718645735.614856,0.0,20250.0
1718645735.8600526,0.0,20250.0
1718645736.0228367,0.0,20250.0
1718645736.1648946,0.0,20250.0
1718645736.3070009,0.0,20250.0
1718645736.4545991,78.0,20250.0
1718645736.5983355,94.0,20250.0
1718645736.811981,74.0,20250.0
1718645737.1474676,100.0,20250.0
1718645737.4632757,100.0,20250.0
1718645737.658587,100.0,20250.0
1718645737.9034917,0.0,20250.0
1718645738.1912713,0.0,20250.0
1718645738.4632983,0.0,20250.0
1718645738.6391962,0.0,20250.0
1718645738.8313107,0.0,20250.0
1718645739.0393066,0.0,20250.0
1718645739.2204816,0.0,20250.0
1718645739.4009871,0.0,20250.0
1718645739.6158798,0.0,20250.0
1718645739.791425,0.0,20250.0
1718645739.9989886,0.0,20250.0
1718645740.241068,0.0,20250.0
1718645740.5280523,0.0,20250.0
1718645740.7193024,0.0,20250.0
1718645740.9032085,0.0,20250.0
1718645741.1112072,0.0,20250.0
1718645741.3147128,0.0,20250.0
1718645741.5155203,0.0,20250.0
1718645741.6776795,0.0,20250.0
1718645741.8467772,0.0,20250.0
1718645742.0992606,0.0,20250.0
1718645742.3686218,0.0,20250.0
1718645742.5552063,0.0,20250.0
1718645742.6981316,0.0,20250.0
1718645742.8378825,23.0,20250.0
1718645742.983329,23.0,20250.0
1718645743.1313288,49.0,20250.0
1718645743.3741238,99.0,20250.0
1718645743.7011392,100.0,20250.0
1718645744.0141895,100.0,20250.0
1718645744.235278,100.0,20250.0
1718645744.4696882,0.0,20250.0
1718645744.7552896,0.0,20250.0
1718645745.0313401,0.0,20250.0
1718645745.2945242,0.0,20250.0
1718645745.4689279,0.0,20250.0
1718645745.6569839,0.0,20250.0
1718645745.8354497,0.0,20250.0
1718645746.0034375,0.0,20250.0
1718645746.1712458,0.0,20250.0
1718645746.369519,0.0,20250.0
1718645746.5632088,0.0,20250.0
1718645746.8112884,0.0,20250.0
1718645747.1141214,0.0,20250.0
1718645747.3066618,0.0,20250.0
1718645747.5229895,0.0,20250.0
1718645747.7126482,0.0,20250.0
1718645747.878847,0.0,20240.0
1718645748.0569475,0.0,20240.0
1718645748.21939,0.0,20240.0
1718645748.4033716,0.0,20240.0
1718645748.6593118,0.0,20240.0
1718645748.887077,0.0,20240.0
1718645749.0500865,0.0,20240.0
1718645749.1966567,0.0,20240.0
1718645749.3438551,0.0,20240.0
1718645749.484962,46.0,20240.0
1718645749.629177,100.0,20240.0
1718645749.8661196,100.0,20240.0
1718645750.2234259,100.0,20240.0
1718645750.5684423,100.0,20240.0
1718645750.7712636,81.0,20240.0
1718645751.012657,0.0,20240.0
1718645751.2910585,0.0,20240.0
1718645751.5393372,0.0,20240.0
1718645751.7868445,0.0,20240.0
1718645751.9435241,0.0,20240.0
1718645752.1383147,0.0,20240.0
1718645752.3193061,0.0,20240.0
1718645752.5028648,0.0,20240.0
1718645752.6792352,0.0,20240.0
1718645752.9072096,0.0,20240.0
1718645753.0752094,0.0,20240.0
1718645753.2807155,0.0,20240.0
1718645753.5308077,0.0,20240.0
1718645753.819779,0.0,20240.0
1718645753.9805903,0.0,20240.0
1718645754.151212,0.0,20240.0
1718645754.3418376,0.0,20240.0
1718645754.5260844,0.0,20240.0
1718645754.7594411,0.0,20240.0
1718645755.0091627,0.0,20240.0
1718645755.2341368,0.0,20240.0
1718645755.4007502,0.0,20240.0
1718645755.547194,0.0,20240.0
1718645755.688304,32.0,20240.0
1718645755.8319626,100.0,20240.0
1718645756.0191584,92.0,20240.0
1718645756.3234046,100.0,20240.0
1718645756.6690896,100.0,20240.0
1718645756.9363906,100.0,20240.0
1718645757.1032877,0.0,20240.0
1718645757.3792195,0.0,20240.0
1718645757.6064632,0.0,20240.0
1718645757.8241546,0.0,20240.0
1718645758.051209,0.0,20240.0
1718645758.2113202,0.0,20240.0
1718645758.399985,0.0,20240.0
1718645758.5792964,0.0,20240.0
1718645758.7627606,0.0,20240.0
1718645758.9432364,0.0,20240.0
1718645759.146823,0.0,20240.0
1718645759.3425436,0.0,20240.0
1718645759.615453,0.0,20240.0
1718645759.8599298,0.0,20240.0
1718645760.0337057,0.0,20240.0
1718645760.1950428,0.0,20240.0
1718645760.3832023,0.0,20240.0
1718645760.5751982,0.0,20240.0
1718645760.780531,0.0,20240.0
1718645760.9659388,0.0,20240.0
1718645761.1609266,0.0,20240.0
1718645761.4153187,0.0,20240.0
1718645761.6859927,0.0,20240.0
1718645761.8791869,0.0,20240.0
1718645762.0277724,0.0,20240.0
1718645762.175371,0.0,20240.0
1718645762.3233097,94.0,20240.0
1718645762.5704985,100.0,20240.0
1718645762.9034991,100.0,20240.0
1718645763.2754686,100.0,20240.0
1718645763.474497,40.0,20240.0
1718645763.7713163,0.0,20240.0
1718645764.0632877,0.0,20240.0
1718645764.3035147,0.0,20240.0
1718645764.4824052,0.0,20240.0
1718645764.6824853,0.0,20240.0
1718645764.8634958,0.0,20240.0
1718645765.0284233,0.0,20240.0
1718645765.2103689,0.0,20240.0
1718645765.372497,0.0,20240.0
1718645765.562533,0.0,20240.0
1718645765.743315,0.0,20240.0
1718645766.0232904,0.0,20240.0
1718645766.3029988,0.0,20240.0
1718645766.4712076,0.0,20240.0
1718645766.6868446,0.0,20240.0
1718645766.8902853,0.0,20240.0
1718645767.0964277,0.0,20240.0
1718645767.2993176,0.0,20240.0
1718645767.4813159,0.0,20240.0
1718645767.7445772,0.0,20240.0
1718645767.9941792,0.0,20240.0
1718645768.157793,0.0,20240.0
1718645768.311356,0.0,20240.0
1718645768.453964,21.0,20240.0
1718645768.6011853,100.0,20240.0
1718645768.759329,95.0,20240.0
1718645768.9842124,100.0,20240.0
1718645769.3087478,100.0,20240.0
1718645769.6432996,100.0,20240.0
1718645769.8422256,100.0,20240.0
1718645770.0953262,0.0,20240.0
1718645770.3953238,0.0,20240.0
1718645770.6393042,0.0,20240.0
1718645770.8118467,0.0,20240.0
1718645770.998521,0.0,20240.0
1718645771.2028189,0.0,20240.0
1718645771.3817675,0.0,20240.0
1718645771.559924,0.0,20240.0
1718645771.762462,0.0,20240.0
1718645771.9433286,0.0,20240.0
1718645772.1472862,0.0,20240.0
1718645772.370989,0.0,20240.0
1718645772.6563885,0.0,20240.0
1718645772.822439,0.0,20240.0
1718645773.0032125,0.0,20240.0
1718645773.219055,0.0,20240.0
1718645773.419208,0.0,20240.0
1718645773.6118834,0.0,20240.0
1718645773.7980444,0.0,20240.0
1718645773.9873052,0.0,20240.0
1718645774.2513065,0.0,20240.0
1718645774.4952152,0.0,20240.0
1718645774.6709945,0.0,20240.0
1718645774.811831,0.0,20240.0
1718645774.9549906,0.0,20240.0
1718645775.1012707,47.0,20240.0
1718645775.2473464,100.0,20240.0
1718645775.4703712,100.0,20240.0
1718645775.8074706,100.0,20240.0
1718645776.1672697,100.0,20240.0
1718645776.3642907,100.0,20240.0
1718645776.6012301,0.0,20240.0
1718645776.9592655,0.0,20240.0
1718645777.2034032,0.0,20240.0
1718645777.3717337,0.0,20240.0
1718645777.5794027,0.0,20240.0
1718645777.7753084,0.0,20240.0
1718645777.9424126,0.0,20240.0
1718645778.1310747,0.0,20240.0
1718645778.2947054,0.0,20240.0
1718645778.5080929,0.0,20240.0
1718645778.7273507,0.0,20240.0
1718645779.054229,0.0,20240.0
1718645779.258413,0.0,20240.0
1718645779.4105554,0.0,20240.0
1718645779.6197944,0.0,20240.0
1718645779.8267207,0.0,20240.0
1718645780.0272443,0.0,20240.0
1718645780.2150807,0.0,20240.0
1718645780.4064445,0.0,20240.0
1718645780.6592903,0.0,20240.0
1718645780.909582,0.0,20240.0
1718645781.085911,0.0,20240.0
1718645781.2366364,0.0,20240.0
1718645781.3759859,42.0,20240.0
1718645781.5251641,42.0,20240.0
1718645781.6661143,100.0,20240.0
1718645781.8754392,100.0,20240.0
1718645782.200975,100.0,20240.0
1718645782.51934,100.0,20240.0
1718645782.7763515,77.0,20240.0
1718645783.0122886,0.0,20240.0
1718645783.327353,0.0,20240.0
1718645783.5713527,0.0,20240.0
1718645783.8109403,0.0,20240.0
1718645783.9824574,0.0,20240.0
1718645784.191284,0.0,20240.0
1718645784.3574789,0.0,20240.0
1718645784.5473077,0.0,20240.0
1718645784.7471185,0.0,20240.0
1718645784.9473152,0.0,20240.0
1718645785.151342,0.0,20240.0
1718645785.4239695,0.0,20240.0
1718645785.6812632,0.0,20240.0
1718645785.8672197,0.0,20240.0
1718645786.0350962,0.0,20240.0
1718645786.2271523,0.0,20240.0
1718645786.4226213,0.0,20240.0
1718645786.620748,0.0,20240.0
1718645786.7951438,0.0,20240.0
1718645786.975106,0.0,20240.0
1718645787.226418,0.0,20240.0
1718645787.463287,0.0,20240.0
1718645787.6439564,0.0,20240.0
1718645787.7921233,0.0,20240.0
1718645787.9392083,0.0,20240.0
1718645788.0867302,27.0,20240.0
1718645788.2294412,100.0,20240.0
1718645788.4673426,100.0,20240.0
1718645788.8256607,100.0,20240.0
1718645789.1852243,100.0,20240.0
1718645789.409941,100.0,20237.0
1718645789.6473157,2.0,20237.0
1718645789.9233253,0.0,20237.0
1718645790.1483498,0.0,20237.0
1718645790.3260386,0.0,20237.0
1718645790.5143619,0.0,20237.0
1718645790.7292304,0.0,20237.0
1718645790.92065,0.0,20237.0
1718645791.1008594,0.0,20237.0
1718645791.311265,0.0,20237.0
1718645791.5152936,0.0,20237.0
1718645791.7080605,0.0,20237.0
1718645791.9792664,0.0,20237.0
1718645792.2272575,0.0,20237.0
1718645792.4033215,0.0,20237.0
1718645792.587381,0.0,20237.0
1718645792.7951927,0.0,20237.0
1718645792.994411,0.0,20237.0
1718645793.197686,0.0,20237.0
1718645793.368187,0.0,20237.0
1718645793.5508795,0.0,20237.0
1718645793.8313,0.0,20237.0
1718645794.0661156,0.0,20237.0
1718645794.2314293,0.0,20237.0
1718645794.3850274,0.0,20237.0
1718645794.5260122,0.0,20237.0
1718645794.669879,55.0,20237.0
1718645794.8152764,100.0,20237.0
1718645795.0438466,100.0,20237.0
1718645795.359382,100.0,20237.0
1718645795.675964,100.0,20237.0
1718645795.8998613,100.0,20237.0
1718645796.1315017,0.0,20237.0
1718645796.435293,0.0,20237.0
1718645796.6108203,0.0,20237.0
1718645796.855359,0.0,20237.0
1718645797.008508,0.0,20237.0
1718645797.2204442,0.0,20237.0
1718645797.4273088,0.0,20237.0
1718645797.58327,0.0,20237.0
1718645797.7872093,0.0,20237.0
1718645797.9553096,0.0,20237.0
1718645798.1626148,0.0,20237.0
1718645798.3993134,0.0,20237.0
1718645798.7152522,0.0,20237.0
1718645798.906367,0.0,20237.0
1718645799.0832057,0.0,20237.0
1718645799.2990184,0.0,20237.0
1718645799.5014591,0.0,20237.0
1718645799.6901584,0.0,20237.0
1718645799.8779743,0.0,20237.0
1718645800.0584252,0.0,20237.0
1718645800.331285,0.0,20237.0
1718645800.6232748,0.0,20237.0
1718645800.787193,0.0,20237.0
1718645800.9282694,0.0,20237.0
1718645801.069719,16.0,20237.0
1718645801.2151442,100.0,20237.0
1718645801.3633115,96.0,20237.0
1718645801.5389729,100.0,20237.0
1718645801.8926096,100.0,20237.0
1718645802.1991184,100.0,20237.0
1718645802.420672,100.0,20237.0
1718645802.6713045,0.0,20237.0
1718645802.9424226,0.0,20237.0
1718645803.1713607,0.0,20237.0
1718645803.3608458,0.0,20237.0
1718645803.5188704,0.0,20237.0
1718645803.7333076,0.0,20237.0
1718645803.9217625,0.0,20237.0
1718645804.0672534,0.0,20237.0
1718645804.2508318,0.0,20237.0
1718645804.4173746,0.0,20237.0
1718645804.6352692,0.0,20237.0
1718645804.876966,0.0,20237.0
1718645805.1312988,0.0,20237.0
1718645805.337875,0.0,20237.0
1718645805.4983578,0.0,20237.0
1718645805.7152064,0.0,20237.0
1718645805.9186406,0.0,20237.0
1718645806.1192567,0.0,20237.0
1718645806.307252,0.0,20237.0
1718645806.5188527,0.0,20237.0
1718645806.7393706,0.0,20237.0
1718645807.0363312,0.0,20237.0
1718645807.2320297,0.0,20237.0
1718645807.3751924,0.0,20237.0
1718645807.5179677,0.0,20237.0
1718645807.6611266,57.0,20237.0
1718645807.807349,100.0,20237.0
1718645808.0349731,100.0,20237.0
1718645808.3872883,100.0,20237.0
1718645808.7049139,100.0,20237.0
1718645808.9433,93.0,20237.0
1718645809.203293,0.0,20237.0
1718645809.4953153,0.0,20237.0
1718645809.7555115,0.0,20237.0
1718645809.9397342,0.0,20237.0
1718645810.1417618,0.0,20237.0
1718645810.3323767,0.0,20237.0
1718645810.4983187,0.0,20237.0
1718645810.681878,0.0,20237.0
1718645810.8472764,0.0,20237.0
1718645811.0667803,0.0,20237.0
1718645811.2576299,0.0,20237.0
1718645811.5753148,0.0,20237.0
1718645811.8074944,0.0,20237.0
1718645811.9748402,0.0,20237.0
1718645812.1908789,0.0,20237.0
1718645812.3792996,0.0,20237.0
1718645812.5386624,0.0,20237.0
