timestamp,gpu_util,gpu_mem
1719345660.5933115,0.0,4.0
1719345660.7250962,0.0,4.0
1719345660.8585482,0.0,4.0
1719345660.9905674,0.0,21.0
1719345661.1316874,0.0,633.0
1719345661.2661166,7.0,633.0
1719345661.3949044,0.0,633.0
1719345661.5217254,0.0,633.0
1719345661.647302,0.0,633.0
1719345661.8413286,0.0,633.0
1719345661.9729798,0.0,633.0
1719345662.1030602,0.0,633.0
1719345662.235214,0.0,965.0
1719345662.3669386,0.0,965.0
1719345662.5016842,9.0,1093.0
1719345662.6348846,3.0,1221.0
1719345662.7673934,3.0,1349.0
1719345662.8997083,6.0,1349.0
1719345663.0345638,2.0,1477.0
1719345663.1664224,2.0,1605.0
1719345663.300221,4.0,1605.0
1719345663.4334826,3.0,1733.0
1719345663.5662835,3.0,1861.0
1719345663.698242,3.0,1989.0
1719345663.874828,3.0,2117.0
1719345664.074851,3.0,2117.0
1719345664.2078054,0.0,2117.0
1719345664.3371658,0.0,2117.0
1719345664.4663997,0.0,2117.0
1719345664.5958564,0.0,2117.0
1719345664.723915,0.0,2117.0
1719345664.851905,0.0,2117.0
1719345664.9796832,0.0,2117.0
1719345665.107665,0.0,2117.0
1719345665.2356758,0.0,2117.0
1719345665.3640597,0.0,2117.0
1719345665.4971268,0.0,2117.0
1719345665.6274107,0.0,2117.0
1719345665.7564769,0.0,2117.0
1719345665.886385,0.0,2117.0
1719345666.0153935,0.0,2117.0
1719345666.143414,0.0,2117.0
1719345666.271948,0.0,2117.0
1719345666.4021668,0.0,2117.0
1719345666.5293665,0.0,2117.0
1719345666.656531,0.0,2117.0
1719345666.7834818,0.0,2117.0
1719345666.9136243,0.0,2117.0
1719345667.0563486,0.0,2117.0
1719345667.1979344,0.0,2117.0
1719345667.3313484,0.0,2117.0
1719345667.466902,0.0,2117.0
1719345667.6005964,0.0,2117.0
1719345667.7346995,0.0,2117.0
1719345667.8657181,0.0,2117.0
1719345667.9964144,0.0,2117.0
1719345668.1289105,0.0,2117.0
1719345668.2630732,0.0,2117.0
1719345668.3934004,0.0,2117.0
1719345668.523032,0.0,2117.0
1719345668.653943,0.0,2117.0
1719345668.7814822,0.0,2117.0
1719345668.90963,0.0,2117.0
1719345669.0430622,0.0,2117.0
1719345669.1759317,0.0,2117.0
1719345669.311296,0.0,2117.0
1719345669.4446766,0.0,2117.0
1719345669.5789726,0.0,2117.0
1719345669.7098796,0.0,2117.0
1719345669.8449595,0.0,2117.0
1719345669.977511,0.0,2117.0
1719345670.109421,0.0,2117.0
1719345670.2392237,0.0,2117.0
1719345670.3681023,0.0,2117.0
1719345670.499278,0.0,2117.0
1719345670.6294646,0.0,2117.0
1719345670.7613604,0.0,2117.0
1719345670.894829,0.0,2117.0
1719345671.0298696,0.0,2117.0
1719345671.1627755,0.0,2117.0
1719345671.29541,0.0,2117.0
1719345671.4296818,0.0,2117.0
1719345671.561468,0.0,2117.0
1719345671.6972034,0.0,2117.0
1719345671.8331401,0.0,2117.0
1719345671.96789,0.0,2117.0
1719345672.1021886,0.0,2117.0
1719345672.2363086,0.0,2117.0
1719345672.370285,0.0,2117.0
1719345672.5026572,0.0,2117.0
1719345672.6343987,0.0,2117.0
1719345672.7651992,0.0,2117.0
1719345672.8990772,0.0,2117.0
1719345673.0300102,0.0,2117.0
1719345673.1625695,0.0,2117.0
1719345673.2965786,0.0,2117.0
1719345673.4286742,0.0,2117.0
1719345673.5608985,0.0,2117.0
1719345673.6948006,0.0,2117.0
1719345673.8280323,0.0,2117.0
1719345673.9597034,0.0,2117.0
1719345674.0953202,0.0,2117.0
1719345674.2288268,0.0,2117.0
1719345674.3614016,0.0,2117.0
1719345674.4968204,0.0,2117.0
1719345674.6300452,0.0,2117.0
1719345674.7646782,0.0,2117.0
1719345674.8966994,0.0,2117.0
1719345675.02882,0.0,2117.0
1719345675.1581151,0.0,2117.0
1719345675.2880917,0.0,2117.0
1719345675.4224002,0.0,2117.0
1719345675.5570104,0.0,2117.0
1719345675.6930087,0.0,2117.0
1719345675.8298924,0.0,2117.0
1719345675.9634159,0.0,2117.0
1719345676.097013,0.0,2117.0
1719345676.2285237,0.0,2117.0
1719345676.3610547,0.0,2117.0
1719345676.4935398,0.0,2117.0
1719345676.6249044,0.0,2117.0
1719345676.756529,0.0,2117.0
1719345676.8888426,0.0,2117.0
1719345677.0210161,0.0,2117.0
1719345677.1544547,0.0,2117.0
1719345677.2887807,0.0,2117.0
1719345677.4198017,0.0,2117.0
1719345677.5516725,0.0,2117.0
1719345677.685952,0.0,2117.0
1719345677.8208387,0.0,2117.0
1719345677.954885,0.0,2117.0
1719345678.0921738,0.0,2117.0
1719345678.227369,0.0,2117.0
1719345678.3609045,0.0,2117.0
1719345678.4942212,0.0,2117.0
1719345678.6283188,0.0,2117.0
1719345678.763152,0.0,2117.0
1719345678.8966057,0.0,2117.0
1719345679.0294666,0.0,2117.0
1719345679.160585,0.0,2117.0
1719345679.2941551,0.0,2117.0
1719345679.4295173,0.0,2117.0
1719345679.564145,0.0,2117.0
1719345679.6984198,0.0,2117.0
1719345679.8326106,0.0,2117.0
1719345679.9666166,0.0,2117.0
1719345680.097512,0.0,2117.0
1719345680.2305365,0.0,2117.0
1719345680.3644738,0.0,2117.0
1719345680.497902,0.0,2117.0
1719345680.6319108,0.0,2117.0
1719345680.7636116,0.0,2117.0
1719345680.893555,0.0,2117.0
1719345681.0225003,0.0,2117.0
1719345681.151386,0.0,2117.0
1719345681.2830517,0.0,2117.0
1719345681.4114451,0.0,2117.0
1719345681.53917,0.0,2117.0
1719345681.6690335,0.0,2117.0
1719345681.7973607,0.0,2117.0
1719345681.925346,0.0,2117.0
1719345682.0537684,0.0,2117.0
1719345682.1850486,0.0,2117.0
1719345682.3132637,0.0,2117.0
1719345682.4417934,0.0,2117.0
1719345682.5709424,0.0,2117.0
1719345682.6998558,0.0,2117.0
1719345682.8276987,0.0,2117.0
1719345682.9555812,0.0,2117.0
1719345683.0871506,0.0,2117.0
1719345683.219321,0.0,2117.0
1719345683.350216,0.0,2117.0
1719345683.48281,0.0,2117.0
1719345683.6180224,0.0,2117.0
1719345683.7515116,0.0,2117.0
1719345683.8840973,0.0,2117.0
1719345684.0152113,0.0,2117.0
1719345684.146286,0.0,2117.0
1719345684.2781808,0.0,2117.0
1719345684.4084241,0.0,2117.0
1719345684.543799,0.0,2117.0
1719345684.6779943,0.0,2117.0
1719345684.8130665,0.0,2117.0
1719345684.9469326,0.0,2117.0
1719345685.0826628,0.0,2117.0
1719345685.2181914,0.0,2117.0
1719345685.3517916,0.0,2117.0
1719345685.4862087,0.0,2117.0
1719345685.6205683,0.0,2117.0
1719345685.7547643,0.0,2117.0
1719345685.8875563,0.0,2117.0
1719345686.0202556,0.0,2117.0
1719345686.152273,0.0,2117.0
1719345686.2882888,0.0,2117.0
1719345686.4209385,0.0,2117.0
1719345686.5555174,0.0,2117.0
1719345686.6876726,0.0,2117.0
1719345686.8194587,0.0,2117.0
1719345686.950419,0.0,2117.0
1719345687.0821617,0.0,2117.0
1719345687.2137623,0.0,2117.0
1719345687.3477697,0.0,2117.0
1719345687.481021,0.0,2117.0
1719345687.6168373,0.0,2117.0
1719345687.7509012,0.0,2117.0
1719345687.8846054,0.0,2117.0
1719345688.0171766,0.0,2117.0
1719345688.151749,0.0,2117.0
1719345688.286508,0.0,2117.0
1719345688.4207935,0.0,2117.0
1719345688.5547616,0.0,2117.0
1719345688.6871371,0.0,2117.0
1719345688.8173392,0.0,2117.0
1719345688.9490952,0.0,2117.0
1719345689.078339,0.0,2117.0
1719345689.208431,0.0,2117.0
1719345689.338176,0.0,2117.0
1719345689.4659681,0.0,2117.0
1719345689.5937884,0.0,2117.0
1719345689.7217937,0.0,2117.0
1719345689.850921,0.0,2117.0
1719345689.9787495,0.0,2117.0
1719345690.1065743,0.0,2117.0
1719345690.2344182,0.0,2117.0
1719345690.3632596,0.0,2117.0
1719345690.4922404,0.0,2117.0
1719345690.6213439,0.0,2117.0
1719345690.749608,0.0,2117.0
1719345690.8807864,0.0,2117.0
1719345691.011118,0.0,2117.0
1719345691.1425853,0.0,2117.0
1719345691.2951183,0.0,2117.0
1719345691.443136,0.0,2117.0
1719345691.5970275,0.0,2117.0
1719345691.7382874,0.0,2117.0
1719345691.8872206,0.0,2117.0
1719345692.0846527,0.0,2117.0
1719345692.2347317,0.0,2117.0
1719345692.3769212,0.0,2117.0
1719345692.5281367,0.0,2117.0
1719345692.6861732,0.0,2117.0
1719345692.847107,0.0,2117.0
1719345693.0001423,0.0,2117.0
1719345693.14409,0.0,2117.0
1719345693.3514152,0.0,2117.0
1719345693.5546103,0.0,2117.0
1719345693.742411,0.0,2117.0
1719345693.8955739,0.0,2117.0
1719345694.0788774,0.0,2117.0
1719345694.2521374,0.0,2117.0
1719345694.4130833,0.0,2117.0
1719345694.5838406,0.0,2117.0
1719345694.719317,0.0,2117.0
1719345694.8543284,0.0,2117.0
1719345694.9889243,0.0,3717.0
1719345695.1242769,0.0,3729.0
1719345695.2615526,1.0,6867.0
1719345695.4043992,20.0,10517.0
1719345695.5454,81.0,31673.0
1719345695.6999323,99.0,31673.0
1719345695.86709,99.0,33987.0
1719345696.0306485,50.0,50893.0
1719345696.204123,71.0,50893.0
1719345696.368867,100.0,50895.0
1719345696.5535202,89.0,50897.0
1719345696.7144291,89.0,50911.0
1719345696.902157,7.0,50911.0
1719345697.0653794,7.0,50911.0
1719345697.247369,0.0,50911.0
1719345697.420259,0.0,50911.0
1719345697.5798554,0.0,50911.0
1719345697.780438,0.0,50911.0
1719345697.9923372,0.0,50911.0
1719345698.1839526,0.0,50911.0
1719345698.3546257,0.0,50911.0
1719345698.5616293,0.0,50911.0
1719345698.711975,0.0,50911.0
1719345698.892306,0.0,50911.0
1719345699.072147,0.0,50911.0
1719345699.2223198,0.0,50911.0
1719345699.3664198,0.0,50911.0
1719345699.517292,0.0,50911.0
1719345699.6625957,74.0,50911.0
1719345699.8047101,100.0,50911.0
1719345699.9616487,94.0,50911.0
1719345700.1294618,100.0,50911.0
1719345700.3147788,100.0,50911.0
1719345700.4750707,100.0,50911.0
1719345700.6642098,100.0,50911.0
1719345700.8220377,7.0,50911.0
1719345700.981721,0.0,50911.0
1719345701.1465504,0.0,50911.0
1719345701.302377,0.0,50911.0
1719345701.4810076,0.0,50911.0
1719345701.6475248,0.0,50911.0
1719345701.8180854,0.0,50911.0
1719345702.0026343,0.0,50911.0
1719345702.2019644,0.0,50911.0
1719345702.4109387,0.0,50911.0
1719345702.5955977,0.0,50911.0
1719345702.7647238,0.0,50911.0
1719345702.952593,0.0,50911.0
1719345703.118495,0.0,50911.0
1719345703.2883933,0.0,50911.0
1719345703.4326994,0.0,50911.0
1719345703.5777452,0.0,50911.0
1719345703.7215722,0.0,50911.0
1719345703.868222,84.0,50911.0
1719345704.0126178,100.0,50911.0
1719345704.1902835,100.0,50911.0
1719345704.3681579,94.0,50911.0
1719345704.5396373,100.0,50911.0
1719345704.7055008,100.0,50911.0
1719345704.8839865,98.0,50911.0
1719345705.0441816,0.0,50911.0
1719345705.2146368,0.0,50911.0
1719345705.36683,0.0,50911.0
1719345705.5348983,0.0,50911.0
1719345705.698526,0.0,50911.0
1719345705.8686402,0.0,50911.0
1719345706.0409248,0.0,50911.0
1719345706.254153,0.0,50911.0
1719345706.463739,0.0,50911.0
1719345706.6827767,0.0,50911.0
1719345706.8413124,0.0,50911.0
1719345707.0519915,0.0,50911.0
1719345707.2136118,0.0,50911.0
1719345707.3943036,0.0,50911.0
1719345707.563727,0.0,50911.0
1719345707.7066126,0.0,50911.0
1719345707.849976,0.0,50911.0
1719345707.9933407,0.0,50911.0
1719345708.1397715,84.0,50911.0
1719345708.2827168,100.0,50911.0
1719345708.4675524,99.0,50911.0
1719345708.641315,100.0,50911.0
1719345708.8209233,100.0,50911.0
1719345708.985523,92.0,50911.0
1719345709.1886725,92.0,50911.0
1719345709.3711126,1.0,50911.0
1719345709.541745,0.0,50911.0
1719345709.7224057,0.0,50911.0
1719345709.893685,0.0,50911.0
1719345710.0720532,0.0,50911.0
1719345710.2455206,0.0,50911.0
1719345710.406136,0.0,50911.0
1719345710.6138694,0.0,50911.0
1719345710.788028,0.0,50911.0
1719345710.997653,0.0,50911.0
1719345711.1787837,0.0,50911.0
1719345711.3448026,0.0,50911.0
1719345711.5194309,0.0,50911.0
1719345711.692981,0.0,50911.0
1719345711.8530133,0.0,50911.0
1719345711.9975781,0.0,50911.0
1719345712.1411045,0.0,50911.0
1719345712.2849972,62.0,50911.0
1719345712.433053,62.0,50911.0
1719345712.5983384,100.0,50911.0
1719345712.7840433,100.0,50911.0
1719345712.9497948,100.0,50911.0
1719345713.1215837,100.0,50911.0
1719345713.3024585,100.0,50911.0
1719345713.4851508,12.0,50911.0
1719345713.6438692,0.0,50911.0
1719345713.8107839,0.0,50911.0
1719345713.975072,0.0,50911.0
1719345714.160525,0.0,50911.0
1719345714.313877,0.0,50911.0
1719345714.4835596,0.0,50911.0
1719345714.6363206,0.0,50911.0
1719345714.8459272,0.0,50911.0
1719345715.0460646,0.0,50911.0
1719345715.279331,0.0,50911.0
1719345715.4895418,0.0,50911.0
1719345715.683057,0.0,50911.0
1719345715.839569,0.0,50911.0
1719345716.014327,0.0,50911.0
1719345716.162958,0.0,50911.0
1719345716.3089325,0.0,50911.0
1719345716.452968,0.0,50911.0
1719345716.5980787,28.0,50911.0
1719345716.743878,100.0,50911.0
1719345716.8869748,99.0,50911.0
1719345717.0503635,100.0,50911.0
1719345717.2199109,100.0,50911.0
1719345717.3978465,100.0,50911.0
1719345717.614947,56.0,50911.0
1719345717.7921064,56.0,50911.0
1719345717.9799159,0.0,50911.0
1719345718.1317542,0.0,50911.0
1719345718.2959547,0.0,50911.0
1719345718.4555452,0.0,50911.0
1719345718.6374884,0.0,50911.0
1719345718.8101482,0.0,50911.0
1719345719.0458047,0.0,50911.0
1719345719.263508,0.0,50911.0
1719345719.473264,0.0,50911.0
1719345719.638621,0.0,50911.0
1719345719.8426485,0.0,50911.0
1719345719.9946542,0.0,50911.0
1719345720.1589167,0.0,50911.0
1719345720.3252501,0.0,50911.0
1719345720.4683092,0.0,50911.0
1719345720.6190937,0.0,50911.0
1719345720.7664485,33.0,50911.0
1719345720.9162548,100.0,50911.0
1719345721.0621264,99.0,50911.0
1719345721.2823677,99.0,50911.0
1719345721.451727,100.0,50911.0
1719345721.653375,100.0,50911.0
1719345721.8368607,51.0,50911.0
1719345722.017563,51.0,50911.0
1719345722.185908,0.0,50911.0
1719345722.3389878,0.0,50911.0
1719345722.5053136,0.0,50911.0
1719345722.671381,0.0,50911.0
1719345722.834011,0.0,50911.0
1719345723.0088317,0.0,50911.0
1719345723.1631334,0.0,50911.0
1719345723.3920739,0.0,50911.0
1719345723.5534275,0.0,50911.0
1719345723.7812982,0.0,50911.0
1719345723.9620242,0.0,50911.0
1719345724.1279247,0.0,50911.0
1719345724.2896395,0.0,50911.0
1719345724.4645925,0.0,50911.0
1719345724.632018,0.0,50911.0
1719345724.7759051,0.0,50911.0
1719345724.9206367,0.0,50911.0
1719345725.0645812,10.0,50911.0
1719345725.2129993,100.0,50911.0
1719345725.354985,99.0,50911.0
1719345725.5351136,100.0,50911.0
1719345725.7026217,100.0,50911.0
1719345725.8921537,100.0,50911.0
1719345726.0712814,100.0,50911.0
1719345726.2316887,71.0,50911.0
1719345726.386125,0.0,50911.0
1719345726.5698473,0.0,50911.0
1719345726.7281957,0.0,50911.0
1719345726.8945868,0.0,50911.0
1719345727.0587833,0.0,50911.0
1719345727.2233908,0.0,50911.0
1719345727.3758817,0.0,50911.0
1719345727.5740035,0.0,50911.0
1719345727.7711313,0.0,50911.0
1719345727.9709878,0.0,50911.0
1719345728.1366563,0.0,50911.0
1719345728.351309,0.0,50911.0
1719345728.5091262,0.0,50911.0
1719345728.6806495,0.0,50911.0
1719345728.839438,0.0,50911.0
1719345728.983083,0.0,50911.0
1719345729.1271586,0.0,50911.0
1719345729.2753994,11.0,50911.0
1719345729.4262166,100.0,50911.0
1719345729.574825,99.0,50911.0
1719345729.7501452,100.0,50911.0
1719345729.918539,100.0,50911.0
1719345730.098166,100.0,50911.0
1719345730.2619822,100.0,50911.0
1719345730.4441886,70.0,50911.0
1719345730.5953035,0.0,50911.0
1719345730.7586505,0.0,50911.0
1719345730.9139736,0.0,50911.0
1719345731.067344,0.0,50911.0
1719345731.2365966,0.0,50911.0
1719345731.4078436,0.0,50911.0
1719345731.573621,0.0,50911.0
1719345731.7819963,0.0,50911.0
1719345731.9948714,0.0,50911.0
1719345732.163945,0.0,50911.0
1719345732.3464832,0.0,50911.0
1719345732.5315218,0.0,50911.0
1719345732.7044208,0.0,50911.0
1719345732.8919501,0.0,50911.0
1719345733.0509846,0.0,50911.0
1719345733.1955419,0.0,50911.0
1719345733.3397458,0.0,50911.0
1719345733.4835265,0.0,50911.0
1719345733.6289732,82.0,50911.0
1719345733.7723415,82.0,50911.0
1719345733.922394,98.0,50911.0
1719345734.111556,100.0,50911.0
1719345734.2914896,100.0,50911.0
1719345734.4593122,100.0,50911.0
1719345734.6441178,97.0,50911.0
1719345734.8126297,98.0,50911.0
1719345734.9862936,97.0,50911.0
1719345735.1384885,98.0,50911.0
1719345735.31001,98.0,50911.0
1719345735.4846485,96.0,50911.0
1719345735.6638927,95.0,50911.0
1719345735.833931,99.0,50911.0
1719345735.9935615,95.0,50911.0
1719345736.2324696,99.0,50911.0
1719345736.408523,96.0,50911.0
1719345736.6187935,99.0,50911.0
1719345736.7945876,96.0,50911.0
1719345737.0009615,99.0,50911.0
1719345737.1488235,97.0,50911.0
1719345737.3266878,97.0,50911.0
1719345737.5013103,98.0,50911.0
1719345737.655896,96.0,50911.0
1719345737.801087,99.0,50911.0
1719345737.9450138,99.0,50911.0
1719345738.0899355,98.0,50911.0
1719345738.234308,98.0,50911.0
1719345738.3781626,98.0,50911.0
1719345738.5567997,98.0,50911.0
1719345738.7268841,93.0,50911.0
1719345738.909098,96.0,50911.0
1719345739.0854816,100.0,50911.0
1719345739.28279,99.0,50911.0
1719345739.4375815,100.0,50911.0
1719345739.6017845,100.0,50911.0
1719345739.7749567,74.0,50911.0
1719345739.9430096,0.0,50911.0
1719345740.1128407,0.0,50911.0
1719345740.277373,0.0,50911.0
1719345740.4298873,0.0,50911.0
1719345740.6298394,0.0,50911.0
1719345740.8378952,0.0,50911.0
1719345741.0454473,0.0,50911.0
1719345741.1935666,0.0,50911.0
1719345741.4065282,0.0,50911.0
1719345741.5523129,0.0,50911.0
1719345741.7201004,0.0,50911.0
1719345741.8883302,0.0,50911.0
1719345742.0324712,0.0,50911.0
1719345742.1769733,0.0,50911.0
1719345742.3246844,1.0,50911.0
1719345742.4703329,100.0,50911.0
1719345742.6133652,100.0,50911.0
1719345742.8064723,100.0,50911.0
1719345742.9686897,99.0,50911.0
1719345743.156102,100.0,50911.0
1719345743.331933,100.0,50911.0
1719345743.5132298,79.0,50911.0
1719345743.6644099,0.0,50911.0
1719345743.831797,0.0,50911.0
1719345743.984768,0.0,50911.0
1719345744.1413867,0.0,50911.0
1719345744.3100154,0.0,50911.0
1719345744.4834392,0.0,50911.0
1719345744.639484,0.0,50911.0
1719345744.8499866,0.0,50911.0
1719345745.066016,0.0,50911.0
1719345745.2785594,0.0,50911.0
1719345745.429404,0.0,50911.0
1719345745.6393244,0.0,50911.0
1719345745.8047998,0.0,50911.0
1719345745.9746788,0.0,50911.0
1719345746.1436574,0.0,50911.0
1719345746.2879403,0.0,50911.0
1719345746.4331129,0.0,50911.0
1719345746.5796177,16.0,50911.0
1719345746.7287889,100.0,50911.0
1719345746.8731313,99.0,50911.0
1719345747.0607836,99.0,50911.0
1719345747.2338321,100.0,50911.0
1719345747.4168189,100.0,50911.0
1719345747.5798252,66.0,50911.0
1719345747.7675261,66.0,50911.0
1719345747.924057,0.0,50911.0
1719345748.0884879,0.0,50911.0
1719345748.2645903,0.0,50911.0
1719345748.4412243,0.0,50911.0
1719345748.6291037,0.0,50911.0
1719345748.7922685,0.0,50911.0
1719345748.980427,0.0,50911.0
1719345749.1918712,0.0,50911.0
1719345749.413856,0.0,50911.0
1719345749.5988715,0.0,50911.0
1719345749.793808,0.0,50911.0
1719345749.957308,0.0,50911.0
1719345750.1323857,0.0,50911.0
1719345750.2959538,0.0,50911.0
1719345750.446565,0.0,50911.0
1719345750.595357,0.0,50911.0
1719345750.7456944,14.0,50911.0
1719345750.8980484,100.0,50911.0
1719345751.0514007,99.0,50911.0
1719345751.2235944,100.0,50911.0
1719345751.4053051,100.0,50911.0
1719345751.570018,100.0,50911.0
1719345751.734888,100.0,50911.0
1719345751.9066525,68.0,50911.0
1719345752.0972366,0.0,50911.0
1719345752.2779312,0.0,50911.0
1719345752.4318993,0.0,50911.0
1719345752.5879877,0.0,50911.0
1719345752.7666981,0.0,50911.0
1719345752.9455252,0.0,50911.0
1719345753.1075242,0.0,50911.0
1719345753.3233159,0.0,50911.0
1719345753.5350373,0.0,50911.0
1719345753.7459455,0.0,50911.0
1719345753.8960228,0.0,50911.0
1719345754.1081111,0.0,50911.0
1719345754.2538254,0.0,50911.0
1719345754.4375086,0.0,50911.0
1719345754.6031969,0.0,50911.0
1719345754.7489045,0.0,50911.0
1719345754.8928673,0.0,50911.0
1719345755.0390384,0.0,50911.0
1719345755.1850083,73.0,50911.0
1719345755.32976,73.0,50911.0
1719345755.4768474,94.0,50911.0
1719345755.6675386,100.0,50911.0
1719345755.8482416,100.0,50911.0
1719345756.0249767,100.0,50911.0
1719345756.1907072,100.0,50911.0
1719345756.3553967,9.0,50911.0
1719345756.517272,0.0,50911.0
1719345756.692793,0.0,50911.0
1719345756.8470206,0.0,50911.0
1719345757.0274231,0.0,50911.0
1719345757.205508,0.0,50911.0
1719345757.3644643,0.0,50911.0
1719345757.5221605,0.0,50911.0
1719345757.7391546,0.0,50911.0
1719345757.913031,0.0,50911.0
1719345758.1368358,0.0,50911.0
1719345758.3219273,0.0,50911.0
1719345758.4920723,0.0,50911.0
1719345758.6498113,0.0,50911.0
1719345758.8081138,0.0,50911.0
1719345758.9775283,0.0,50911.0
1719345759.1241028,0.0,50911.0
1719345759.268395,0.0,50911.0
1719345759.4118457,0.0,50911.0
1719345759.5566413,78.0,50911.0
1719345759.700949,100.0,50911.0
1719345759.8714242,99.0,50911.0
1719345760.0521696,99.0,50911.0
1719345760.2225912,100.0,50911.0
1719345760.3976645,100.0,50911.0
1719345760.580383,99.0,50911.0
1719345760.7748094,1.0,50911.0
1719345760.9283528,0.0,50911.0
1719345761.094082,0.0,50911.0
1719345761.2623317,0.0,50911.0
1719345761.4488876,0.0,50911.0
1719345761.6234965,0.0,50911.0
1719345761.7949367,0.0,50911.0
1719345761.9487653,0.0,50911.0
1719345762.163396,0.0,50911.0
1719345762.3481972,0.0,50911.0
1719345762.5690868,0.0,50911.0
1719345762.8036451,0.0,50911.0
1719345762.9965472,0.0,50911.0
1719345763.1701717,0.0,50911.0
1719345763.3605995,0.0,50911.0
1719345763.505449,0.0,50911.0
1719345763.652482,0.0,50911.0
1719345763.802102,21.0,50911.0
1719345763.953012,100.0,50911.0
1719345764.1001096,100.0,50911.0
1719345764.2501798,99.0,50911.0
1719345764.4269855,100.0,50911.0
1719345764.6148887,100.0,50911.0
1719345764.7909899,100.0,50911.0
1719345764.9622858,61.0,50911.0
1719345765.1388361,0.0,50911.0
1719345765.2969735,0.0,50911.0
1719345765.4626663,0.0,50911.0
1719345765.6133041,0.0,50911.0
1719345765.768813,0.0,50911.0
1719345765.9430144,0.0,50911.0
1719345766.1117198,0.0,50911.0
1719345766.2697167,0.0,50911.0
1719345766.4574714,0.0,50911.0
1719345766.6802092,0.0,50911.0
1719345766.8961227,0.0,50911.0
1719345767.0952425,0.0,50911.0
1719345767.3016968,0.0,50911.0
1719345767.4701068,0.0,50911.0
1719345767.642481,0.0,50911.0
1719345767.8122532,0.0,50911.0
1719345767.9595542,0.0,50911.0
1719345768.1061468,0.0,50911.0
1719345768.2534962,0.0,50911.0
1719345768.4007006,98.0,50911.0
1719345768.5462053,98.0,50911.0
1719345768.7212284,100.0,50911.0
1719345768.9015684,100.0,50911.0
1719345769.0823278,100.0,50911.0
1719345769.2654579,100.0,50911.0
1719345769.441119,82.0,50911.0
1719345769.6430678,0.0,50911.0
1719345769.8041697,0.0,50911.0
1719345769.968676,0.0,50911.0
1719345770.1265552,0.0,50911.0
1719345770.3083057,0.0,50911.0
1719345770.4694922,0.0,50911.0
1719345770.6424372,0.0,50911.0
1719345770.8005855,0.0,50911.0
1719345771.0156007,0.0,50911.0
1719345771.233344,0.0,50911.0
1719345771.436097,0.0,50911.0
1719345771.6273603,0.0,50911.0
1719345771.818523,0.0,50911.0
1719345771.9682004,0.0,50911.0
1719345772.1418524,0.0,50911.0
1719345772.3137095,0.0,50911.0
1719345772.4602137,0.0,50911.0
1719345772.6063967,0.0,50911.0
1719345772.754869,0.0,50911.0
1719345772.904179,61.0,50911.0
1719345773.0543587,100.0,50911.0
1719345773.2072842,98.0,50911.0
1719345773.393531,100.0,50911.0
1719345773.5652192,100.0,50911.0
1719345773.762165,100.0,50911.0
1719345773.9295213,100.0,50911.0
1719345774.1027565,0.0,50911.0
1719345774.3207047,0.0,50911.0
1719345774.5039008,0.0,50911.0
1719345774.6637242,0.0,50911.0
1719345774.8290515,0.0,50911.0
1719345775.01409,0.0,50911.0
1719345775.198496,0.0,50911.0
1719345775.3884645,0.0,50911.0
1719345775.545668,0.0,50911.0
1719345775.79382,0.0,50911.0
1719345776.031396,0.0,50911.0
1719345776.2348552,0.0,50911.0
1719345776.4638999,0.0,50911.0
1719345776.6252623,0.0,50911.0
1719345776.8148396,0.0,50911.0
1719345776.9836109,0.0,50911.0
1719345777.132019,0.0,50911.0
1719345777.2822306,0.0,50911.0
1719345777.4308183,0.0,50911.0
1719345777.581081,23.0,50911.0
1719345777.7294064,100.0,50911.0
1719345777.8785915,99.0,50911.0
1719345778.0284598,100.0,50911.0
1719345778.2462275,100.0,50911.0
1719345778.417947,100.0,50911.0
1719345778.595985,95.0,50911.0
1719345778.7673416,100.0,50911.0
1719345778.9579005,100.0,50911.0
1719345779.124706,94.0,50911.0
1719345779.3124354,100.0,50911.0
1719345779.4859052,84.0,50911.0
1719345779.6621704,100.0,50911.0
1719345779.8312683,96.0,50911.0
1719345780.0186017,100.0,50911.0
1719345780.1811752,96.0,50911.0
1719345780.4264607,100.0,50911.0
1719345780.6438475,96.0,50911.0
1719345780.8676176,100.0,50911.0
1719345781.0372603,96.0,50911.0
1719345781.2715437,100.0,50911.0
1719345781.4352984,95.0,50911.0
1719345781.6246061,95.0,50911.0
1719345781.7945762,100.0,50911.0
1719345781.944245,97.0,50911.0
1719345782.0996702,100.0,50911.0
1719345782.251895,100.0,50911.0
1719345782.401987,100.0,50911.0
1719345782.5520694,100.0,50911.0
1719345782.7017405,94.0,50911.0
1719345782.8551965,100.0,50911.0
1719345783.0325973,98.0,50911.0
1719345783.2105687,100.0,50911.0
1719345783.3871279,100.0,50911.0
1719345783.5581722,100.0,50911.0
1719345783.7433772,100.0,50911.0
1719345783.9063337,36.0,50911.0
1719345784.0992808,0.0,50911.0
1719345784.2581239,0.0,50911.0
1719345784.4172797,0.0,50911.0
1719345784.5935137,0.0,50911.0
1719345784.775436,0.0,50911.0
1719345784.9501755,0.0,50911.0
1719345785.1727574,0.0,50911.0
1719345785.3941088,0.0,50911.0
1719345785.6331303,0.0,50911.0
1719345785.8282886,0.0,50911.0
1719345785.9996183,0.0,50911.0
1719345786.1606135,0.0,50911.0
1719345786.3371003,0.0,50911.0
1719345786.5117474,0.0,50911.0
1719345786.660943,0.0,50911.0
1719345786.8091884,0.0,50911.0
1719345786.9594743,25.0,50911.0
1719345787.1084657,100.0,50911.0
1719345787.2565978,100.0,50911.0
1719345787.4271574,99.0,50911.0
1719345787.6055505,100.0,50911.0
1719345787.7826061,100.0,50911.0
1719345787.9629405,100.0,50911.0
1719345788.1444385,58.0,50911.0
1719345788.3392944,0.0,50911.0
1719345788.4942477,0.0,50911.0
1719345788.6599562,0.0,50911.0
1719345788.816562,0.0,50911.0
1719345788.9766502,0.0,50911.0
1719345789.247427,0.0,50911.0
1719345789.418141,0.0,50911.0
1719345789.5925899,0.0,50911.0
1719345789.8381035,0.0,50911.0
1719345790.0325844,0.0,50911.0
1719345790.2693646,0.0,50911.0
1719345790.5053937,0.0,50911.0
1719345790.684583,0.0,50911.0
1719345790.863846,0.0,50911.0
1719345791.0500324,0.0,50911.0
1719345791.1983101,0.0,50911.0
1719345791.3455923,0.0,50911.0
1719345791.4940495,0.0,50911.0
1719345791.6445663,100.0,50911.0
1719345791.7934139,100.0,50911.0
1719345791.9428313,99.0,50911.0
1719345792.114476,100.0,50911.0
1719345792.296189,100.0,50911.0
1719345792.4827352,100.0,50911.0
1719345792.6750417,46.0,50911.0
1719345792.8676834,0.0,50911.0
1719345793.0477643,0.0,50911.0
1719345793.2674963,0.0,50911.0
1719345793.4255462,0.0,50911.0
1719345793.5861228,0.0,50911.0
1719345793.7410495,0.0,50911.0
1719345793.9147198,0.0,50911.0
1719345794.097946,0.0,50911.0
1719345794.274896,0.0,50911.0
1719345794.4984775,0.0,50911.0
1719345794.7125702,0.0,50911.0
1719345794.9541678,0.0,50911.0
1719345795.177868,0.0,50911.0
1719345795.372931,0.0,50911.0
1719345795.5581198,0.0,50911.0
1719345795.7419984,0.0,50911.0
1719345795.8963385,0.0,50911.0
1719345796.0451376,0.0,50911.0
1719345796.1938496,0.0,50911.0
1719345796.3435388,88.0,50911.0
1719345796.492268,88.0,50911.0
1719345796.6859698,100.0,50911.0
1719345796.8776643,100.0,50911.0
1719345797.076578,100.0,50911.0
1719345797.2771509,100.0,50911.0
1719345797.4696817,90.0,50911.0
1719345797.660248,0.0,50911.0
1719345797.822178,0.0,50911.0
1719345797.99818,0.0,50911.0
1719345798.170583,0.0,50911.0
1719345798.3323941,0.0,50911.0
1719345798.5069113,0.0,50911.0
1719345798.6920285,0.0,50911.0
1719345798.853395,0.0,50911.0
1719345799.0980465,0.0,50911.0
1719345799.3080173,0.0,50911.0
1719345799.5163746,0.0,50911.0
1719345799.7143114,0.0,50911.0
1719345799.925898,0.0,50911.0
1719345800.10687,0.0,50911.0
1719345800.2868872,0.0,50911.0
1719345800.4626455,0.0,50911.0
1719345800.6166475,0.0,50911.0
1719345800.765549,0.0,50911.0
1719345800.917612,0.0,50911.0
1719345801.0677025,70.0,50911.0
1719345801.2162156,100.0,50911.0
1719345801.3696487,99.0,50911.0
1719345801.579301,100.0,50911.0
1719345801.7587035,100.0,50911.0
1719345801.9442492,100.0,50911.0
1719345802.128397,6.0,50911.0
1719345802.3090436,6.0,50911.0
1719345802.4727643,0.0,50911.0
1719345802.6635783,0.0,50911.0
1719345802.8338788,0.0,50911.0
1719345803.0215538,0.0,50911.0
1719345803.210734,0.0,50911.0
1719345803.396041,0.0,50911.0
1719345803.557539,0.0,50911.0
1719345803.798763,0.0,50911.0
1719345803.9652343,0.0,50911.0
1719345804.2031484,0.0,50911.0
1719345804.4405768,0.0,50911.0
1719345804.647493,0.0,50911.0
1719345804.8335068,0.0,50911.0
1719345805.00195,0.0,50911.0
1719345805.1519122,0.0,50911.0
1719345805.3068264,0.0,50911.0
1719345805.4552417,0.0,50911.0
1719345805.6055534,91.0,50911.0
1719345805.7545047,91.0,50911.0
1719345805.9296093,99.0,50911.0
1719345806.0815775,99.0,50911.0
1719345806.2765305,100.0,50911.0
1719345806.4780602,100.0,50911.0
1719345806.6621652,88.0,50911.0
1719345806.8438897,0.0,50911.0
1719345807.0486279,0.0,50911.0
1719345807.21843,0.0,50911.0
1719345807.3719254,0.0,50911.0
1719345807.5463033,0.0,50911.0
1719345807.7261822,0.0,50911.0
1719345807.8983781,0.0,50911.0
1719345808.0812256,0.0,50911.0
1719345808.3227315,0.0,50911.0
1719345808.5501547,0.0,50911.0
1719345808.7730217,0.0,50911.0
1719345808.9454124,0.0,50911.0
1719345809.150726,0.0,50911.0
1719345809.314962,0.0,50911.0
1719345809.4867036,0.0,50911.0
1719345809.6560686,0.0,50911.0
1719345809.804933,0.0,50911.0
1719345809.9594963,0.0,50911.0
1719345810.1074474,0.0,50911.0
1719345810.2578256,74.0,50911.0
1719345810.4074452,100.0,50911.0
1719345810.5584896,99.0,50911.0
1719345810.7121081,99.0,50911.0
1719345810.8900216,100.0,50911.0
1719345811.082897,100.0,50911.0
1719345811.2566562,100.0,50911.0
1719345811.4309409,4.0,50911.0
1719345811.6167722,0.0,50911.0
1719345811.7765377,0.0,50911.0
1719345811.9503324,0.0,50911.0
1719345812.1095593,0.0,50911.0
1719345812.2701633,0.0,50911.0
1719345812.452633,0.0,50911.0
1719345812.6192498,0.0,50911.0
1719345812.7909553,0.0,50911.0
1719345812.9536102,0.0,50911.0
1719345813.193276,0.0,50911.0
1719345813.411702,0.0,50911.0
1719345813.6323879,0.0,50911.0
1719345813.8213174,0.0,50911.0
1719345814.015864,0.0,50911.0
1719345814.1770937,0.0,50911.0
1719345814.3559437,0.0,50911.0
1719345814.534178,0.0,50911.0
1719345814.6861389,0.0,50911.0
1719345814.8350134,0.0,50911.0
1719345814.9873886,81.0,50911.0
1719345815.1368477,81.0,50911.0
1719345815.285901,100.0,50911.0
1719345815.4375992,99.0,50911.0
1719345815.6143844,100.0,50911.0
1719345815.7927132,100.0,50911.0
1719345815.987673,96.0,50911.0
1719345816.166707,1.0,50911.0
1719345816.3636127,1.0,50911.0
1719345816.5230548,0.0,50911.0
1719345816.692443,0.0,50911.0
1719345816.8482094,0.0,50911.0
1719345817.032248,0.0,50911.0
1719345817.2015035,0.0,50911.0
1719345817.3762653,0.0,50911.0
1719345817.5711634,0.0,50911.0
1719345817.732197,0.0,50911.0
1719345817.9620905,0.0,50911.0
1719345818.1418924,0.0,50911.0
1719345818.366903,0.0,50911.0
1719345818.5901434,0.0,50911.0
1719345818.7922916,0.0,50911.0
1719345818.964273,0.0,50911.0
1719345819.1445622,0.0,50911.0
1719345819.2981794,0.0,50911.0
1719345819.4516737,0.0,50911.0
1719345819.6002123,0.0,50911.0
1719345819.7493968,21.0,50911.0
1719345819.9018946,100.0,50911.0
1719345820.050873,98.0,50911.0
1719345820.203269,100.0,50911.0
1719345820.3901422,100.0,50911.0
1719345820.5781727,100.0,50911.0
1719345820.7526572,100.0,50911.0
1719345820.9374483,62.0,50911.0
1719345821.1075354,0.0,50911.0
1719345821.2850466,0.0,50911.0
1719345821.4584858,0.0,50911.0
1719345821.6164498,0.0,50911.0
1719345821.79683,0.0,50911.0
1719345821.9861863,0.0,50911.0
1719345822.1712458,0.0,50911.0
1719345822.3472083,0.0,50911.0
1719345822.5461705,0.0,50911.0
1719345822.775375,0.0,50911.0
1719345823.0080507,0.0,50911.0
1719345823.1903906,0.0,50911.0
1719345823.4163892,0.0,50911.0
1719345823.5705645,0.0,50911.0
1719345823.72968,0.0,50911.0
1719345823.9105194,0.0,50911.0
1719345824.082182,0.0,50911.0
1719345824.233328,0.0,50911.0
1719345824.3811798,0.0,50911.0
1719345824.5312538,29.0,50911.0
1719345824.6836772,29.0,50911.0
1719345824.8338351,99.0,50911.0
1719345824.984685,100.0,50911.0
1719345825.192876,100.0,50911.0
1719345825.3780446,100.0,50911.0
1719345825.5591471,100.0,50911.0
1719345825.742533,85.0,50911.0
1719345825.927215,100.0,50911.0
1719345826.0875747,97.0,50911.0
1719345826.274434,100.0,50911.0
1719345826.4406023,96.0,50911.0
1719345826.6087775,100.0,50911.0
1719345826.8108087,100.0,50911.0
1719345826.986405,97.0,50911.0
1719345827.1599119,100.0,50911.0
1719345827.3243723,97.0,50911.0
1719345827.5638769,100.0,50911.0
1719345827.7374792,91.0,50911.0
1719345827.9836667,100.0,50911.0
1719345828.196876,94.0,50911.0
1719345828.3824131,100.0,50911.0
1719345828.5495646,95.0,50911.0
1719345828.7150695,100.0,50911.0
1719345828.890226,97.0,50911.0
1719345829.0535288,97.0,50911.0
1719345829.204139,100.0,50911.0
1719345829.3556623,92.0,50911.0
1719345829.5060446,100.0,50911.0
1719345829.655559,100.0,50911.0
1719345829.804635,99.0,50911.0
1719345829.9621694,100.0,50911.0
1719345830.146597,99.0,50911.0
1719345830.338607,100.0,50911.0
1719345830.5044687,100.0,50911.0
1719345830.6753762,100.0,50911.0
1719345830.874932,100.0,50911.0
1719345831.0792973,30.0,50911.0
1719345831.2494318,0.0,50911.0
1719345831.4144883,0.0,50911.0
1719345831.571467,0.0,50911.0
1719345831.755292,0.0,50911.0
1719345831.9381225,0.0,50911.0
1719345832.104175,0.0,50911.0
1719345832.3048549,0.0,50911.0
1719345832.541286,0.0,50911.0
1719345832.7818909,0.0,50911.0
1719345832.977732,0.0,50911.0
1719345833.1916866,0.0,50911.0
1719345833.35771,0.0,50911.0
1719345833.533827,0.0,50911.0
1719345833.7136447,0.0,50911.0
1719345833.8667035,0.0,50911.0
1719345834.0160177,0.0,50911.0
1719345834.1748421,38.0,50911.0
1719345834.3240216,38.0,50911.0
1719345834.4734578,100.0,50911.0
1719345834.625525,99.0,50911.0
1719345834.8243895,100.0,50911.0
1719345835.010702,100.0,50911.0
1719345835.1935437,100.0,50911.0
1719345835.3735921,47.0,50911.0
1719345835.5684965,0.0,50911.0
1719345835.7269993,0.0,50911.0
1719345835.913607,0.0,50911.0
1719345836.075042,0.0,50911.0
1719345836.2357218,0.0,50911.0
1719345836.4084888,0.0,50911.0
1719345836.5928874,0.0,50911.0
1719345836.7758188,0.0,50911.0
1719345836.9511838,0.0,50911.0
1719345837.1749787,0.0,50911.0
1719345837.3778305,0.0,50911.0
1719345837.6143115,0.0,50911.0
1719345837.8465505,0.0,50911.0
1719345838.0020335,0.0,50911.0
1719345838.1816988,0.0,50911.0
1719345838.3587723,0.0,50911.0
1719345838.509576,0.0,50911.0
1719345838.6646516,0.0,50911.0
1719345838.8128464,0.0,50911.0
1719345838.9641893,99.0,50911.0
1719345839.1120718,100.0,50911.0
1719345839.2935288,100.0,50911.0
1719345839.4517906,99.0,50911.0
1719345839.620887,100.0,50911.0
1719345839.806158,100.0,50911.0
1719345839.9962134,80.0,50911.0
1719345840.1831489,0.0,50911.0
1719345840.377078,0.0,50911.0
1719345840.537608,0.0,50911.0
1719345840.7077277,0.0,50911.0
1719345840.8646946,0.0,50911.0
1719345841.0310621,0.0,50911.0
1719345841.195352,0.0,50911.0
1719345841.3872082,0.0,50911.0
1719345841.5715547,0.0,50911.0
1719345841.736081,0.0,50911.0
1719345841.9606524,0.0,50911.0
1719345842.1491299,0.0,50911.0
1719345842.392447,0.0,50911.0
1719345842.6336648,0.0,50911.0
1719345842.8114812,0.0,50911.0
1719345842.9917169,0.0,50911.0
1719345843.16887,0.0,50911.0
1719345843.3182387,0.0,50911.0
1719345843.4682539,0.0,50911.0
1719345843.6168966,15.0,50911.0
1719345843.7677443,100.0,50911.0
1719345843.9177122,100.0,50911.0
1719345844.0705388,98.0,50911.0
1719345844.2460282,100.0,50911.0
1719345844.4467814,100.0,50911.0
1719345844.6177084,100.0,50911.0
1719345844.7886655,68.0,50911.0
1719345844.9669883,0.0,50911.0
1719345845.1610894,0.0,50911.0
1719345845.3457596,0.0,50911.0
1719345845.5084674,0.0,50911.0
1719345845.6775556,0.0,50911.0
1719345845.8704479,0.0,50911.0
1719345846.0332172,0.0,50911.0
1719345846.2063477,0.0,50911.0
1719345846.3706043,0.0,50911.0
1719345846.5929506,0.0,50911.0
1719345846.8181684,0.0,50911.0
1719345847.028331,0.0,50911.0
1719345847.22487,0.0,50911.0
1719345847.4225867,0.0,50911.0
1719345847.5820076,0.0,50911.0
1719345847.7764177,0.0,50911.0
1719345847.9609427,0.0,50911.0
1719345848.1103945,0.0,50911.0
1719345848.2607331,0.0,50911.0
1719345848.4119081,0.0,50911.0
1719345848.5609114,62.0,50911.0
1719345848.7099345,100.0,50911.0
1719345848.8598063,99.0,50911.0
1719345849.0642111,100.0,50911.0
1719345849.2395775,100.0,50911.0
1719345849.426842,100.0,50911.0
1719345849.6339078,13.0,50911.0
1719345849.8300853,0.0,50911.0
1719345849.9838524,0.0,50911.0
1719345850.1665132,0.0,50911.0
1719345850.3351552,0.0,50911.0
1719345850.5022848,0.0,50911.0
1719345850.6742673,0.0,50911.0
1719345850.8458583,0.0,50911.0
1719345851.0220485,0.0,50911.0
1719345851.1987503,0.0,50911.0
1719345851.42898,0.0,50911.0
1719345851.6714249,0.0,50911.0
1719345851.8416057,0.0,50911.0
1719345852.0655286,0.0,50911.0
1719345852.226003,0.0,50911.0
1719345852.4157248,0.0,50911.0
1719345852.5909576,0.0,50911.0
1719345852.7578866,0.0,50911.0
1719345852.906968,0.0,50911.0
1719345853.0551035,0.0,50911.0
1719345853.208349,30.0,50911.0
1719345853.3569756,100.0,50911.0
1719345853.5093248,99.0,50911.0
1719345853.7105098,100.0,50911.0
1719345853.894451,100.0,50911.0
1719345854.0703752,100.0,50911.0
1719345854.2406902,54.0,50911.0
1719345854.4322248,54.0,50911.0
1719345854.6050727,0.0,50911.0
1719345854.8109043,0.0,50911.0
1719345854.9732065,0.0,50911.0
1719345855.1365056,0.0,50911.0
1719345855.3235302,0.0,50911.0
1719345855.5051112,0.0,50911.0
1719345855.6691365,0.0,50911.0
1719345855.9057178,0.0,50911.0
1719345856.1406853,0.0,50911.0
1719345856.3702989,0.0,50911.0
1719345856.5687091,0.0,50911.0
1719345856.7811182,0.0,50911.0
1719345856.9369738,0.0,50911.0
1719345857.1112924,0.0,50911.0
1719345857.2815394,0.0,50911.0
1719345857.4323509,0.0,50911.0
1719345857.5831966,0.0,50911.0
1719345857.7348833,20.0,50911.0
1719345857.8920736,100.0,50911.0
1719345858.0461023,100.0,50911.0
1719345858.2344954,99.0,50911.0
1719345858.4031537,100.0,50911.0
1719345858.5742989,100.0,50911.0
1719345858.751751,100.0,50911.0
1719345858.92617,62.0,50911.0
1719345859.099502,0.0,50911.0
1719345859.2663662,0.0,50911.0
1719345859.4403126,0.0,50911.0
1719345859.5986106,0.0,50911.0
1719345859.7628539,0.0,50911.0
1719345859.9433396,0.0,50911.0
1719345860.1201005,0.0,50911.0
1719345860.2981565,0.0,50911.0
1719345860.457244,0.0,50911.0
1719345860.7043853,0.0,50911.0
1719345860.8814175,0.0,50911.0
1719345861.1299736,0.0,50911.0
1719345861.373847,0.0,50911.0
1719345861.5529957,0.0,50911.0
1719345861.723268,0.0,50911.0
1719345861.9016888,0.0,50911.0
1719345862.0542169,0.0,50911.0
1719345862.2043188,0.0,50911.0
1719345862.3525412,0.0,50911.0
1719345862.5024245,59.0,50911.0
1719345862.6523597,59.0,50911.0
1719345862.8550477,100.0,50911.0
1719345863.015829,99.0,50911.0
1719345863.1948705,100.0,50911.0
1719345863.376818,100.0,50911.0
1719345863.5523508,100.0,50911.0
1719345863.7336066,16.0,50911.0
1719345863.9061935,0.0,50911.0
1719345864.0650272,0.0,50911.0
1719345864.2247405,0.0,50911.0
1719345864.3915963,0.0,50911.0
1719345864.556421,0.0,50911.0
1719345864.7292516,0.0,50911.0
1719345864.9090269,0.0,50911.0
1719345865.0702307,0.0,50911.0
1719345865.2317734,0.0,50911.0
1719345865.4655118,0.0,50911.0
1719345865.6653135,0.0,50911.0
1719345865.906178,0.0,50911.0
1719345866.137964,0.0,50911.0
1719345866.3149178,0.0,50911.0
1719345866.5086648,0.0,50911.0
1719345866.688108,0.0,50911.0
1719345866.8421507,0.0,50911.0
1719345866.9914906,0.0,50911.0
1719345867.139218,5.0,50911.0
1719345867.2875502,5.0,50911.0
1719345867.4359524,100.0,50911.0
1719345867.5838013,100.0,50911.0
1719345867.7316823,99.0,50911.0
1719345867.9136622,100.0,50911.0
1719345868.1153648,100.0,50911.0
1719345868.3005974,75.0,50911.0
1719345868.4823515,75.0,50911.0
1719345868.6994267,0.0,50911.0
1719345868.8643165,0.0,50911.0
1719345869.0301726,0.0,50911.0
1719345869.2199879,0.0,50911.0
1719345869.392839,0.0,50911.0
1719345869.553152,0.0,50911.0
1719345869.729746,0.0,50911.0
1719345869.8853965,0.0,50911.0
1719345870.1368368,0.0,50911.0
1719345870.3343613,0.0,50911.0
1719345870.5656776,0.0,50911.0
1719345870.8050842,0.0,50911.0
1719345870.986729,0.0,50911.0
1719345871.154168,0.0,50911.0
1719345871.3319147,0.0,50911.0
1719345871.4883816,0.0,50911.0
1719345871.6455798,0.0,50911.0
1719345871.7944725,0.0,50911.0
1719345871.9469316,56.0,50911.0
1719345872.0958204,56.0,50911.0
1719345872.2445471,100.0,50911.0
1719345872.3961294,99.0,50911.0
1719345872.564631,99.0,50911.0
1719345872.7423706,100.0,50911.0
1719345872.9106944,100.0,50911.0
1719345873.0986798,95.0,50911.0
1719345873.278173,95.0,50911.0
1719345873.4620047,100.0,50911.0
1719345873.6244025,95.0,50911.0
1719345873.793219,100.0,50911.0
1719345873.9769444,89.0,50911.0
1719345874.1598518,100.0,50911.0
1719345874.327573,100.0,50911.0
1719345874.5145316,96.0,50911.0
1719345874.6825256,97.0,50911.0
1719345874.9164753,100.0,50911.0
1719345875.1270833,96.0,50911.0
1719345875.340528,100.0,50911.0
1719345875.5146744,96.0,50911.0
1719345875.740298,100.0,50911.0
1719345875.9064374,100.0,50911.0
1719345876.0691476,96.0,50911.0
1719345876.2476006,100.0,50911.0
1719345876.399438,96.0,50911.0
1719345876.549157,96.0,50911.0
1719345876.7028725,100.0,50911.0
1719345876.8526552,97.0,50911.0
1719345877.0016139,100.0,50911.0
1719345877.1515403,100.0,50911.0
1719345877.3020627,99.0,50911.0
1719345877.4827118,100.0,50911.0
1719345877.6788058,98.0,50911.0
1719345877.8553188,100.0,50911.0
1719345878.0406094,100.0,50911.0
1719345878.2383418,78.0,50911.0
1719345878.3927853,0.0,50911.0
1719345878.5825396,0.0,50911.0
1719345878.7558262,0.0,50911.0
1719345878.9320405,0.0,50911.0
1719345879.1254702,0.0,50911.0
1719345879.3923178,0.0,50911.0
1719345879.576165,0.0,50911.0
1719345879.8023596,0.0,50911.0
1719345879.9779646,0.0,50911.0
1719345880.1709282,0.0,50911.0
1719345880.373382,0.0,50911.0
1719345880.5259573,0.0,50911.0
1719345880.6926007,0.0,50911.0
1719345880.872228,0.0,50911.0
1719345881.0259397,0.0,50911.0
1719345881.1746094,0.0,50911.0
1719345881.325067,0.0,50911.0
1719345881.4801054,21.0,50911.0
1719345881.6336834,100.0,50911.0
1719345881.7821944,100.0,50911.0
1719345881.9314983,98.0,50911.0
1719345882.1785145,100.0,50911.0
1719345882.3567088,100.0,50911.0
1719345882.552996,62.0,50911.0
1719345882.7415566,0.0,50911.0
1719345882.9497375,0.0,50911.0
1719345883.1829464,0.0,50911.0
1719345883.3401687,0.0,50911.0
1719345883.5141637,0.0,50911.0
1719345883.6623209,0.0,50911.0
1719345883.8426044,0.0,50911.0
1719345884.0109904,0.0,50911.0
1719345884.183424,0.0,50911.0
1719345884.4051642,0.0,50911.0
1719345884.632619,0.0,50911.0
1719345884.8783176,0.0,50911.0
1719345885.0701678,0.0,50911.0
1719345885.272799,0.0,50911.0
1719345885.4390628,0.0,50911.0
1719345885.6352904,0.0,50911.0
1719345885.8240635,0.0,50911.0
1719345885.9745057,0.0,50911.0
1719345886.1246448,0.0,50911.0
1719345886.2750587,37.0,50911.0
1719345886.4239826,37.0,50911.0
1719345886.5752938,100.0,50911.0
1719345886.7260191,95.0,50911.0
1719345886.89394,100.0,50911.0
1719345887.0930912,100.0,50911.0
1719345887.2641573,100.0,50911.0
1719345887.4368567,53.0,50911.0
1719345887.6158278,0.0,50911.0
1719345887.8163283,0.0,50911.0
1719345887.9840758,0.0,50911.0
1719345888.1491783,0.0,50911.0
1719345888.310268,0.0,50911.0
1719345888.4901197,0.0,50911.0
1719345888.6698267,0.0,50911.0
1719345888.857212,0.0,50911.0
1719345889.0221732,0.0,50911.0
1719345889.2446349,0.0,50911.0
1719345889.4763787,0.0,50911.0
1719345889.7143605,0.0,50911.0
1719345889.9425137,0.0,50911.0
1719345890.1426184,0.0,50911.0
1719345890.3111613,0.0,50911.0
1719345890.4978635,0.0,50911.0
1719345890.6580787,0.0,50911.0
1719345890.8134084,0.0,50911.0
1719345890.9625933,0.0,50911.0
1719345891.11535,37.0,50911.0
1719345891.2668378,37.0,50911.0
1719345891.417273,100.0,50911.0
1719345891.5678506,99.0,50911.0
1719345891.7662928,100.0,50911.0
1719345891.9424772,100.0,50911.0
1719345892.1247158,100.0,50911.0
1719345892.3148243,49.0,50911.0
1719345892.4904134,0.0,50911.0
1719345892.64498,0.0,50911.0
1719345892.8299675,0.0,50911.0
1719345892.9877927,0.0,50911.0
1719345893.1593404,0.0,50911.0
1719345893.333546,0.0,50911.0
1719345893.5066519,0.0,50911.0
1719345893.675731,0.0,50911.0
1719345893.8341706,0.0,50911.0
1719345894.0454414,0.0,50911.0
1719345894.2554507,0.0,50911.0
1719345894.492987,0.0,50911.0
1719345894.732417,0.0,50911.0
1719345894.9144323,0.0,50911.0
1719345895.0905323,0.0,50911.0
1719345895.2642155,0.0,50911.0
1719345895.4393697,0.0,50911.0
1719345895.5897803,0.0,50911.0
1719345895.7398763,0.0,50911.0
1719345895.891166,0.0,50911.0
1719345896.039965,71.0,50911.0
1719345896.188258,100.0,50911.0
1719345896.339349,99.0,50911.0
1719345896.5265121,100.0,50911.0
1719345896.7016387,100.0,50911.0
1719345896.871264,98.0,50911.0
1719345897.0543487,6.0,50911.0
1719345897.2522569,6.0,50911.0
1719345897.4127064,0.0,50911.0
1719345897.585784,0.0,50911.0
1719345897.7431421,0.0,50911.0
1719345897.9169867,0.0,50911.0
1719345898.07918,0.0,50911.0
1719345898.2531333,0.0,50911.0
1719345898.425728,0.0,50911.0
1719345898.5848463,0.0,50911.0
1719345898.8226333,0.0,50911.0
1719345899.0098772,0.0,50911.0
1719345899.2553074,0.0,50911.0
1719345899.4801066,0.0,50911.0
1719345899.6754854,0.0,50911.0
1719345899.8419008,0.0,50911.0
1719345900.0284507,0.0,50911.0
1719345900.1818013,0.0,50911.0
1719345900.3350675,0.0,50911.0
1719345900.4840407,0.0,50911.0
1719345900.6335301,5.0,50911.0
1719345900.7854187,100.0,50911.0
1719345900.9350622,100.0,50911.0
1719345901.0874796,99.0,50911.0
1719345901.2555532,100.0,50911.0
1719345901.4785411,100.0,50911.0
1719345901.653555,100.0,50911.0
1719345901.8245537,77.0,50911.0
1719345902.0154757,0.0,50911.0
1719345902.1753328,0.0,50911.0
1719345902.3580768,0.0,50911.0
1719345902.5327458,0.0,50911.0
1719345902.6974766,0.0,50911.0
1719345902.8670347,0.0,50911.0
1719345903.0542476,0.0,50911.0
1719345903.2224398,0.0,50911.0
1719345903.4563901,0.0,50911.0
1719345903.6836472,0.0,50911.0
1719345903.9060197,0.0,50911.0
1719345904.0932152,0.0,50911.0
1719345904.3084488,0.0,50911.0
1719345904.4832191,0.0,50911.0
1719345904.6765249,0.0,50911.0
1719345904.8503513,0.0,50911.0
1719345905.0010324,0.0,50911.0
1719345905.1527178,0.0,50911.0
1719345905.3017755,0.0,50911.0
1719345905.459529,95.0,50911.0
1719345905.6085343,100.0,50911.0
1719345905.759617,99.0,50911.0
1719345905.9540935,100.0,50911.0
1719345906.1311624,100.0,50911.0
1719345906.3085697,84.0,50911.0
1719345906.488356,0.0,50911.0
1719345906.6880841,0.0,50911.0
1719345906.8551548,0.0,50911.0
1719345907.0389707,0.0,50911.0
1719345907.195556,0.0,50911.0
1719345907.36025,0.0,50911.0
1719345907.5336018,0.0,50911.0
1719345907.706264,0.0,50911.0
1719345907.8754344,0.0,50911.0
1719345908.035525,0.0,50911.0
1719345908.265786,0.0,50911.0
1719345908.4718566,0.0,50911.0
1719345908.680501,0.0,50911.0
1719345908.8707554,0.0,50911.0
1719345909.078466,0.0,50911.0
1719345909.2466958,0.0,50911.0
1719345909.4337778,0.0,50911.0
1719345909.6029587,0.0,50911.0
1719345909.770423,0.0,50911.0
1719345909.9202409,0.0,50911.0
1719345910.070121,24.0,50911.0
1719345910.2223318,24.0,50911.0
1719345910.3719158,100.0,50911.0
1719345910.524382,100.0,50911.0
1719345910.6946604,100.0,50911.0
1719345910.9060705,100.0,50911.0
1719345911.0763414,100.0,50911.0
1719345911.2633016,59.0,50911.0
1719345911.464268,0.0,50911.0
1719345911.6259081,0.0,50911.0
1719345911.7875774,0.0,50911.0
1719345911.9402506,0.0,50911.0
1719345912.1004226,0.0,50911.0
1719345912.2899814,0.0,50911.0
1719345912.4646318,0.0,50911.0
1719345912.6357212,0.0,50911.0
1719345912.844297,0.0,50911.0
1719345913.077139,0.0,50911.0
1719345913.2725723,0.0,50911.0
1719345913.4849517,0.0,50911.0
1719345913.7105494,0.0,50911.0
1719345913.8751202,0.0,50911.0
1719345914.0532863,0.0,50911.0
1719345914.2223701,0.0,50911.0
1719345914.373025,0.0,50911.0
1719345914.519991,0.0,50911.0
1719345914.6809006,37.0,50911.0
1719345914.830841,100.0,50911.0
1719345914.980356,99.0,50911.0
1719345915.1325781,99.0,50911.0
1719345915.3249695,100.0,50911.0
1719345915.502817,100.0,50911.0
1719345915.6789458,100.0,50911.0
1719345915.8500972,49.0,50911.0
1719345916.0162518,0.0,50911.0
1719345916.180843,0.0,50911.0
1719345916.3614473,0.0,50911.0
1719345916.5227742,0.0,50911.0
1719345916.6837285,0.0,50911.0
1719345916.8651526,0.0,50911.0
1719345917.0507448,0.0,50911.0
1719345917.220666,0.0,50911.0
1719345917.3780932,0.0,50911.0
1719345917.6169562,0.0,50911.0
1719345917.8041813,0.0,50911.0
1719345918.022171,0.0,50911.0
1719345918.2091146,0.0,50911.0
1719345918.394892,0.0,50911.0
1719345918.5772917,0.0,50911.0
1719345918.7612057,0.0,50911.0
1719345918.9144988,0.0,50911.0
1719345919.063766,0.0,50911.0
1719345919.2125015,26.0,50911.0
1719345919.3623362,26.0,50911.0
1719345919.512533,100.0,50911.0
1719345919.660046,99.0,50911.0
1719345919.829038,100.0,50911.0
1719345920.0174773,100.0,50911.0
1719345920.2057126,100.0,50911.0
1719345920.3728364,94.0,50911.0
1719345920.5714633,100.0,50911.0
1719345920.768758,100.0,50911.0
1719345920.936955,96.0,50911.0
1719345921.1038167,100.0,50911.0
1719345921.265973,96.0,50911.0
1719345921.4261851,100.0,50911.0
1719345921.602417,100.0,50911.0
1719345921.7735705,95.0,50911.0
1719345921.9529808,100.0,50911.0
1719345922.1894078,100.0,50911.0
1719345922.45052,96.0,50911.0
1719345922.6734312,100.0,50911.0
1719345922.8459656,96.0,50911.0
1719345923.0803993,100.0,50911.0
1719345923.2416868,96.0,50911.0
1719345923.4290981,100.0,50911.0
1719345923.6166859,96.0,50911.0
1719345923.7666535,96.0,50911.0
1719345923.9160829,100.0,50911.0
1719345924.0667102,93.0,50911.0
1719345924.2168608,100.0,50911.0
1719345924.365442,100.0,50911.0
1719345924.5131342,99.0,50911.0
1719345924.6728945,100.0,50911.0
1719345924.87267,93.0,50911.0
1719345925.0444584,100.0,50911.0
1719345925.2061753,100.0,50911.0
1719345925.3920867,100.0,50911.0
1719345925.593507,100.0,50911.0
1719345925.74729,20.0,50911.0
1719345925.9059513,0.0,50911.0
1719345926.0547059,0.0,50911.0
1719345926.2301629,0.0,50911.0
1719345926.3918514,0.0,50911.0
1719345926.581759,0.0,50911.0
1719345926.7644465,0.0,50911.0
1719345926.9402678,0.0,50911.0
1719345927.1576328,0.0,50911.0
1719345927.3536222,0.0,50911.0
1719345927.5861688,0.0,50911.0
1719345927.8086596,0.0,50911.0
1719345927.9845784,0.0,50911.0
1719345928.163347,0.0,50911.0
1719345928.3480554,0.0,50911.0
1719345928.4982684,0.0,50911.0
1719345928.6465955,0.0,50911.0
1719345928.7964387,0.0,50911.0
1719345928.945867,93.0,50911.0
1719345929.0956304,93.0,50911.0
1719345929.245741,95.0,50911.0
1719345929.431739,100.0,50911.0
1719345929.6125886,100.0,50911.0
1719345929.7882657,100.0,50911.0
1719345929.981638,91.0,50911.0
1719345930.1509488,0.0,50911.0
1719345930.3308475,0.0,50911.0
1719345930.5166893,0.0,50911.0
1719345930.6764038,0.0,50911.0
1719345930.8415895,0.0,50911.0
1719345931.0232496,0.0,50911.0
1719345931.2404168,0.0,50911.0
1719345931.4813402,0.0,50911.0
1719345931.6658723,0.0,50911.0
1719345931.8691945,0.0,50911.0
1719345932.0724173,0.0,50911.0
1719345932.2569995,0.0,50911.0
1719345932.4286323,0.0,50911.0
1719345932.5887146,0.0,50911.0
1719345932.7639837,0.0,50911.0
1719345932.9310608,0.0,50911.0
1719345933.0801103,0.0,50911.0
1719345933.231344,0.0,50911.0
1719345933.3811321,8.0,50911.0
1719345933.5306826,100.0,50911.0
1719345933.6799762,100.0,50911.0
1719345933.8732784,100.0,50911.0
1719345934.0457964,100.0,50911.0
1719345934.2262447,100.0,50911.0
1719345934.3946564,100.0,50911.0
1719345934.5688438,73.0,50911.0
1719345934.753938,0.0,50911.0
1719345934.9365642,0.0,50911.0
1719345935.1091692,0.0,50911.0
1719345935.2651918,0.0,50911.0
1719345935.4278839,0.0,50911.0
1719345935.5944684,0.0,50911.0
1719345935.7693555,0.0,50911.0
1719345935.9537508,0.0,50911.0
1719345936.1415453,0.0,50911.0
1719345936.380949,0.0,50911.0
1719345936.5733993,0.0,50911.0
1719345936.8175433,0.0,50911.0
1719345937.0579057,0.0,50911.0
1719345937.2163842,0.0,50911.0
1719345937.39346,0.0,50911.0
1719345937.5805938,0.0,50911.0
1719345937.750401,0.0,50911.0
1719345937.9008079,0.0,50911.0
1719345938.0514247,0.0,50911.0
1719345938.2022123,74.0,50911.0
1719345938.3510666,74.0,50911.0
1719345938.5014093,99.0,50911.0
1719345938.6669092,100.0,50911.0
1719345938.8695846,100.0,50911.0
1719345939.0599945,100.0,50911.0
1719345939.2395504,100.0,50911.0
1719345939.4421725,1.0,50911.0
1719345939.6337721,0.0,50911.0
1719345939.8095675,0.0,50911.0
1719345939.968319,0.0,50911.0
1719345940.143885,0.0,50911.0
1719345940.3127255,0.0,50911.0
1719345940.499147,0.0,50911.0
1719345940.6872938,0.0,50911.0
1719345940.909772,0.0,50911.0
1719345941.153329,0.0,50911.0
1719345941.3771863,0.0,50911.0
1719345941.564358,0.0,50911.0
1719345941.7791703,0.0,50911.0
1719345941.9415538,0.0,50911.0
1719345942.1193855,0.0,50911.0
1719345942.2915063,0.0,50911.0
1719345942.4414132,0.0,50911.0
1719345942.5984564,0.0,50911.0
1719345942.753005,0.0,50911.0
1719345942.9117985,43.0,50911.0
1719345943.0757957,100.0,50911.0
1719345943.2400231,91.0,50911.0
1719345943.4219077,100.0,50911.0
1719345943.5966346,100.0,50911.0
1719345943.795885,100.0,50911.0
1719345943.9796882,46.0,50911.0
1719345944.1619856,0.0,50911.0
1719345944.3604178,0.0,50911.0
1719345944.5469606,0.0,50911.0
1719345944.70386,0.0,50911.0
1719345944.8666346,0.0,50911.0
1719345945.0447237,0.0,50911.0
1719345945.2243655,0.0,50911.0
1719345945.406491,0.0,50911.0
1719345945.5815911,0.0,50911.0
1719345945.8212657,0.0,50911.0
1719345946.0103047,0.0,50911.0
1719345946.2429254,0.0,50911.0
1719345946.4897928,0.0,50911.0
1719345946.6506908,0.0,50911.0
1719345946.8297997,0.0,50911.0
1719345946.9953604,0.0,50911.0
1719345947.146565,0.0,50911.0
1719345947.295764,0.0,50911.0
1719345947.4456065,0.0,50911.0
1719345947.5959437,0.0,50911.0
1719345947.7454183,96.0,50911.0
1719345947.8941367,100.0,50911.0
1719345948.0556793,99.0,50911.0
1719345948.2499936,100.0,50911.0
1719345948.4450326,100.0,50911.0
1719345948.6207297,83.0,50911.0
1719345948.7959425,0.0,50911.0
1719345948.9919333,0.0,50911.0
1719345949.1526906,0.0,50911.0
1719345949.3302164,0.0,50911.0
1719345949.4809244,0.0,50911.0
1719345949.6400158,0.0,50911.0
1719345949.814824,0.0,50911.0
1719345950.004985,0.0,50911.0
1719345950.1806974,0.0,50911.0
1719345950.3403394,0.0,50911.0
1719345950.5818994,0.0,50911.0
1719345950.785399,0.0,50911.0
1719345951.0253813,0.0,50911.0
1719345951.258178,0.0,50911.0
1719345951.4239886,0.0,50911.0
1719345951.5793211,0.0,50911.0
1719345951.749807,0.0,50911.0
1719345951.9355009,0.0,50911.0
1719345952.0855072,0.0,50911.0
1719345952.2341003,0.0,50911.0
1719345952.3864994,68.0,50911.0
1719345952.5351036,68.0,50911.0
1719345952.6849518,100.0,50911.0
1719345952.8345098,99.0,50911.0
1719345953.0385022,100.0,50911.0
1719345953.2152271,100.0,50911.0
1719345953.4011292,100.0,50911.0
1719345953.5725029,100.0,50911.0
1719345953.8009357,7.0,50911.0
1719345953.9619205,0.0,50911.0
1719345954.1233494,0.0,50911.0
1719345954.2861779,0.0,50911.0
1719345954.4472399,0.0,50911.0
1719345954.61468,0.0,50911.0
1719345954.7840288,0.0,50911.0
1719345954.965301,0.0,50911.0
1719345955.1495564,0.0,50911.0
1719345955.392896,0.0,50911.0
1719345955.5894725,0.0,50911.0
1719345955.8092976,0.0,50911.0
1719345956.0509188,0.0,50911.0
1719345956.2081428,0.0,50911.0
1719345956.4034784,0.0,50911.0
1719345956.5721142,0.0,50911.0
1719345956.7218738,0.0,50911.0
1719345956.8722093,0.0,50911.0
1719345957.0207543,0.0,50911.0
1719345957.175347,61.0,50911.0
1719345957.3289452,100.0,50911.0
1719345957.482488,99.0,50911.0
1719345957.6725397,100.0,50911.0
1719345957.8570917,100.0,50911.0
1719345958.0399926,100.0,50911.0
1719345958.210997,13.0,50911.0
1719345958.4170334,13.0,50911.0
1719345958.5841634,0.0,50911.0
1719345958.773844,0.0,50911.0
1719345958.9225616,0.0,50911.0
1719345959.084991,0.0,50911.0
1719345959.2453032,0.0,50911.0
1719345959.4159787,0.0,50911.0
1719345959.591998,0.0,50911.0
1719345959.7477903,0.0,50911.0
1719345959.9741778,0.0,50911.0
1719345960.1549883,0.0,50911.0
1719345960.3648772,0.0,50911.0
1719345960.557556,0.0,50911.0
1719345960.7597756,0.0,50911.0
1719345960.9321487,0.0,50911.0
1719345961.1152344,0.0,50911.0
1719345961.2953844,0.0,50911.0
1719345961.4448035,0.0,50911.0
1719345961.593627,0.0,50911.0
1719345961.7429166,21.0,50911.0
1719345961.8949745,100.0,50911.0
1719345962.0451894,100.0,50911.0
1719345962.197087,100.0,50911.0
1719345962.40029,100.0,50911.0
1719345962.5948596,100.0,50911.0
1719345962.7751286,100.0,50911.0
1719345962.9594448,63.0,50911.0
1719345963.141683,0.0,50911.0
1719345963.3028507,0.0,50911.0
1719345963.4684548,0.0,50911.0
1719345963.6277635,0.0,50911.0
1719345963.7887788,0.0,50911.0
1719345963.9644883,0.0,50911.0
1719345964.1386733,0.0,50911.0
1719345964.3101609,0.0,50911.0
1719345964.4686496,0.0,50911.0
1719345964.7091722,0.0,50911.0
1719345964.901705,0.0,50911.0
1719345965.160444,0.0,50911.0
1719345965.3901823,0.0,50911.0
1719345965.5615954,0.0,50911.0
1719345965.725006,0.0,50911.0
1719345965.91517,0.0,50911.0
1719345966.0722747,0.0,50911.0
1719345966.223831,0.0,50911.0
1719345966.373365,0.0,50911.0
1719345966.522502,0.0,50911.0
1719345966.6740615,72.0,50911.0
1719345966.859751,99.0,50911.0
1719345967.015487,99.0,50911.0
1719345967.2041817,100.0,50911.0
1719345967.4061248,100.0,50911.0
1719345967.5963717,100.0,50911.0
1719345967.7732265,92.0,50911.0
1719345967.9739068,100.0,50911.0
1719345968.1587243,96.0,50911.0
1719345968.3186939,96.0,50911.0
1719345968.486007,100.0,50911.0
1719345968.6829805,100.0,50911.0
1719345968.848235,100.0,50911.0
1719345969.0256624,96.0,50911.0
1719345969.186377,100.0,50911.0
1719345969.4211001,100.0,50911.0
1719345969.6640868,97.0,50911.0
1719345969.8992908,96.0,50911.0
1719345970.0900414,96.0,50911.0
1719345970.3045084,90.0,50911.0
1719345970.865271,100.0,50911.0
1719345971.0142066,96.0,50911.0
1719345971.1648936,100.0,50911.0
1719345971.3218884,100.0,50911.0
1719345971.4744422,97.0,50911.0
1719345971.6254978,100.0,50911.0
1719345971.7821646,99.0,50911.0
1719345971.9986153,100.0,50911.0
1719345972.1817353,99.0,50911.0
1719345972.3584125,100.0,50911.0
1719345972.5459764,100.0,50911.0
1719345972.7173996,100.0,50911.0
1719345972.9027455,0.0,50911.0
1719345973.092938,0.0,50911.0
1719345973.2556374,0.0,50911.0
1719345973.4110787,0.0,50911.0
1719345973.590379,0.0,50911.0
1719345973.778785,0.0,50911.0
1719345973.9525375,0.0,50911.0
1719345974.2059815,0.0,50911.0
1719345974.43789,0.0,50911.0
1719345974.6768434,0.0,50911.0
1719345974.8835196,0.0,50911.0
1719345975.064324,0.0,50911.0
1719345975.2278318,0.0,50911.0
1719345975.4067998,0.0,50911.0
1719345975.5767584,0.0,50911.0
1719345975.7258024,0.0,50911.0
1719345975.8745198,0.0,50911.0
1719345976.0274224,99.0,50911.0
1719345976.5928822,100.0,50911.0
1719345976.7704108,100.0,50911.0
1719345976.9391816,100.0,50911.0
1719345977.1200464,100.0,50911.0
1719345977.2872274,62.0,50911.0
1719345977.4666722,0.0,50911.0
1719345977.6524134,0.0,50911.0
1719345977.8211615,0.0,50911.0
1719345977.9761615,0.0,50911.0
1719345978.138168,0.0,50911.0
1719345978.3085208,0.0,50911.0
1719345978.47408,0.0,50911.0
1719345978.6466262,0.0,50911.0
1719345978.8074493,0.0,50911.0
1719345979.016456,0.0,50911.0
1719345979.2228713,0.0,50911.0
1719345979.444478,0.0,50911.0
1719345979.6855214,0.0,50911.0
1719345979.8707821,0.0,50911.0
1719345980.0341,0.0,50911.0
1719345980.2253997,0.0,50911.0
1719345980.3811393,0.0,50911.0
1719345980.529418,0.0,50911.0
1719345980.678567,0.0,50911.0
1719345980.8336172,52.0,50911.0
1719345980.9861479,100.0,50911.0
1719345981.144584,100.0,50911.0
1719345981.298566,99.0,50911.0
1719345981.4863062,100.0,50911.0
1719345981.6546924,100.0,50911.0
1719345981.828575,100.0,50911.0
1719345982.005321,100.0,50911.0
1719345982.169843,22.0,50911.0
1719345982.3294919,0.0,50911.0
1719345982.4957273,0.0,50911.0
1719345982.6517944,0.0,50911.0
1719345982.8174508,0.0,50911.0
1719345983.0003788,0.0,50911.0
1719345983.1944249,0.0,50911.0
1719345983.3604171,0.0,50911.0
1719345983.5242546,0.0,50911.0
1719345983.749143,0.0,50911.0
1719345983.9295456,0.0,50911.0
1719345984.15329,0.0,50911.0
1719345984.3981836,0.0,50911.0
1719345984.5790746,0.0,50911.0
1719345984.7533622,0.0,50911.0
1719345984.9404583,0.0,50911.0
1719345985.0951874,0.0,50911.0
1719345985.2523508,0.0,50911.0
1719345985.4011116,0.0,50911.0
1719345985.5504398,24.0,50911.0
1719345985.7008083,100.0,50911.0
1719345985.8499815,99.0,50911.0
1719345986.0032523,99.0,50911.0
1719345986.1704948,100.0,50911.0
1719345986.3627744,100.0,50911.0
1719345986.56986,59.0,50911.0
1719345986.7467988,0.0,50911.0
1719345986.9404776,0.0,50911.0
1719345987.0991254,0.0,50911.0
1719345987.2663376,0.0,50911.0
1719345987.422804,0.0,50911.0
1719345987.5859745,0.0,50911.0
1719345987.7688007,0.0,50911.0
1719345987.9547875,0.0,50911.0
1719345988.1245494,0.0,50911.0
1719345988.3766725,0.0,50911.0
1719345988.5983317,0.0,50911.0
1719345988.8083851,0.0,50911.0
1719345988.989665,0.0,50911.0
1719345989.204904,0.0,50911.0
1719345989.3586473,0.0,50911.0
1719345989.5285323,0.0,50911.0
1719345989.6923542,0.0,50911.0
1719345989.8428736,0.0,50911.0
1719345989.9926765,0.0,50911.0
1719345990.1430755,0.0,50911.0
1719345990.292422,79.0,50911.0
1719345990.4423802,79.0,50911.0
1719345990.598158,99.0,50911.0
1719345990.78617,100.0,50911.0
1719345990.984264,100.0,50911.0
1719345991.1675577,100.0,50911.0
1719345991.3475149,99.0,50911.0
1719345991.5190277,0.0,50911.0
1719345991.6946516,0.0,50911.0
1719345991.8583004,0.0,50911.0
1719345992.016069,0.0,50911.0
1719345992.1857243,0.0,50911.0
1719345992.3620274,0.0,50911.0
1719345992.5402324,0.0,50911.0
1719345992.7150226,0.0,50911.0
1719345992.8776553,0.0,50911.0
1719345993.120525,0.0,50911.0
1719345993.3059313,0.0,50911.0
1719345993.54426,0.0,50911.0
1719345993.7653465,0.0,50911.0
1719345993.9594522,0.0,50911.0
1719345994.1590166,0.0,50911.0
1719345994.33301,0.0,50911.0
1719345994.483289,0.0,50911.0
1719345994.6347358,0.0,50911.0
1719345994.7838042,0.0,50911.0
1719345994.9339013,65.0,50911.0
1719345995.082044,100.0,50911.0
1719345995.2312286,100.0,50911.0
1719345995.3917534,99.0,50911.0
1719345995.5789456,100.0,50911.0
1719345995.7694476,100.0,50911.0
1719345995.947738,10.0,50911.0
1719345996.3162594,0.0,50911.0
1719345996.494989,0.0,50911.0
1719345996.6598437,0.0,50911.0
1719345996.828022,0.0,50911.0
1719345997.003821,0.0,50911.0
1719345997.1779907,0.0,50911.0
1719345997.362611,0.0,50911.0
1719345997.522629,0.0,50911.0
1719345997.7454934,0.0,50911.0
1719345997.94197,0.0,50911.0
1719345998.1776729,0.0,50911.0
1719345998.4333727,0.0,50911.0
1719345998.5999439,0.0,50911.0
1719345998.7748559,0.0,50911.0
1719345998.9565222,0.0,50911.0
1719345999.1101034,0.0,50911.0
1719345999.2580073,0.0,50911.0
1719345999.4074967,0.0,50911.0
1719345999.5583677,65.0,50911.0
1719345999.707302,65.0,50911.0
1719345999.8574288,99.0,50911.0
1719346000.0661852,100.0,50911.0
1719346000.2477806,100.0,50911.0
1719346000.4354265,100.0,50911.0
1719346000.6202672,9.0,50911.0
1719346000.8473978,9.0,50911.0
1719346001.0033576,0.0,50911.0
1719346001.1765006,0.0,50911.0
1719346001.3364441,0.0,50911.0
1719346001.5122087,0.0,50911.0
1719346001.7014554,0.0,50911.0
1719346001.8866248,0.0,50911.0
1719346002.0475514,0.0,50911.0
1719346002.273588,0.0,50911.0
1719346002.487023,0.0,50911.0
1719346002.7090967,0.0,50911.0
1719346002.9512346,0.0,50911.0
1719346003.1439753,0.0,50911.0
1719346003.329135,0.0,50911.0
1719346003.506658,0.0,50911.0
1719346003.6629696,0.0,50911.0
1719346003.8114078,0.0,50911.0
1719346003.9603,0.0,50911.0
1719346004.111103,0.0,50911.0
1719346004.2632966,96.0,50911.0
1719346004.4134088,100.0,50911.0
1719346004.563857,99.0,50911.0
1719346004.7390208,100.0,50911.0
1719346004.9053144,100.0,50911.0
1719346005.0978782,84.0,50911.0
1719346005.2787008,0.0,50911.0
1719346005.4652715,0.0,50911.0
1719346005.6179771,0.0,50911.0
1719346005.7965581,0.0,50911.0
1719346005.9579287,0.0,50911.0
1719346006.1181855,0.0,50911.0
1719346006.2896824,0.0,50911.0
1719346006.470134,0.0,50911.0
1719346006.6407473,0.0,50911.0
1719346006.8842854,0.0,50911.0
1719346007.1045825,0.0,50911.0
1719346007.3640037,0.0,50911.0
1719346007.5810442,0.0,50911.0
1719346007.7750165,0.0,50911.0
1719346007.9378867,0.0,50911.0
1719346008.1143854,0.0,50911.0
1719346008.2783554,0.0,50911.0
1719346008.4324124,0.0,50911.0
1719346008.580303,0.0,50911.0
1719346008.7294514,75.0,50911.0
1719346008.8788311,75.0,50911.0
1719346009.0305486,100.0,50911.0
1719346009.1881266,99.0,50911.0
1719346009.3762176,100.0,50911.0
1719346009.5482647,100.0,50911.0
1719346009.7141752,96.0,50911.0
1719346009.9021575,5.0,50911.0
1719346010.079596,5.0,50911.0
1719346010.242171,0.0,50911.0
1719346010.4014828,0.0,50911.0
1719346010.5544996,0.0,50911.0
1719346010.718294,0.0,50911.0
1719346010.899176,0.0,50911.0
1719346011.0920618,0.0,50911.0
1719346011.2700138,0.0,50911.0
1719346011.461422,0.0,50911.0
1719346011.714007,0.0,50911.0
1719346011.9090714,0.0,50911.0
1719346012.111102,0.0,50911.0
1719346012.3340302,0.0,50911.0
1719346012.4983695,0.0,50911.0
1719346012.6692233,0.0,50911.0
1719346012.8427358,0.0,50911.0
1719346012.9923408,0.0,50911.0
1719346013.1426892,0.0,50911.0
1719346013.2915397,0.0,50911.0
1719346013.4421754,64.0,50911.0
1719346013.5917537,100.0,50911.0
1719346013.7428505,99.0,50911.0
1719346013.8923607,99.0,50911.0
1719346014.0655575,100.0,50911.0
1719346014.2641299,100.0,50911.0
1719346014.4462848,100.0,50911.0
1719346014.6247778,95.0,50911.0
1719346014.8166554,100.0,50911.0
1719346014.9744658,94.0,50911.0
1719346015.1459434,100.0,50911.0
1719346015.3128033,100.0,50911.0
1719346015.4744112,96.0,50911.0
1719346015.6423352,100.0,50911.0
1719346015.828316,96.0,50911.0
1719346016.0115957,100.0,50911.0
1719346016.2365718,96.0,50911.0
1719346016.4916236,100.0,50911.0
1719346016.7178075,96.0,50911.0
1719346016.908273,100.0,50911.0
1719346017.1376343,97.0,50911.0
1719346017.2931979,100.0,50911.0
1719346017.4796164,97.0,50911.0
1719346017.6643503,100.0,50911.0
1719346017.8161669,100.0,50911.0
1719346017.9668536,97.0,50911.0
1719346018.1182945,95.0,50911.0
1719346018.2684991,97.0,50911.0
1719346018.4180884,97.0,50911.0
1719346018.568024,100.0,50911.0
1719346018.7184584,99.0,50911.0
1719346018.9011004,99.0,50911.0
1719346019.0749016,100.0,50911.0
1719346019.2586896,100.0,50911.0
1719346019.4527109,100.0,50911.0
1719346019.6499257,68.0,50911.0
1719346019.801364,0.0,50911.0
1719346019.9789104,0.0,50911.0
1719346020.1659846,0.0,50911.0
1719346020.3770936,0.0,50911.0
1719346020.5536172,0.0,50911.0
1719346020.743268,0.0,50911.0
1719346020.913092,0.0,50911.0
1719346021.1657057,0.0,50911.0
1719346021.374783,0.0,50911.0
1719346021.5978422,0.0,50911.0
1719346021.7935848,0.0,50911.0
1719346021.9905682,0.0,50911.0
1719346022.1575546,0.0,50911.0
1719346022.3392336,0.0,50911.0
1719346022.5166266,0.0,50911.0
1719346022.665731,0.0,50911.0
1719346022.8150764,0.0,50911.0
1719346022.9671829,0.0,50911.0
1719346023.1175332,99.0,50911.0
1719346023.2653034,99.0,50911.0
1719346023.417491,99.0,50911.0
1719346023.5982916,100.0,50911.0
1719346023.7866588,100.0,50911.0
1719346023.9684246,81.0,50911.0
1719346024.1475477,81.0,50911.0
1719346024.325758,0.0,50911.0
1719346024.4877455,0.0,50911.0
1719346024.6549864,0.0,50911.0
1719346024.8079436,0.0,50911.0
1719346024.9788826,0.0,50911.0
1719346025.1408112,0.0,50911.0
1719346025.3117323,0.0,50911.0
1719346025.4823706,0.0,50911.0
1719346025.642018,0.0,50911.0
1719346025.8819914,0.0,50911.0
1719346026.0777152,0.0,50911.0
1719346026.3149986,0.0,50911.0
1719346026.5369034,0.0,50911.0
1719346026.7145882,0.0,50911.0
1719346026.9154856,0.0,50911.0
1719346027.0948079,0.0,50911.0
1719346027.2428079,0.0,50911.0
1719346027.391668,0.0,50911.0
1719346027.5392368,0.0,50911.0
1719346027.6896274,70.0,50911.0
1719346027.8397918,100.0,50911.0
1719346028.003305,100.0,50911.0
1719346028.1541688,99.0,50911.0
1719346028.3320768,100.0,50911.0
1719346028.5053015,100.0,50911.0
1719346028.6971462,100.0,50911.0
1719346028.8668547,5.0,50911.0
1719346029.0615928,5.0,50911.0
1719346029.2402012,0.0,50911.0
1719346029.4196754,0.0,50911.0
1719346029.5790176,0.0,50911.0
1719346029.7415962,0.0,50911.0
1719346029.9207687,0.0,50911.0
1719346030.1080723,0.0,50911.0
1719346030.2687495,0.0,50911.0
1719346030.510019,0.0,50911.0
1719346030.7178943,0.0,50911.0
1719346030.9619112,0.0,50911.0
1719346031.212463,0.0,50911.0
1719346031.4132934,0.0,50911.0
1719346031.599319,0.0,50911.0
1719346031.77753,0.0,50911.0
1719346031.9262307,0.0,50911.0
1719346032.0756528,0.0,50911.0
1719346032.226691,0.0,50911.0
1719346032.377714,67.0,50911.0
1719346032.5279582,100.0,50911.0
1719346032.682164,100.0,50911.0
1719346032.8401387,100.0,50911.0
1719346033.0146632,100.0,50911.0
1719346033.2063856,100.0,50911.0
1719346033.396041,100.0,50911.0
1719346033.5723038,8.0,50911.0
1719346033.780671,0.0,50911.0
1719346033.9683022,0.0,50911.0
1719346034.126805,0.0,50911.0
1719346034.2920961,0.0,50911.0
1719346034.4627137,0.0,50911.0
1719346034.64359,0.0,50911.0
1719346034.821697,0.0,50911.0
1719346035.000234,0.0,50911.0
1719346035.2347393,0.0,50911.0
1719346035.4351335,0.0,50911.0
1719346035.662052,0.0,50911.0
1719346035.9083781,0.0,50911.0
1719346036.0784178,0.0,50911.0
1719346036.255678,0.0,50911.0
1719346036.429322,0.0,50911.0
1719346036.5952117,0.0,50911.0
1719346036.745684,0.0,50911.0
1719346036.8942337,21.0,50911.0
1719346037.04289,21.0,50911.0
1719346037.195467,100.0,50911.0
1719346037.342753,99.0,50911.0
1719346037.4928472,100.0,50911.0
1719346037.66708,100.0,50911.0
1719346037.848057,100.0,50911.0
1719346038.0269032,100.0,50911.0
1719346038.2126725,61.0,50911.0
1719346038.4244523,0.0,50911.0
1719346038.582645,0.0,50911.0
1719346038.7546892,0.0,50911.0
1719346038.9375515,0.0,50911.0
1719346039.096593,0.0,50911.0
1719346039.2731478,0.0,50911.0
1719346039.451975,0.0,50911.0
1719346039.618303,0.0,50911.0
1719346039.8404994,0.0,50911.0
1719346040.0600462,0.0,50911.0
1719346040.2847273,0.0,50911.0
1719346040.5295625,0.0,50911.0
1719346040.722711,0.0,50911.0
1719346040.8865128,0.0,50911.0
1719346041.0660517,0.0,50911.0
1719346041.2207847,0.0,50911.0
1719346041.3786721,0.0,50911.0
1719346041.5322762,0.0,50911.0
1719346041.6885338,3.0,50911.0
1719346041.850239,100.0,50911.0
1719346042.0147402,100.0,50911.0
1719346042.1757703,99.0,50911.0
1719346042.3614218,100.0,50911.0
1719346042.533875,100.0,50911.0
1719346042.7019978,78.0,50911.0
1719346042.8784816,78.0,50911.0
1719346043.0573542,0.0,50911.0
1719346043.2128706,0.0,50911.0
1719346043.3798664,0.0,50911.0
1719346043.5365908,0.0,50911.0
1719346043.7086964,0.0,50911.0
1719346043.884269,0.0,50911.0
1719346044.0517685,0.0,50911.0
1719346044.224139,0.0,50911.0
1719346044.387082,0.0,50911.0
1719346044.6171079,0.0,50911.0
1719346044.7989926,0.0,50911.0
1719346045.035123,0.0,50911.0
1719346045.2566607,0.0,50911.0
1719346045.4432268,0.0,50911.0
1719346045.6220713,0.0,50911.0
1719346045.7964978,0.0,50911.0
1719346045.9622734,0.0,50911.0
1719346046.1116025,0.0,50911.0
1719346046.2650728,0.0,50911.0
1719346046.4150026,27.0,50911.0
1719346046.5638754,100.0,50911.0
1719346046.7124195,100.0,50911.0
1719346046.870156,97.0,50911.0
1719346047.0670044,100.0,50911.0
1719346047.2453225,100.0,50911.0
1719346047.4227028,100.0,50911.0
1719346047.6111777,57.0,50911.0
1719346047.7792573,57.0,50911.0
1719346047.9465024,0.0,50911.0
1719346048.1093955,0.0,50911.0
1719346048.263103,0.0,50911.0
1719346048.4341886,0.0,50911.0
1719346048.6165469,0.0,50911.0
1719346048.791355,0.0,50911.0
1719346048.9676232,0.0,50911.0
1719346049.1359742,0.0,50911.0
1719346049.3581774,0.0,50911.0
1719346049.5337527,0.0,50911.0
1719346049.7728517,0.0,50911.0
1719346050.014797,0.0,50911.0
1719346050.206017,0.0,50911.0
1719346050.3601458,0.0,50911.0
1719346050.5381956,0.0,50911.0
1719346050.7199075,0.0,50911.0
1719346050.87744,0.0,50911.0
1719346051.0267594,0.0,50911.0
1719346051.175455,0.0,50911.0
1719346051.3238668,78.0,50911.0
1719346051.469716,100.0,50911.0
1719346051.6238115,99.0,50911.0
1719346051.8157318,100.0,50911.0
1719346052.012275,100.0,50911.0
1719346052.187599,98.0,50911.0
1719346052.3651507,98.0,50911.0
1719346052.5692124,0.0,50911.0
1719346052.740284,0.0,50911.0
1719346052.924842,0.0,50911.0
1719346053.0849261,0.0,50911.0
1719346053.2894816,0.0,50911.0
1719346053.4677584,0.0,50911.0
1719346053.646464,0.0,50911.0
1719346053.8165445,0.0,50911.0
1719346054.0681605,0.0,50911.0
1719346054.2941673,0.0,50911.0
1719346054.4866116,0.0,50911.0
1719346054.6980085,0.0,50911.0
1719346054.8730507,0.0,50911.0
1719346055.051626,0.0,50911.0
1719346055.2341702,0.0,50911.0
1719346055.3831754,0.0,50911.0
1719346055.5327551,0.0,50911.0
1719346055.6805742,0.0,50911.0
1719346055.8300886,94.0,50911.0
1719346055.9811828,94.0,50911.0
1719346056.1880157,99.0,50911.0
1719346056.3582954,99.0,50911.0
1719346056.5579445,100.0,50911.0
1719346056.7497628,100.0,50911.0
1719346056.9314811,0.0,50911.0
1719346057.1548994,0.0,50911.0
1719346057.3125803,0.0,50911.0
1719346057.4776535,0.0,50911.0
1719346057.6323602,0.0,50911.0
1719346057.8048978,0.0,50911.0
1719346057.983973,0.0,50911.0
1719346058.1678276,0.0,50911.0
1719346058.339567,0.0,50911.0
1719346058.5224814,0.0,50911.0
1719346058.7476075,0.0,50911.0
1719346058.9364703,0.0,50911.0
1719346059.1609826,0.0,50911.0
1719346059.4081101,0.0,50911.0
1719346059.568735,0.0,50911.0
1719346059.7544632,0.0,50911.0
1719346059.934659,0.0,50911.0
1719346060.087485,0.0,50911.0
1719346060.2369967,0.0,50911.0
1719346060.388229,0.0,50911.0
1719346060.5443983,79.0,50911.0
1719346060.6965578,100.0,50911.0
1719346060.8514304,99.0,50911.0
1719346061.0353873,99.0,50911.0
1719346061.223229,100.0,50911.0
1719346061.4121902,96.0,50911.0
1719346061.6050768,95.0,50911.0
1719346061.8019934,95.0,50911.0
1719346061.9651937,100.0,50911.0
1719346062.149464,96.0,50911.0
1719346062.3007374,100.0,50911.0
1719346062.4721599,97.0,50911.0
1719346062.64547,99.0,50911.0
1719346062.8495834,83.0,50911.0
1719346063.0128572,83.0,50911.0
1719346063.2286434,96.0,50911.0
1719346063.4707184,100.0,50911.0
1719346063.6976771,88.0,50911.0
1719346063.9224799,100.0,50911.0
1719346064.1345532,96.0,50911.0
1719346064.3304658,100.0,50911.0
1719346064.5152354,95.0,50911.0
1719346064.6912014,100.0,50911.0
1719346064.8413165,100.0,50911.0
1719346064.9903157,92.0,50911.0
1719346065.1384978,100.0,50911.0
1719346065.288985,97.0,50911.0
1719346065.436909,97.0,50911.0
1719346065.5853326,100.0,50911.0
1719346065.7836735,99.0,50911.0
1719346065.9555922,100.0,50911.0
1719346066.1415458,98.0,50911.0
1719346066.3198652,100.0,50911.0
1719346066.529364,100.0,50911.0
1719346066.6884065,100.0,50911.0
1719346066.8626158,80.0,50911.0
1719346067.0138822,0.0,50911.0
1719346067.175026,0.0,50911.0
1719346067.3470788,0.0,50911.0
1719346067.5313196,0.0,50911.0
1719346067.7042542,0.0,50911.0
1719346067.9110477,0.0,50911.0
1719346068.1333213,0.0,50911.0
1719346068.3493302,0.0,50911.0
1719346068.5506566,0.0,50911.0
1719346068.773534,0.0,50911.0
1719346068.9448338,0.0,50911.0
1719346069.121565,0.0,50911.0
1719346069.289834,0.0,50911.0
1719346069.4408612,0.0,50911.0
1719346069.5900843,0.0,50911.0
1719346069.7411897,32.0,50911.0
1719346069.8927984,32.0,50911.0
1719346070.0432684,100.0,50911.0
1719346070.1970627,97.0,50911.0
1719346070.3748353,100.0,50911.0
1719346070.5604901,100.0,50911.0
1719346070.741849,100.0,50911.0
1719346070.9242976,54.0,50911.0
1719346071.0969262,54.0,50911.0
1719346071.2723591,0.0,50911.0
1719346071.4497762,0.0,50911.0
1719346071.6098988,0.0,50911.0
1719346071.7814348,0.0,50911.0
1719346071.9427984,0.0,50911.0
1719346072.1208935,0.0,50911.0
1719346072.2941716,0.0,50911.0
1719346072.4781113,0.0,50911.0
1719346072.7081974,0.0,50911.0
1719346072.9393961,0.0,50911.0
1719346073.160227,0.0,50911.0
1719346073.354409,0.0,50911.0
1719346073.5459325,0.0,50911.0
1719346073.7164857,0.0,50911.0
1719346073.8992455,0.0,50911.0
1719346074.077126,0.0,50911.0
1719346074.226385,0.0,50911.0
1719346074.3756616,0.0,50911.0
1719346074.5263205,64.0,50911.0
1719346074.675727,64.0,50911.0
1719346074.8244529,100.0,50911.0
1719346074.9751582,99.0,50911.0
1719346075.176653,100.0,50911.0
1719346075.3721483,100.0,50911.0
1719346075.5419786,100.0,50911.0
1719346075.7295585,10.0,50911.0
1719346075.9040515,0.0,50911.0
1719346076.0663953,0.0,50911.0
1719346076.2434218,0.0,50911.0
1719346076.4099827,0.0,50911.0
1719346076.576781,0.0,50911.0
1719346076.746991,0.0,50911.0
1719346076.9179323,0.0,50911.0
1719346077.0919135,0.0,50911.0
1719346077.247846,0.0,50911.0
1719346077.4693387,0.0,50911.0
1719346077.673071,0.0,50911.0
1719346077.9187334,0.0,50911.0
1719346078.1535447,0.0,50911.0
1719346078.3358314,0.0,50911.0
1719346078.5210066,0.0,50911.0
1719346078.701819,0.0,50911.0
1719346078.8602905,0.0,50911.0
1719346079.0096636,0.0,50911.0
1719346079.1581936,0.0,50911.0
1719346079.3106823,0.0,50911.0
1719346079.4588249,86.0,50911.0
1719346079.6057,100.0,50911.0
1719346079.7581706,99.0,50911.0
1719346079.9731107,100.0,50911.0
1719346080.1484075,100.0,50911.0
1719346080.3197515,92.0,50911.0
1719346080.4991841,0.0,50911.0
1719346080.698886,0.0,50911.0
1719346080.8518684,0.0,50911.0
1719346081.0346951,0.0,50911.0
1719346081.2130206,0.0,50911.0
1719346081.3807724,0.0,50911.0
1719346081.5444453,0.0,50911.0
1719346081.726173,0.0,50911.0
1719346081.890335,0.0,50911.0
1719346082.0530157,0.0,50911.0
1719346082.2936747,0.0,50911.0
1719346082.5338752,0.0,50911.0
1719346082.7300866,0.0,50911.0
1719346082.931962,0.0,50911.0
1719346083.1058629,0.0,50911.0
1719346083.2918296,0.0,50911.0
1719346083.460983,0.0,50911.0
1719346083.6089942,0.0,50911.0
1719346083.7588189,0.0,50911.0
1719346083.9097495,9.0,50911.0
1719346084.060389,100.0,50911.0
1719346084.2082818,100.0,50911.0
1719346084.3606813,100.0,50911.0
1719346084.5466266,99.0,50911.0
1719346084.7179196,100.0,50911.0
1719346084.9020436,100.0,50911.0
1719346085.074073,73.0,50911.0
1719346085.253622,0.0,50911.0
1719346085.4237669,0.0,50911.0
1719346085.6021156,0.0,50911.0
1719346085.771426,0.0,50911.0
1719346085.9319925,0.0,50911.0
1719346086.098181,0.0,50911.0
1719346086.2935746,0.0,50911.0
1719346086.4776716,0.0,50911.0
1719346086.7679467,0.0,50911.0
1719346086.9760866,0.0,50911.0
1719346087.1881616,0.0,50911.0
1719346087.3953125,0.0,50911.0
1719346087.5860484,0.0,50911.0
1719346087.7463715,0.0,50911.0
1719346087.9180684,0.0,50911.0
1719346088.0988069,0.0,50911.0
1719346088.2486284,0.0,50911.0
1719346088.3970273,0.0,50911.0
1719346088.5482264,0.0,50911.0
1719346088.7001245,94.0,50911.0
1719346088.8493774,100.0,50911.0
1719346089.000157,100.0,50911.0
1719346089.1945186,100.0,50911.0
1719346089.363397,100.0,50911.0
1719346089.5588045,100.0,50911.0
1719346089.745129,84.0,50911.0
1719346089.9581678,0.0,50911.0
1719346090.1123,0.0,50911.0
1719346090.2873998,0.0,50911.0
1719346090.4402812,0.0,50911.0
1719346090.6037781,0.0,50911.0
1719346090.7757387,0.0,50911.0
1719346090.9661832,0.0,50911.0
1719346091.1266108,0.0,50911.0
1719346091.2978387,0.0,50911.0
1719346091.5398798,0.0,50911.0
1719346091.733624,0.0,50911.0
1719346091.9742866,0.0,50911.0
1719346092.1974835,0.0,50911.0
1719346092.3666866,0.0,50911.0
1719346092.5308208,0.0,50911.0
1719346092.710349,0.0,50911.0
1719346092.8705063,0.0,50911.0
1719346093.0194368,0.0,50911.0
1719346093.1696615,0.0,50911.0
1719346093.3206642,77.0,50911.0
1719346093.46824,77.0,50911.0
1719346093.617295,99.0,50911.0
1719346093.776705,99.0,50911.0
1719346093.971319,100.0,50911.0
1719346094.1614213,100.0,50911.0
1719346094.3384721,98.0,50911.0
1719346094.5095046,0.0,50911.0
1719346094.7065268,0.0,50911.0
1719346094.8839903,0.0,50911.0
1719346095.0430434,0.0,50911.0
1719346095.2128136,0.0,50911.0
1719346095.3911843,0.0,50911.0
1719346095.5677128,0.0,50911.0
1719346095.74074,0.0,50911.0
1719346095.902124,0.0,50911.0
1719346096.1290686,0.0,50911.0
1719346096.32586,0.0,50911.0
1719346096.5701735,0.0,50911.0
1719346096.7645655,0.0,50911.0
1719346096.9410524,0.0,50911.0
1719346097.1161983,0.0,50911.0
1719346097.3121178,0.0,50911.0
1719346097.47296,0.0,50911.0
1719346097.6222043,0.0,50911.0
1719346097.7710502,0.0,50911.0
1719346097.92522,38.0,50911.0
1719346098.0753267,100.0,50911.0
1719346098.22371,100.0,50911.0
1719346098.3846629,99.0,50911.0
1719346098.5798326,100.0,50911.0
1719346098.767167,100.0,50911.0
1719346098.9368412,100.0,50911.0
1719346099.118718,48.0,50911.0
1719346099.296771,0.0,50911.0
1719346099.463798,0.0,50911.0
1719346099.6365979,0.0,50911.0
1719346099.7916493,0.0,50911.0
1719346099.951271,0.0,50911.0
1719346100.1225357,0.0,50911.0
1719346100.3032773,0.0,50911.0
1719346100.4734335,0.0,50911.0
1719346100.6391282,0.0,50911.0
1719346100.8735516,0.0,50911.0
1719346101.0636845,0.0,50911.0
1719346101.2932167,0.0,50911.0
1719346101.5371408,0.0,50911.0
1719346101.7362,0.0,50911.0
1719346101.9123292,0.0,50911.0
1719346102.095456,0.0,50911.0
1719346102.2474,0.0,50911.0
1719346102.3964193,0.0,50911.0
1719346102.5452201,4.0,50911.0
1719346102.6945045,4.0,50911.0
1719346102.8438673,100.0,50911.0
1719346102.9930396,100.0,50911.0
1719346103.142855,99.0,50911.0
1719346103.3445766,100.0,50911.0
1719346103.5191264,100.0,50911.0
1719346103.6922386,77.0,50911.0
1719346103.8743832,77.0,50911.0
1719346104.0909157,0.0,50911.0
1719346104.2551024,0.0,50911.0
1719346104.4338734,0.0,50911.0
1719346104.602366,0.0,50911.0
1719346104.7701442,0.0,50911.0
1719346104.9449103,0.0,50911.0
1719346105.1291413,0.0,50911.0
1719346105.2912164,0.0,50911.0
1719346105.5291805,0.0,50911.0
1719346105.7501638,0.0,50911.0
1719346105.9729981,0.0,50911.0
1719346106.1740563,0.0,50911.0
1719346106.3619416,0.0,50911.0
1719346106.5268643,0.0,50911.0
1719346106.7088807,0.0,50911.0
1719346106.8803172,0.0,50911.0
1719346107.034886,0.0,50911.0
1719346107.1832948,0.0,50911.0
1719346107.338441,57.0,50911.0
1719346107.486502,57.0,50911.0
1719346107.6937103,99.0,50911.0
1719346107.8732708,100.0,50911.0
1719346108.0591285,100.0,50911.0
1719346108.252031,100.0,50911.0
1719346108.4288983,100.0,50911.0
1719346108.6130548,95.0,50911.0
1719346108.8029366,100.0,50911.0
1719346108.9851172,97.0,50911.0
1719346109.14851,100.0,50911.0
1719346109.3131683,89.0,50911.0
1719346109.4914336,89.0,50911.0
1719346109.6911764,100.0,50911.0
1719346109.871266,96.0,50911.0
1719346110.0646975,95.0,50911.0
1719346110.3346992,100.0,50911.0
1719346110.5671544,96.0,50911.0
1719346110.7741635,100.0,50911.0
1719346111.0102644,90.0,50911.0
1719346111.191579,100.0,50911.0
1719346111.3777738,95.0,50911.0
1719346111.5524588,100.0,50911.0
1719346111.7130182,100.0,50911.0
1719346111.8645256,96.0,50911.0
1719346112.0136123,100.0,50911.0
1719346112.1639864,97.0,50911.0
1719346112.3138986,97.0,50911.0
1719346112.46477,100.0,50911.0
1719346112.6334627,99.0,50911.0
1719346112.8098698,100.0,50911.0
1719346113.0026498,99.0,50911.0
1719346113.1773777,100.0,50911.0
1719346113.3625371,100.0,50911.0
1719346113.5298617,100.0,50911.0
1719346113.7266982,82.0,50911.0
1719346113.8808756,0.0,50911.0
1719346114.051109,0.0,50911.0
1719346114.2189598,0.0,50911.0
1719346114.400008,0.0,50911.0
1719346114.5693266,0.0,50911.0
1719346114.7480564,0.0,50911.0
1719346114.9730146,0.0,50911.0
1719346115.1651273,0.0,50911.0
1719346115.393974,0.0,50911.0
1719346115.632149,0.0,50911.0
1719346115.7978559,0.0,50911.0
1719346115.9613812,0.0,50911.0
1719346116.135653,0.0,50911.0
1719346116.2940917,0.0,50911.0
1719346116.4442568,0.0,50911.0
1719346116.5925734,0.0,50911.0
1719346116.7404752,0.0,50911.0
1719346116.8907323,82.0,50911.0
1719346117.0407383,100.0,50911.0
1719346117.1910233,99.0,50911.0
1719346117.36985,100.0,50911.0
1719346117.5392754,100.0,50911.0
1719346117.7274065,96.0,50911.0
1719346117.9068215,0.0,50911.0
1719346118.1216211,0.0,50911.0
1719346118.284838,0.0,50911.0
1719346118.4566422,0.0,50911.0
1719346118.6106727,0.0,50911.0
1719346118.772911,0.0,50911.0
1719346118.9345193,0.0,50911.0
1719346119.121282,0.0,50911.0
1719346119.2915797,0.0,50911.0
1719346119.4836915,0.0,50911.0
1719346119.730954,0.0,50911.0
1719346119.92643,0.0,50911.0
1719346120.1539316,0.0,50911.0
1719346120.392789,0.0,50911.0
1719346120.5480516,0.0,50911.0
1719346120.7296832,0.0,50911.0
1719346120.8982425,0.0,50911.0
1719346121.0482974,0.0,50911.0
1719346121.2032547,0.0,50911.0
1719346121.357512,0.0,50911.0
1719346121.5180674,66.0,50911.0
1719346121.6808772,100.0,50911.0
1719346121.8447835,99.0,50911.0
1719346122.027245,100.0,50911.0
1719346122.2287443,100.0,50911.0
1719346122.4185648,100.0,50911.0
1719346122.6080415,100.0,50911.0
1719346122.7763824,9.0,50911.0
1719346122.948817,0.0,50911.0
1719346123.1198304,0.0,50911.0
1719346123.2847219,0.0,50911.0
1719346123.4636586,0.0,50911.0
1719346123.63237,0.0,50911.0
1719346123.7940269,0.0,50911.0
1719346123.9692776,0.0,50911.0
1719346124.1256661,0.0,50911.0
1719346124.3494627,0.0,50911.0
1719346124.5613968,0.0,50911.0
1719346124.8091788,0.0,50911.0
1719346125.0045109,0.0,50911.0
1719346125.1701787,0.0,50911.0
1719346125.3458614,0.0,50911.0
1719346125.5257976,0.0,50911.0
1719346125.7020667,0.0,50911.0
1719346125.8507466,0.0,50911.0
1719346126.0007148,0.0,50911.0
1719346126.153263,1.0,50911.0
1719346126.3040547,100.0,50911.0
1719346126.4550273,100.0,50911.0
1719346126.6067822,98.0,50911.0
1719346126.78235,98.0,50911.0
1719346126.9618776,100.0,50911.0
1719346127.1344955,100.0,50911.0
1719346127.3322384,80.0,50911.0
1719346127.5311909,0.0,50911.0
1719346127.6944711,0.0,50911.0
1719346127.8782923,0.0,50911.0
1719346128.0273094,0.0,50911.0
1719346128.1884623,0.0,50911.0
1719346128.3621821,0.0,50911.0
1719346128.544288,0.0,50911.0
1719346128.713476,0.0,50911.0
1719346128.873358,0.0,50911.0
1719346129.1163907,0.0,50911.0
1719346129.310737,0.0,50911.0
1719346129.5366743,0.0,50911.0
1719346129.7810833,0.0,50911.0
1719346129.9608152,0.0,50911.0
1719346130.1545155,0.0,50911.0
1719346130.3169231,0.0,50911.0
1719346130.4669347,0.0,50911.0
1719346130.617281,97.0,50911.0
1719346131.0486822,100.0,50911.0
1719346131.3267643,100.0,50911.0
1719346131.7123027,83.0,50911.0
1719346132.100522,0.0,50911.0
1719346132.3117132,0.0,50911.0
1719346132.474836,0.0,50911.0
1719346132.6326885,0.0,50911.0
1719346132.8060575,0.0,50911.0
1719346132.988608,0.0,50911.0
1719346133.177762,0.0,50911.0
1719346133.354495,0.0,50911.0
1719346133.5224414,0.0,50911.0
1719346133.7464092,0.0,50911.0
1719346133.9204087,0.0,50911.0
1719346134.1453571,0.0,50911.0
1719346134.3433945,0.0,50911.0
1719346134.5171509,0.0,50911.0
1719346134.6705818,0.0,50911.0
1719346134.8413382,0.0,50911.0
1719346135.0362568,0.0,50911.0
1719346135.185625,0.0,50911.0
1719346135.3344061,0.0,50911.0
1719346135.4868453,57.0,50911.0
1719346135.6361048,57.0,50911.0
1719346135.7837107,100.0,50911.0
1719346135.93683,98.0,50911.0
1719346136.120104,100.0,50911.0
1719346136.3193824,100.0,50911.0
1719346136.4831557,100.0,50911.0
1719346136.6463635,18.0,50911.0
1719346136.8287194,18.0,50911.0
1719346137.0053127,0.0,50911.0
1719346137.1655152,0.0,50911.0
1719346137.331145,0.0,50911.0
1719346137.4978416,0.0,50911.0
1719346137.6659818,0.0,50911.0
1719346137.8372903,0.0,50911.0
1719346138.0327365,0.0,50911.0
1719346138.2053113,0.0,50911.0
1719346138.4418406,0.0,50911.0
1719346138.665451,0.0,50911.0
1719346138.830561,0.0,50911.0
1719346139.0241702,0.0,50911.0
1719346139.2340143,0.0,50911.0
1719346139.4127393,0.0,50911.0
1719346139.6149776,0.0,50911.0
1719346139.8056993,0.0,50911.0
1719346139.9560847,0.0,50911.0
1719346140.1039145,0.0,50911.0
1719346140.252404,0.0,50911.0
1719346140.4025083,74.0,50911.0
1719346140.551225,74.0,50911.0
1719346140.7034245,100.0,50911.0
1719346140.8696518,100.0,50911.0
1719346141.0589814,100.0,50911.0
1719346141.221682,100.0,50911.0
1719346141.40656,98.0,50911.0
1719346141.5789907,5.0,50911.0
1719346141.7745564,0.0,50911.0
1719346141.9644308,0.0,50911.0
1719346142.1300545,0.0,50911.0
1719346142.3043594,0.0,50911.0
1719346142.4796157,0.0,50911.0
1719346142.657457,0.0,50911.0
1719346142.8366878,0.0,50911.0
1719346143.0259457,0.0,50911.0
1719346143.264927,0.0,50911.0
1719346143.4564054,0.0,50911.0
1719346143.700476,0.0,50911.0
1719346143.9536004,0.0,50911.0
1719346144.1049309,0.0,50911.0
1719346144.286336,0.0,50911.0
1719346144.4608848,0.0,50911.0
1719346144.6098168,0.0,50911.0
1719346144.763894,0.0,50911.0
1719346144.9125412,0.0,50911.0
1719346145.064139,25.0,50911.0
1719346145.2143114,100.0,50911.0
1719346145.3623457,99.0,50911.0
1719346145.5202222,99.0,50911.0
1719346145.7055166,100.0,50911.0
1719346145.8870518,100.0,50911.0
1719346146.1047308,58.0,50911.0
1719346146.2723582,0.0,50911.0
1719346146.4787831,0.0,50911.0
1719346146.6642358,0.0,50911.0
1719346146.8203917,0.0,50911.0
1719346146.9855556,0.0,50911.0
1719346147.1712224,0.0,50911.0
1719346147.3363733,0.0,50911.0
1719346147.523051,0.0,50911.0
1719346147.6828983,0.0,50911.0
1719346147.909104,0.0,50911.0
1719346148.1041336,0.0,50911.0
1719346148.3242786,0.0,50911.0
1719346148.5647507,0.0,50911.0
1719346148.752723,0.0,50911.0
1719346148.9240215,0.0,50911.0
1719346149.0940335,0.0,50911.0
1719346149.2452357,0.0,50911.0
1719346149.400518,0.0,50911.0
1719346149.5493739,0.0,50911.0
1719346149.6998568,30.0,50911.0
1719346149.8508272,100.0,50911.0
1719346150.0006938,99.0,50911.0
1719346150.1556873,99.0,50911.0
1719346150.3292093,100.0,50911.0
1719346150.5369525,100.0,50911.0
1719346150.7446895,53.0,50911.0
1719346150.92329,0.0,50911.0
1719346151.1337924,0.0,50911.0
1719346151.3320801,0.0,50911.0
1719346151.4903903,0.0,50911.0
1719346151.6576767,0.0,50911.0
1719346151.8500574,0.0,50911.0
1719346152.0141664,0.0,50911.0
1719346152.1846035,0.0,50911.0
1719346152.3516989,0.0,50911.0
1719346152.5685773,0.0,50911.0
1719346152.7601147,0.0,50911.0
1719346152.9856622,0.0,50911.0
1719346153.1810308,0.0,50911.0
1719346153.3736384,0.0,50911.0
1719346153.5373366,0.0,50911.0
1719346153.7083035,0.0,50911.0
1719346153.8739274,0.0,50911.0
1719346154.0258079,0.0,50911.0
1719346154.1783273,0.0,50911.0
1719346154.328086,0.0,50911.0
1719346154.4777865,68.0,50911.0
1719346154.6264827,100.0,50911.0
1719346154.7790477,99.0,50911.0
1719346154.953388,100.0,50911.0
1719346155.1274006,100.0,50911.0
1719346155.3178253,100.0,50911.0
1719346155.524263,100.0,50911.0
1719346155.7046702,95.0,50911.0
1719346155.9619963,100.0,50911.0
1719346156.1658292,97.0,50911.0
1719346156.369027,96.0,50911.0
1719346156.539349,100.0,50911.0
1719346156.7181754,100.0,50911.0
1719346156.8905773,97.0,50911.0
1719346157.0554507,100.0,50911.0
1719346157.2988458,97.0,50911.0
1719346157.5193942,99.0,50911.0
1719346157.73071,97.0,50911.0
1719346157.9138029,99.0,50911.0
1719346158.1415808,98.0,50911.0
1719346158.3124793,97.0,50911.0
1719346158.4802532,99.0,50911.0
1719346158.6550097,96.0,50911.0
1719346158.803095,96.0,50911.0
1719346158.9586232,100.0,50911.0
1719346159.1088793,97.0,50911.0
1719346159.2587578,100.0,50911.0
1719346159.4081953,100.0,50911.0
1719346159.5571477,99.0,50911.0
1719346159.7237282,100.0,50911.0
1719346159.9073184,99.0,50911.0
1719346160.0888538,100.0,50911.0
1719346160.2818272,100.0,50911.0
1719346160.459525,100.0,50911.0
1719346160.6553671,100.0,50911.0
1719346160.8282754,0.0,50911.0
1719346160.9882326,0.0,50911.0
1719346161.1552014,0.0,50911.0
1719346161.3671012,0.0,50911.0
1719346161.5498033,0.0,50911.0
1719346161.7188277,0.0,50911.0
1719346161.8751345,0.0,50911.0
1719346162.0983834,0.0,50911.0
1719346162.2850568,0.0,50911.0
1719346162.528797,0.0,50911.0
1719346162.7779272,0.0,50911.0
1719346162.942635,0.0,50911.0
1719346163.1051722,0.0,50911.0
1719346163.2810571,0.0,50911.0
1719346163.4419768,0.0,50911.0
1719346163.591588,0.0,50911.0
1719346163.7399356,0.0,50911.0
1719346163.8979006,34.0,50911.0
1719346164.0490987,100.0,50911.0
1719346164.196567,100.0,50911.0
1719346164.3621244,93.0,50911.0
1719346164.5432758,100.0,50911.0
1719346164.7266493,100.0,50911.0
1719346164.9217865,100.0,50911.0
1719346165.098717,56.0,50911.0
1719346165.284492,0.0,50911.0
1719346165.4362943,0.0,50911.0
1719346165.6256104,0.0,50911.0
1719346165.7901785,0.0,50911.0
1719346165.9515123,0.0,50911.0
1719346166.1322975,0.0,50911.0
1719346166.3086274,0.0,50911.0
1719346166.4749835,0.0,50911.0
1719346166.6340778,0.0,50911.0
1719346166.8774533,0.0,50911.0
1719346167.045341,0.0,50911.0
1719346167.3005323,0.0,50911.0
1719346167.5261223,0.0,50911.0
1719346167.707565,0.0,50911.0
1719346167.883365,0.0,50911.0
1719346168.0621164,0.0,50911.0
1719346168.2154005,0.0,50911.0
1719346168.3701665,0.0,50911.0
1719346168.5180495,0.0,50911.0
1719346168.6679883,93.0,50911.0
1719346168.8170798,93.0,50911.0
1719346168.9654572,100.0,50911.0
1719346169.1211662,99.0,50911.0
1719346169.3180242,100.0,50911.0
1719346169.5145519,100.0,50911.0
1719346169.6932611,86.0,50911.0
1719346169.8740232,0.0,50911.0
1719346170.0718997,0.0,50911.0
1719346170.2308521,0.0,50911.0
1719346170.4030468,0.0,50911.0
1719346170.554263,0.0,50911.0
1719346170.718761,0.0,50911.0
1719346170.9044518,0.0,50911.0
1719346171.0837853,0.0,50911.0
1719346171.254176,0.0,50911.0
1719346171.417491,0.0,50911.0
1719346171.6492069,0.0,50911.0
1719346171.8497527,0.0,50911.0
1719346172.0726697,0.0,50911.0
1719346172.3143241,0.0,50911.0
1719346172.4729989,0.0,50911.0
1719346172.6438851,0.0,50911.0
1719346172.8252807,0.0,50911.0
1719346172.9754207,0.0,50911.0
1719346173.1297133,0.0,50911.0
1719346173.2791867,0.0,50911.0
1719346173.4281678,20.0,50911.0
1719346173.5802486,100.0,50911.0
1719346173.729136,99.0,50911.0
1719346173.8822865,100.0,50911.0
1719346174.0611854,100.0,50911.0
1719346174.2591937,100.0,50911.0
1719346174.4386637,100.0,50911.0
1719346174.6133418,63.0,50911.0
1719346174.7931497,0.0,50911.0
1719346174.959027,0.0,50911.0
1719346175.1301715,0.0,50911.0
1719346175.292141,0.0,50911.0
1719346175.4506943,0.0,50911.0
1719346175.6279135,0.0,50911.0
1719346175.7917435,0.0,50911.0
1719346175.96541,0.0,50911.0
1719346176.1221693,0.0,50911.0
1719346176.3447118,0.0,50911.0
1719346176.521438,0.0,50911.0
1719346176.7500513,0.0,50911.0
1719346176.9880998,0.0,50911.0
1719346177.2110064,0.0,50911.0
1719346177.3876383,0.0,50911.0
1719346177.5693283,0.0,50911.0
1719346177.7177749,0.0,50911.0
1719346177.868386,0.0,50911.0
1719346178.0193908,0.0,50911.0
1719346178.1699102,98.0,50911.0
1719346178.3171222,98.0,50911.0
1719346178.5018482,99.0,50911.0
1719346178.6521914,99.0,50911.0
1719346178.835277,100.0,50911.0
1719346179.0345528,100.0,50911.0
1719346179.212663,81.0,50911.0
1719346179.3844488,0.0,50911.0
1719346179.5801392,0.0,50911.0
1719346179.7467442,0.0,50911.0
1719346179.9013693,0.0,50911.0
1719346180.0688384,0.0,50911.0
1719346180.2715187,0.0,50911.0
1719346180.459023,0.0,50911.0
1719346180.627916,0.0,50911.0
1719346180.7821705,0.0,50911.0
1719346181.003313,0.0,50911.0
1719346181.1989613,0.0,50911.0
1719346181.426172,0.0,50911.0
1719346181.6204002,0.0,50911.0
1719346181.7929611,0.0,50911.0
1719346181.9687455,0.0,50911.0
1719346182.1514826,0.0,50911.0
1719346182.31987,0.0,50911.0
1719346182.469141,0.0,50911.0
1719346182.6193488,0.0,50911.0
1719346182.768188,0.0,50911.0
1719346182.9213436,100.0,50911.0
1719346183.0742307,100.0,50911.0
1719346183.2265859,99.0,50911.0
1719346183.39361,100.0,50911.0
1719346183.5820878,100.0,50911.0
1719346183.7676344,100.0,50911.0
1719346183.9522855,54.0,50911.0
1719346184.1387503,0.0,50911.0
1719346184.3013926,0.0,50911.0
1719346184.4824958,0.0,50911.0
1719346184.6406627,0.0,50911.0
1719346184.8074584,0.0,50911.0
1719346184.9983704,0.0,50911.0
1719346185.1773186,0.0,50911.0
1719346185.3477488,0.0,50911.0
1719346185.5091953,0.0,50911.0
1719346185.7330334,0.0,50911.0
1719346185.92025,0.0,50911.0
1719346186.1405702,0.0,50911.0
1719346186.3841698,0.0,50911.0
1719346186.5929863,0.0,50911.0
1719346186.78916,0.0,50911.0
1719346186.9611702,0.0,50911.0
1719346187.1125226,0.0,50911.0
1719346187.2650347,0.0,50911.0
1719346187.416005,0.0,50911.0
1719346187.5659015,100.0,50911.0
1719346187.7159598,100.0,50911.0
1719346187.8648324,99.0,50911.0
1719346188.0172443,100.0,50911.0
1719346188.186629,100.0,50911.0
1719346188.381607,100.0,50911.0
1719346188.5611565,71.0,50911.0
1719346188.7341392,71.0,50911.0
1719346188.9090428,0.0,50911.0
1719346189.0751493,0.0,50911.0
1719346189.2534394,0.0,50911.0
1719346189.4180331,0.0,50911.0
1719346189.5943823,0.0,50911.0
1719346189.7568948,0.0,50911.0
1719346189.931817,0.0,50911.0
1719346190.1124408,0.0,50911.0
1719346190.2754471,0.0,50911.0
1719346190.5018342,0.0,50911.0
1719346190.6873326,0.0,50911.0
1719346190.9207425,0.0,50911.0
1719346191.1642482,0.0,50911.0
1719346191.3644097,0.0,50911.0
1719346191.5397274,0.0,50911.0
1719346191.7215667,0.0,50911.0
1719346191.8760564,0.0,50911.0
1719346192.0399406,0.0,50911.0
1719346192.1965542,0.0,50911.0
1719346192.3561003,33.0,50911.0
1719346192.5174017,100.0,50911.0
1719346192.6732013,99.0,50911.0
1719346192.8296893,100.0,50911.0
1719346193.0234404,100.0,50911.0
1719346193.2052681,100.0,50911.0
1719346193.3748722,51.0,50911.0
1719346193.5779886,0.0,50911.0
1719346193.75142,0.0,50911.0
1719346193.9278731,0.0,50911.0
1719346194.099322,0.0,50911.0
1719346194.2704937,0.0,50911.0
1719346194.448756,0.0,50911.0
1719346194.613998,0.0,50911.0
1719346194.790837,0.0,50911.0
1719346194.9513009,0.0,50911.0
1719346195.1769912,0.0,50911.0
1719346195.3936837,0.0,50911.0
1719346195.6476238,0.0,50911.0
1719346195.875018,0.0,50911.0
1719346196.0544481,0.0,50911.0
1719346196.2208931,0.0,50911.0
1719346196.4021778,0.0,50911.0
1719346196.5611956,0.0,50911.0
1719346196.7100027,0.0,50911.0
1719346196.8588421,0.0,50911.0
1719346197.0120108,0.0,50911.0
1719346197.166387,91.0,50911.0
1719346197.315398,100.0,50911.0
1719346197.474166,99.0,50911.0
1719346197.6579576,100.0,50911.0
1719346197.8424149,100.0,50911.0
1719346198.0259638,87.0,50911.0
1719346198.2005236,87.0,50911.0
1719346198.4193969,0.0,50911.0
1719346198.5784886,0.0,50911.0
1719346198.7572427,0.0,50911.0
1719346198.9191496,0.0,50911.0
1719346199.0802953,0.0,50911.0
1719346199.2685957,0.0,50911.0
1719346199.4510043,0.0,50911.0
1719346199.628888,0.0,50911.0
1719346199.821766,0.0,50911.0
1719346200.061231,0.0,50911.0
1719346200.313326,0.0,50911.0
1719346200.4903328,0.0,50911.0
1719346200.7076826,0.0,50911.0
1719346200.8669682,0.0,50911.0
1719346201.0358205,0.0,50911.0
1719346201.212124,0.0,50911.0
1719346201.3602781,0.0,50911.0
1719346201.5140045,0.0,50911.0
1719346201.6622965,35.0,50911.0
1719346201.8125184,35.0,50911.0
1719346201.9604075,100.0,50911.0
