timestamp,gpu_util,gpu_mem
1719258061.6421554,0.0,4.0
1719258061.8051975,0.0,4.0
1719258061.9436812,0.0,4.0
1719258062.0816607,0.0,27.0
1719258062.2166061,0.0,633.0
1719258062.3472726,7.0,633.0
1719258062.4773018,0.0,633.0
1719258062.60423,0.0,633.0
1719258062.730926,0.0,633.0
1719258062.856851,0.0,633.0
1719258062.9833214,0.0,633.0
1719258063.1102364,0.0,633.0
1719258063.2354355,0.0,633.0
1719258063.3622313,0.0,633.0
1719258063.4873285,0.0,633.0
1719258063.613651,0.0,633.0
1719258063.738763,0.0,633.0
1719258063.8653178,0.0,633.0
1719258064.0028977,0.0,633.0
1719258064.128413,0.0,633.0
1719258064.2535763,0.0,633.0
1719258064.379813,0.0,633.0
1719258064.508534,0.0,633.0
1719258064.6339746,0.0,633.0
1719258064.7590187,0.0,633.0
1719258064.8840659,0.0,633.0
1719258065.01079,0.0,633.0
1719258065.1359992,0.0,633.0
1719258065.2621424,0.0,633.0
1719258065.388321,0.0,633.0
1719258065.5151505,0.0,633.0
1719258065.6401737,0.0,633.0
1719258065.7662084,0.0,633.0
1719258065.8913023,0.0,633.0
1719258066.0164227,0.0,633.0
1719258066.1422708,0.0,633.0
1719258066.2699826,0.0,633.0
1719258066.3959475,0.0,633.0
1719258066.5211742,0.0,633.0
1719258066.6462429,0.0,633.0
1719258066.7715106,0.0,633.0
1719258066.896759,0.0,633.0
1719258067.0221756,0.0,633.0
1719258067.1485274,0.0,633.0
1719258067.2890832,0.0,633.0
1719258067.4158258,0.0,633.0
1719258067.5437975,0.0,633.0
1719258067.6689308,0.0,633.0
1719258067.7943542,0.0,633.0
1719258067.9195774,0.0,633.0
1719258068.0448322,0.0,633.0
1719258068.1701844,0.0,633.0
1719258068.2971804,0.0,633.0
1719258068.423133,0.0,633.0
1719258068.5486302,0.0,633.0
1719258068.6737475,0.0,633.0
1719258068.799055,0.0,633.0
1719258068.9242523,0.0,633.0
1719258069.0492115,0.0,633.0
1719258069.1742527,0.0,633.0
1719258069.304364,0.0,633.0
1719258069.431982,0.0,633.0
1719258069.5575974,0.0,633.0
1719258069.6829343,0.0,633.0
1719258069.8082457,0.0,633.0
1719258069.9332979,0.0,633.0
1719258070.0585213,0.0,633.0
1719258070.184785,0.0,633.0
1719258070.3117404,0.0,633.0
1719258070.4378984,0.0,633.0
1719258070.5951276,0.0,633.0
1719258070.7215056,0.0,633.0
1719258070.847026,0.0,633.0
1719258070.9721093,0.0,633.0
1719258071.0973282,0.0,633.0
1719258071.222708,0.0,633.0
1719258071.3479168,0.0,633.0
1719258071.4757664,0.0,633.0
1719258071.6032443,0.0,633.0
1719258071.7285676,0.0,633.0
1719258071.853867,0.0,633.0
1719258071.9789245,0.0,633.0
1719258072.104472,0.0,633.0
1719258072.229841,0.0,633.0
1719258072.356099,0.0,633.0
1719258072.4822524,0.0,633.0
1719258072.6081383,0.0,633.0
1719258072.7338138,0.0,633.0
1719258072.8604336,0.0,633.0
1719258072.9857223,0.0,633.0
1719258073.1110635,0.0,633.0
1719258073.2362773,0.0,633.0
1719258073.3624358,0.0,633.0
1719258073.4892914,0.0,633.0
1719258073.6148589,0.0,633.0
1719258073.739977,0.0,633.0
1719258073.8651993,0.0,633.0
1719258073.9904807,0.0,633.0
1719258074.115535,0.0,633.0
1719258074.2412763,0.0,633.0
1719258074.3695765,0.0,633.0
1719258074.4956732,0.0,633.0
1719258074.6210556,0.0,633.0
1719258074.7465713,0.0,633.0
1719258074.8718634,0.0,633.0
1719258074.9993544,0.0,633.0
1719258075.1262686,0.0,633.0
1719258075.2538364,0.0,633.0
1719258075.3808362,0.0,633.0
1719258075.5060573,0.0,633.0
1719258075.631308,0.0,633.0
1719258075.7570322,0.0,633.0
1719258075.883945,0.0,633.0
1719258076.0114367,0.0,633.0
1719258076.1372995,0.0,633.0
1719258076.2626462,0.0,633.0
1719258076.3891988,0.0,633.0
1719258076.5154455,0.0,633.0
1719258076.6430526,0.0,633.0
1719258076.7684748,0.0,633.0
1719258076.8936226,0.0,633.0
1719258077.018761,0.0,633.0
1719258077.144036,0.0,633.0
1719258077.30269,0.0,633.0
1719258077.4295082,0.0,633.0
1719258077.554713,0.0,633.0
1719258077.6800025,0.0,633.0
1719258077.8051302,0.0,633.0
1719258077.9326124,0.0,633.0
1719258078.0599883,0.0,633.0
1719258078.1862843,0.0,633.0
1719258078.3115706,0.0,633.0
1719258078.438133,0.0,633.0
1719258078.5640047,0.0,633.0
1719258078.689096,0.0,633.0
1719258078.8159907,0.0,633.0
1719258078.942437,0.0,633.0
1719258079.0679297,0.0,633.0
1719258079.193161,0.0,633.0
1719258079.3186939,0.0,633.0
1719258079.444685,0.0,633.0
1719258079.570042,0.0,633.0
1719258079.6953244,0.0,633.0
1719258079.8216357,0.0,633.0
1719258079.94932,0.0,633.0
1719258080.0747721,0.0,633.0
1719258080.200114,0.0,633.0
1719258080.3254275,0.0,633.0
1719258080.4513705,0.0,633.0
1719258080.586541,0.0,633.0
1719258080.7119815,0.0,633.0
1719258080.8375444,0.0,633.0
1719258080.9627306,0.0,633.0
1719258081.0879233,0.0,633.0
1719258081.2136257,0.0,633.0
1719258081.3397756,0.0,633.0
1719258081.46561,0.0,633.0
1719258081.590666,0.0,633.0
1719258081.7159975,0.0,633.0
1719258081.8414097,0.0,633.0
1719258081.966898,0.0,633.0
1719258082.0919092,0.0,633.0
1719258082.2168624,0.0,633.0
1719258082.3447676,0.0,633.0
1719258082.4708765,0.0,633.0
1719258082.596198,0.0,633.0
1719258082.7215772,0.0,633.0
1719258082.8473024,0.0,633.0
1719258082.9724183,0.0,633.0
1719258083.09783,0.0,633.0
1719258083.222913,0.0,633.0
1719258083.3495533,0.0,633.0
1719258083.47717,0.0,633.0
1719258083.6023376,0.0,633.0
1719258083.7273436,0.0,633.0
1719258083.8524013,0.0,633.0
1719258083.9777293,0.0,633.0
1719258084.1029336,0.0,633.0
1719258084.227897,0.0,633.0
1719258084.3540626,0.0,633.0
1719258084.4801931,0.0,633.0
1719258084.6078794,0.0,633.0
1719258084.7329535,0.0,633.0
1719258084.8597524,0.0,633.0
1719258084.9847364,0.0,633.0
1719258085.1212127,0.0,633.0
1719258085.2470815,0.0,633.0
1719258085.3737993,0.0,633.0
1719258085.4988952,0.0,633.0
1719258085.6245215,0.0,633.0
1719258085.7504935,0.0,633.0
1719258085.8765786,0.0,633.0
1719258086.001757,0.0,633.0
1719258086.1269426,0.0,633.0
1719258086.2524588,0.0,633.0
1719258086.3775473,0.0,633.0
1719258086.5025482,0.0,633.0
1719258086.6275866,0.0,633.0
1719258086.754361,0.0,633.0
1719258086.8821118,0.0,633.0
1719258087.0075195,0.0,633.0
1719258087.1326244,0.0,633.0
1719258087.290578,0.0,633.0
1719258087.4175937,0.0,633.0
1719258087.5426438,0.0,633.0
1719258087.6686687,0.0,633.0
1719258087.7939334,0.0,633.0
1719258087.919036,0.0,633.0
1719258088.0450976,0.0,633.0
1719258088.172244,0.0,633.0
1719258088.2989168,0.0,633.0
1719258088.4248579,0.0,633.0
1719258088.5503654,0.0,633.0
1719258088.6765835,0.0,633.0
1719258088.8045917,0.0,633.0
1719258088.929743,0.0,633.0
1719258089.0546076,0.0,633.0
1719258089.1799605,0.0,633.0
1719258089.3050575,0.0,633.0
1719258089.4327135,0.0,633.0
1719258089.562507,0.0,633.0
1719258089.6963618,0.0,633.0
1719258089.8235204,0.0,633.0
1719258089.9515312,0.0,633.0
1719258090.0769331,0.0,633.0
1719258090.2021556,0.0,633.0
1719258090.3328447,0.0,633.0
1719258090.4603212,0.0,633.0
1719258090.609774,0.0,633.0
1719258090.7356453,0.0,633.0
1719258090.860896,0.0,633.0
1719258090.985879,0.0,633.0
1719258091.1111898,0.0,633.0
1719258091.2375834,0.0,633.0
1719258091.3641574,0.0,633.0
1719258091.4903936,0.0,633.0
1719258091.6165204,0.0,633.0
1719258091.742274,0.0,633.0
1719258091.867726,0.0,633.0
1719258091.9940312,0.0,633.0
1719258092.1206336,0.0,633.0
1719258092.24617,0.0,633.0
1719258092.3728883,0.0,633.0
1719258092.4988675,0.0,633.0
1719258092.6242788,0.0,633.0
1719258092.7493222,0.0,633.0
1719258092.8758981,0.0,633.0
1719258093.003714,0.0,633.0
1719258093.1291518,0.0,633.0
1719258093.2542436,0.0,633.0
1719258093.3794947,0.0,633.0
1719258093.5049186,0.0,633.0
1719258093.630207,0.0,633.0
1719258093.7565064,0.0,633.0
1719258093.8899984,0.0,633.0
1719258094.015569,0.0,633.0
1719258094.140735,0.0,633.0
1719258094.2656925,0.0,633.0
1719258094.3925831,0.0,633.0
1719258094.519747,0.0,633.0
1719258094.645004,0.0,633.0
1719258094.7701545,0.0,633.0
1719258094.8953743,0.0,633.0
1719258095.053392,0.0,633.0
1719258095.178591,0.0,633.0
1719258095.3042028,0.0,633.0
1719258095.4310417,0.0,633.0
1719258095.5560057,0.0,633.0
1719258095.6835315,0.0,633.0
1719258095.8089566,0.0,633.0
1719258095.9339495,0.0,633.0
1719258096.0594244,0.0,633.0
1719258096.1863594,0.0,633.0
1719258096.3118377,0.0,633.0
1719258096.4389858,0.0,633.0
1719258096.5669546,0.0,633.0
1719258096.6920953,0.0,633.0
1719258096.8171442,0.0,633.0
1719258096.9425197,0.0,633.0
1719258097.0675597,0.0,633.0
1719258097.192673,0.0,633.0
1719258097.3193264,0.0,633.0
1719258097.445457,0.0,633.0
1719258097.5722566,0.0,633.0
1719258097.6972518,0.0,633.0
1719258097.8222566,0.0,633.0
1719258097.947319,0.0,633.0
1719258098.0723276,0.0,633.0
1719258098.1976144,0.0,633.0
1719258098.3244295,0.0,633.0
1719258098.4503303,0.0,633.0
1719258098.5775325,0.0,633.0
1719258098.7025993,0.0,633.0
1719258098.8276777,0.0,633.0
1719258098.9527853,0.0,633.0
1719258099.0777628,0.0,633.0
1719258099.2030263,0.0,633.0
1719258099.329149,0.0,633.0
1719258099.4559052,0.0,633.0
1719258099.5822442,0.0,633.0
1719258099.707946,0.0,633.0
1719258099.8331807,0.0,633.0
1719258099.9585993,0.0,633.0
1719258100.0834446,0.0,633.0
1719258100.2084749,0.0,633.0
1719258100.3346434,0.0,633.0
1719258100.4606864,0.0,633.0
1719258100.6292927,0.0,633.0
1719258100.7545075,0.0,633.0
1719258100.8794718,0.0,633.0
1719258101.0044563,0.0,633.0
1719258101.1297233,0.0,633.0
1719258101.2545545,0.0,633.0
1719258101.3813415,0.0,633.0
1719258101.508402,0.0,633.0
1719258101.6339507,0.0,633.0
1719258101.759077,0.0,633.0
1719258101.8842354,0.0,633.0
1719258102.0094788,0.0,633.0
1719258102.1345463,0.0,633.0
1719258102.2605386,0.0,633.0
1719258102.3870049,0.0,633.0
1719258102.5123806,0.0,633.0
1719258102.6381445,0.0,633.0
1719258102.764096,0.0,633.0
1719258102.8894446,0.0,633.0
1719258103.015216,0.0,633.0
1719258103.1408334,0.0,633.0
1719258103.2666779,0.0,633.0
1719258103.3925824,0.0,633.0
1719258103.5202117,0.0,633.0
1719258103.6459239,0.0,633.0
1719258103.7717068,0.0,633.0
1719258103.897106,0.0,633.0
1719258104.0229561,0.0,633.0
1719258104.1490898,0.0,633.0
1719258104.276834,0.0,633.0
1719258104.4027617,0.0,633.0
1719258104.528036,0.0,633.0
1719258104.6530817,0.0,633.0
1719258104.7782195,0.0,633.0
1719258104.9051843,0.0,633.0
1719258105.0309722,0.0,633.0
1719258105.1561446,0.0,633.0
1719258105.2810736,0.0,633.0
1719258105.4087188,0.0,633.0
1719258105.5337334,0.0,633.0
1719258105.6601098,0.0,633.0
1719258105.7877867,0.0,633.0
1719258105.9135442,0.0,633.0
1719258106.0385878,0.0,633.0
1719258106.2044573,0.0,633.0
1719258106.3297303,0.0,633.0
1719258106.4559689,0.0,633.0
1719258106.5810492,0.0,633.0
1719258106.7073994,0.0,633.0
1719258106.8336902,0.0,633.0
1719258106.9586277,0.0,633.0
1719258107.0834851,0.0,633.0
1719258107.2086124,0.0,633.0
1719258107.333588,0.0,633.0
1719258107.460086,0.0,633.0
1719258107.5851958,0.0,633.0
1719258107.7127025,0.0,633.0
1719258107.8395824,0.0,633.0
1719258107.9674919,0.0,633.0
1719258108.0927198,0.0,633.0
1719258108.2182388,0.0,633.0
1719258108.3434713,0.0,633.0
1719258108.471144,0.0,633.0
1719258108.5982676,0.0,633.0
1719258108.7233582,0.0,633.0
1719258108.8484147,0.0,633.0
1719258108.9734087,0.0,633.0
1719258109.0983086,0.0,633.0
1719258109.2234492,0.0,633.0
1719258109.3490665,0.0,633.0
1719258109.4764993,0.0,633.0
1719258109.6044981,0.0,633.0
1719258109.7298167,0.0,633.0
1719258109.8549912,0.0,633.0
1719258109.980153,0.0,633.0
1719258110.1070697,0.0,633.0
1719258110.2321477,0.0,633.0
1719258110.3581922,0.0,633.0
1719258110.4854078,0.0,633.0
1719258110.6111386,0.0,633.0
1719258110.7360861,0.0,633.0
1719258110.8610473,0.0,633.0
1719258110.9861066,0.0,633.0
1719258111.1110353,0.0,633.0
1719258111.2360783,0.0,633.0
1719258111.3635046,0.0,633.0
1719258111.4911845,0.0,633.0
1719258111.6173248,0.0,633.0
1719258111.7423403,0.0,633.0
1719258111.867328,0.0,633.0
1719258111.9924896,0.0,633.0
1719258112.1184382,0.0,633.0
1719258112.2456214,0.0,633.0
1719258112.3718832,0.0,633.0
1719258112.4980211,0.0,633.0
1719258112.6231632,0.0,633.0
1719258112.7487266,0.0,633.0
1719258112.8736494,0.0,633.0
1719258112.999631,0.0,633.0
1719258113.1263256,0.0,633.0
1719258113.2515836,0.0,633.0
1719258113.3766975,0.0,633.0
1719258113.503184,0.0,633.0
1719258113.6282408,0.0,633.0
1719258113.753328,0.0,633.0
1719258113.8786893,0.0,633.0
1719258114.050376,0.0,633.0
1719258114.1754339,0.0,633.0
1719258114.300722,0.0,633.0
1719258114.4272094,0.0,633.0
1719258114.552116,0.0,633.0
1719258114.6773548,0.0,633.0
1719258114.8023345,0.0,633.0
1719258114.9305515,0.0,633.0
1719258115.0564444,0.0,633.0
1719258115.181912,0.0,633.0
1719258115.3070607,0.0,633.0
1719258115.4324813,0.0,633.0
1719258115.5574646,0.0,633.0
1719258115.6825373,0.0,633.0
1719258115.8077471,0.0,633.0
1719258115.9339612,0.0,633.0
1719258116.0614784,0.0,633.0
1719258116.1866145,0.0,633.0
1719258116.3119123,0.0,633.0
1719258116.4376633,0.0,633.0
1719258116.5628088,0.0,633.0
1719258116.6880083,0.0,633.0
1719258116.8139694,0.0,633.0
1719258116.94092,0.0,633.0
1719258117.0660822,0.0,633.0
1719258117.1911836,0.0,633.0
1719258117.3197055,0.0,633.0
1719258117.445668,0.0,633.0
1719258117.5717154,0.0,633.0
1719258117.6994176,0.0,633.0
1719258117.8256812,0.0,633.0
1719258117.951158,0.0,633.0
1719258118.0764673,0.0,633.0
1719258118.2017171,0.0,633.0
1719258118.3269525,0.0,633.0
1719258118.4536896,0.0,633.0
1719258118.5810542,0.0,633.0
1719258118.7060332,0.0,633.0
1719258118.8310668,0.0,633.0
1719258118.9561057,0.0,633.0
1719258119.0812783,0.0,633.0
1719258119.2061133,0.0,633.0
1719258119.3310902,0.0,633.0
1719258119.4571743,0.0,633.0
1719258119.5846615,0.0,633.0
1719258119.7099144,0.0,633.0
1719258119.8349297,0.0,633.0
1719258119.9602022,0.0,633.0
1719258120.0860136,0.0,633.0
1719258120.2112415,0.0,633.0
1719258120.3379729,0.0,633.0
1719258120.464803,0.0,633.0
1719258120.5906777,0.0,633.0
1719258120.7161686,0.0,633.0
1719258120.8585954,0.0,633.0
1719258120.9836147,0.0,633.0
1719258121.1086624,0.0,633.0
1719258121.2339714,0.0,633.0
1719258121.3591547,0.0,633.0
1719258121.4881203,0.0,633.0
1719258121.6155095,0.0,633.0
1719258121.7411602,0.0,633.0
1719258121.8666542,0.0,633.0
1719258121.9999924,0.0,633.0
1719258122.125148,0.0,633.0
1719258122.2507212,0.0,633.0
1719258122.3758717,0.0,633.0
1719258122.5020711,0.0,633.0
1719258122.6271815,0.0,633.0
1719258122.7524273,0.0,633.0
1719258122.878208,0.0,633.0
1719258123.0052176,0.0,633.0
1719258123.1366992,0.0,633.0
1719258123.2617655,0.0,633.0
1719258123.3885598,0.0,633.0
1719258123.5156183,0.0,633.0
1719258123.6430118,0.0,633.0
1719258123.768537,0.0,633.0
1719258123.893631,0.0,633.0
1719258124.018611,0.0,633.0
1719258124.1437504,0.0,633.0
1719258124.268921,0.0,633.0
1719258124.3968647,0.0,633.0
1719258124.5239577,0.0,633.0
1719258124.6500285,0.0,633.0
1719258124.7771568,0.0,633.0
1719258124.902364,0.0,633.0
1719258125.0273,0.0,633.0
1719258125.1534746,0.0,633.0
1719258125.2811575,0.0,633.0
1719258125.407065,0.0,633.0
1719258125.5321536,0.0,633.0
1719258125.6577437,0.0,633.0
1719258125.7830925,0.0,633.0
1719258125.908148,0.0,633.0
1719258126.034856,0.0,633.0
1719258126.1615899,0.0,633.0
1719258126.2867255,0.0,633.0
1719258126.4547133,0.0,633.0
1719258126.5796146,0.0,633.0
1719258126.7095866,0.0,633.0
1719258126.8358316,0.0,633.0
1719258126.9610012,0.0,633.0
1719258127.0865731,0.0,633.0
1719258127.211747,0.0,633.0
1719258127.336793,0.0,633.0
1719258127.4629483,0.0,633.0
1719258127.588761,0.0,633.0
1719258127.715008,0.0,633.0
1719258127.8427067,0.0,633.0
1719258127.9678178,0.0,633.0
1719258128.0928438,0.0,633.0
1719258128.2181132,0.0,633.0
1719258128.3433557,0.0,633.0
1719258128.4701133,0.0,633.0
1719258128.5972965,0.0,633.0
1719258128.7242298,0.0,633.0
1719258128.8492334,0.0,633.0
1719258128.9747083,0.0,633.0
1719258129.0997443,0.0,633.0
1719258129.2254639,0.0,633.0
1719258129.3505592,0.0,633.0
1719258129.4784267,0.0,633.0
1719258129.605984,0.0,633.0
1719258129.7549884,0.0,633.0
1719258129.880187,0.0,633.0
1719258130.0062187,0.0,633.0
1719258130.1313658,0.0,633.0
1719258130.2580178,0.0,633.0
1719258130.3866084,0.0,633.0
1719258130.5119898,0.0,633.0
1719258130.6379094,0.0,633.0
1719258130.7636163,0.0,633.0
1719258130.8887985,0.0,633.0
1719258131.0162354,0.0,633.0
1719258131.144759,0.0,633.0
1719258131.2703888,0.0,633.0
1719258131.3970256,0.0,633.0
1719258131.522734,0.0,633.0
1719258131.6480896,0.0,633.0
1719258131.7745988,0.0,633.0
1719258131.9006135,0.0,633.0
1719258132.0257795,0.0,633.0
1719258132.1513302,0.0,633.0
1719258132.276657,0.0,633.0
1719258132.4024284,0.0,633.0
1719258132.5292454,0.0,633.0
1719258132.6561449,0.0,633.0
1719258132.78369,0.0,633.0
1719258132.9087284,0.0,633.0
1719258133.0722122,0.0,633.0
1719258133.197213,0.0,633.0
1719258133.3226342,0.0,633.0
1719258133.4483886,0.0,633.0
1719258133.5738328,0.0,633.0
1719258133.701571,0.0,633.0
1719258133.8275392,0.0,633.0
1719258133.9528203,0.0,633.0
1719258134.0780365,0.0,633.0
1719258134.2157779,0.0,633.0
1719258134.3411477,0.0,633.0
1719258134.4670262,0.0,633.0
1719258134.5918555,0.0,633.0
1719258134.7169034,0.0,633.0
1719258134.8420014,0.0,633.0
1719258134.967198,0.0,633.0
1719258135.094044,0.0,633.0
1719258135.221889,0.0,633.0
1719258135.3471167,0.0,633.0
1719258135.472972,0.0,633.0
1719258135.5988467,0.0,633.0
1719258135.724231,0.0,633.0
1719258135.8496299,0.0,633.0
1719258135.9757254,0.0,633.0
1719258136.1024647,0.0,633.0
1719258136.2279468,0.0,633.0
1719258136.3529305,0.0,633.0
1719258136.4885297,0.0,633.0
1719258136.6150587,0.0,633.0
1719258136.7404299,0.0,633.0
1719258136.8660886,0.0,633.0
1719258136.9909594,0.0,633.0
1719258137.1161063,0.0,633.0
1719258137.241229,0.0,633.0
1719258137.3662157,0.0,633.0
1719258137.4924932,0.0,633.0
1719258137.6379788,0.0,633.0
1719258137.7664323,0.0,633.0
1719258137.8917499,0.0,633.0
1719258138.0167727,0.0,633.0
1719258138.142009,0.0,633.0
1719258138.2688463,0.0,633.0
1719258138.394519,0.0,633.0
1719258138.5218494,0.0,633.0
1719258138.647595,0.0,633.0
1719258138.7830815,0.0,633.0
1719258138.9111526,0.0,633.0
1719258139.0360835,0.0,633.0
1719258139.1612656,0.0,633.0
1719258139.286498,0.0,633.0
1719258139.4132936,0.0,633.0
1719258139.5385828,0.0,633.0
1719258139.6679845,0.0,633.0
1719258139.793066,0.0,633.0
1719258139.9315019,0.0,633.0
1719258140.0598526,0.0,633.0
1719258140.1850283,0.0,633.0
1719258140.3099995,0.0,633.0
1719258140.4361677,0.0,633.0
1719258140.5615547,0.0,633.0
1719258140.687176,0.0,633.0
1719258140.8133564,0.0,633.0
1719258140.9404578,0.0,633.0
1719258141.0663304,0.0,633.0
1719258141.1913874,0.0,633.0
1719258141.3169365,0.0,633.0
1719258141.4430008,0.0,633.0
1719258141.568091,0.0,633.0
1719258141.6942267,0.0,633.0
1719258141.8216224,0.0,633.0
1719258141.9466753,0.0,633.0
1719258142.071619,0.0,633.0
1719258142.1970577,0.0,633.0
1719258142.3222337,0.0,633.0
1719258142.4480894,0.0,633.0
1719258142.5742567,0.0,633.0
1719258142.7021747,0.0,633.0
1719258142.8272114,0.0,633.0
1719258142.9525375,0.0,633.0
1719258143.078203,0.0,633.0
1719258143.2204483,0.0,633.0
1719258143.3460455,0.0,633.0
1719258143.4719121,0.0,633.0
1719258143.5968225,0.0,633.0
1719258143.7233744,0.0,633.0
1719258143.8507366,0.0,633.0
1719258143.9756968,0.0,633.0
1719258144.1005886,0.0,633.0
1719258144.226575,0.0,633.0
1719258144.3519766,0.0,633.0
1719258144.4768925,0.0,633.0
1719258144.603287,0.0,633.0
1719258144.7302818,0.0,633.0
1719258144.8559213,0.0,633.0
1719258144.9808512,0.0,633.0
1719258145.105851,0.0,633.0
1719258145.23085,0.0,633.0
1719258145.3561568,0.0,633.0
1719258145.4827468,0.0,633.0
1719258145.6079462,0.0,633.0
1719258145.7360446,0.0,633.0
1719258145.8616447,0.0,633.0
1719258145.9872365,0.0,633.0
1719258146.1132133,0.0,633.0
1719258146.2380981,0.0,633.0
1719258146.363646,0.0,633.0
1719258146.4938443,0.0,633.0
1719258146.6212628,0.0,633.0
1719258146.746621,0.0,633.0
1719258146.871443,0.0,633.0
1719258146.9968834,0.0,633.0
1719258147.123146,0.0,633.0
1719258147.2481608,0.0,633.0
1719258147.3742974,0.0,633.0
1719258147.5007806,0.0,633.0
1719258147.6506503,0.0,633.0
1719258147.775705,0.0,633.0
1719258147.900932,0.0,633.0
1719258148.0258763,0.0,633.0
1719258148.1509018,0.0,633.0
1719258148.2769074,0.0,633.0
1719258148.4031372,0.0,633.0
1719258148.5291348,0.0,633.0
1719258148.6541548,0.0,633.0
1719258148.779292,0.0,633.0
1719258148.9045641,0.0,633.0
1719258149.0300605,0.0,633.0
1719258149.1555789,0.0,633.0
1719258149.280844,0.0,633.0
1719258149.4084547,0.0,633.0
1719258149.542925,0.0,633.0
1719258149.6679647,0.0,633.0
1719258149.7929993,0.0,633.0
1719258149.9198263,0.0,633.0
1719258150.0468256,0.0,633.0
1719258150.17206,0.0,633.0
1719258150.297097,0.0,633.0
1719258150.423202,0.0,633.0
1719258150.5488114,0.0,633.0
1719258150.673836,0.0,633.0
1719258150.8005228,0.0,633.0
1719258150.9565575,0.0,633.0
1719258151.0817993,0.0,633.0
1719258151.206846,0.0,633.0
1719258151.3343046,0.0,633.0
1719258151.460034,0.0,633.0
1719258151.5852232,0.0,633.0
1719258151.7112246,0.0,633.0
1719258151.8381307,0.0,633.0
1719258151.9637663,0.0,633.0
1719258152.0908835,0.0,633.0
1719258152.2183027,0.0,633.0
1719258152.3442457,0.0,633.0
1719258152.4701746,0.0,633.0
1719258152.5951545,0.0,633.0
1719258152.723004,0.0,633.0
1719258152.8496501,0.0,633.0
1719258152.9770575,0.0,633.0
1719258153.102341,0.0,633.0
1719258153.2271273,0.0,633.0
1719258153.3521366,0.0,633.0
1719258153.479029,0.0,633.0
1719258153.6047974,0.0,633.0
1719258153.7309568,0.0,633.0
1719258153.8581645,0.0,633.0
1719258153.9831429,0.0,633.0
1719258154.1082928,0.0,633.0
1719258154.2334692,0.0,633.0
1719258154.3586175,0.0,633.0
1719258154.4848256,0.0,633.0
1719258154.614198,0.0,633.0
1719258154.7409701,0.0,633.0
1719258154.8660219,0.0,633.0
1719258154.9910161,0.0,633.0
1719258155.1168458,0.0,633.0
1719258155.2417562,0.0,633.0
1719258155.3666928,0.0,633.0
1719258155.4937315,0.0,633.0
1719258155.6207602,0.0,633.0
1719258155.7457364,0.0,633.0
1719258155.8710911,0.0,633.0
1719258155.9960697,0.0,633.0
1719258156.121202,0.0,633.0
1719258156.2462385,0.0,633.0
1719258156.3710396,0.0,633.0
1719258156.5498047,0.0,633.0
1719258156.6749024,0.0,633.0
1719258156.800563,0.0,633.0
1719258156.9257474,0.0,633.0
1719258157.0523186,0.0,633.0
1719258157.1801953,0.0,633.0
1719258157.3052182,0.0,633.0
1719258157.4319828,0.0,633.0
1719258157.5570123,0.0,633.0
1719258157.6823468,0.0,633.0
1719258157.8075047,0.0,633.0
1719258157.933642,0.0,633.0
1719258158.0611362,0.0,633.0
1719258158.1906128,0.0,633.0
1719258158.3157437,0.0,633.0
1719258158.4415216,0.0,633.0
1719258158.5679102,0.0,633.0
1719258158.6962125,0.0,633.0
1719258158.8216858,0.0,633.0
1719258158.9468303,0.0,633.0
1719258159.0717964,0.0,633.0
1719258159.196962,0.0,633.0
1719258159.3217745,0.0,633.0
1719258159.4476523,0.0,633.0
1719258159.5735393,0.0,633.0
1719258159.7008064,0.0,633.0
1719258159.8480308,0.0,633.0
1719258159.9734895,0.0,633.0
1719258160.0986443,0.0,633.0
1719258160.2241292,0.0,633.0
1719258160.3502123,0.0,633.0
1719258160.4766815,0.0,633.0
1719258160.6033757,0.0,633.0
1719258160.7287903,0.0,633.0
1719258160.854141,0.0,633.0
1719258160.9793062,0.0,633.0
1719258161.1043382,0.0,633.0
1719258161.2297177,0.0,633.0
1719258161.3564718,0.0,633.0
1719258161.4840233,0.0,633.0
1719258161.6096454,0.0,633.0
1719258161.7347631,0.0,633.0
1719258161.8599348,0.0,633.0
1719258161.9849436,0.0,633.0
1719258162.1098728,0.0,633.0
1719258162.2350364,0.0,633.0
1719258162.362244,0.0,633.0
1719258162.4883018,0.0,633.0
1719258162.613277,0.0,633.0
1719258162.7383544,0.0,633.0
1719258162.8635988,0.0,633.0
1719258162.992099,0.0,633.0
1719258163.1398177,0.0,633.0
1719258163.2667987,0.0,633.0
1719258163.3919895,0.0,633.0
1719258163.5186994,0.0,633.0
1719258163.6438208,0.0,633.0
1719258163.7690465,0.0,633.0
1719258163.8941357,0.0,633.0
1719258164.0219822,0.0,633.0
1719258164.14731,0.0,633.0
1719258164.2723935,0.0,633.0
1719258164.399239,0.0,633.0
1719258164.5244443,0.0,633.0
1719258164.6497266,0.0,633.0
1719258164.77487,0.0,633.0
1719258164.9009123,0.0,633.0
1719258165.0280955,0.0,633.0
1719258165.15313,0.0,633.0
1719258165.2781186,0.0,633.0
1719258165.4035957,0.0,633.0
1719258165.5289276,0.0,633.0
1719258165.6542454,0.0,633.0
1719258165.7794282,0.0,633.0
1719258165.906545,0.0,633.0
1719258166.0325048,0.0,633.0
1719258166.1575048,0.0,633.0
1719258166.2827277,0.0,633.0
1719258166.426117,0.0,633.0
1719258166.551313,0.0,633.0
1719258166.6765304,0.0,633.0
1719258166.8034809,0.0,633.0
1719258166.9293237,0.0,633.0
1719258167.0580375,0.0,633.0
1719258167.183224,0.0,633.0
1719258167.308623,0.0,633.0
1719258167.4346218,0.0,633.0
1719258167.5920367,0.0,633.0
1719258167.7172515,0.0,633.0
1719258167.8423672,0.0,633.0
1719258167.967868,0.0,633.0
1719258168.0927904,0.0,633.0
1719258168.2179155,0.0,633.0
1719258168.3438697,0.0,633.0
1719258168.4698539,0.0,633.0
1719258168.5966003,0.0,633.0
1719258168.7377222,0.0,633.0
1719258168.863061,0.0,633.0
1719258168.987898,0.0,633.0
1719258169.1131248,0.0,633.0
1719258169.238803,0.0,633.0
1719258169.363889,0.0,633.0
1719258169.4897916,0.0,633.0
1719258169.61605,0.0,633.0
1719258169.7435217,0.0,633.0
1719258169.8830948,0.0,633.0
1719258170.009959,0.0,633.0
1719258170.13604,0.0,633.0
1719258170.2609642,0.0,633.0
1719258170.386062,0.0,633.0
1719258170.5121253,0.0,633.0
1719258170.6386395,0.0,633.0
1719258170.766021,0.0,633.0
1719258170.8909326,0.0,633.0
1719258171.0165129,0.0,633.0
1719258171.142302,0.0,633.0
1719258171.267426,0.0,633.0
1719258171.3932412,0.0,633.0
1719258171.5210829,0.0,633.0
1719258171.6468537,0.0,633.0
1719258171.77207,0.0,633.0
1719258171.8972218,0.0,633.0
1719258172.0222855,0.0,633.0
1719258172.1481204,0.0,633.0
1719258172.273321,0.0,633.0
1719258172.3995023,0.0,633.0
1719258172.5275984,0.0,633.0
1719258172.6526768,0.0,633.0
1719258172.7779365,0.0,633.0
1719258172.9041147,0.0,633.0
1719258173.029049,0.0,633.0
1719258173.1540685,0.0,633.0
1719258173.2790768,0.0,633.0
1719258173.405422,0.0,633.0
1719258173.5326867,0.0,633.0
1719258173.6580698,0.0,633.0
1719258173.783432,0.0,633.0
1719258173.9085422,0.0,633.0
1719258174.0341232,0.0,633.0
1719258174.159494,0.0,633.0
1719258174.284657,0.0,633.0
1719258174.4118946,0.0,633.0
1719258174.5389526,0.0,633.0
1719258174.6642623,0.0,633.0
1719258174.7895002,0.0,633.0
1719258174.9148974,0.0,633.0
1719258175.0400014,0.0,633.0
1719258175.1653287,0.0,633.0
1719258175.2977355,0.0,633.0
1719258175.4397194,0.0,633.0
1719258175.5708845,0.0,633.0
1719258175.6959403,0.0,633.0
1719258175.8209472,0.0,633.0
1719258175.9469948,0.0,633.0
1719258176.0739214,0.0,633.0
1719258176.19892,0.0,633.0
1719258176.324356,0.0,633.0
1719258176.4502177,0.0,633.0
1719258176.5754797,0.0,633.0
1719258176.7003174,0.0,633.0
1719258176.8251357,0.0,633.0
1719258176.9501104,0.0,633.0
1719258177.0770214,0.0,633.0
1719258177.2029426,0.0,633.0
1719258177.3283303,0.0,633.0
1719258177.456813,0.0,633.0
1719258177.5820103,0.0,633.0
1719258177.7088265,0.0,633.0
1719258177.8363233,0.0,633.0
1719258177.964336,0.0,633.0
1719258178.0904043,0.0,633.0
1719258178.2153654,0.0,633.0
1719258178.3404474,0.0,633.0
1719258178.4670165,0.0,633.0
1719258178.5946805,0.0,633.0
1719258178.7699265,0.0,633.0
1719258178.8962529,0.0,633.0
1719258179.0234015,0.0,633.0
1719258179.1489441,0.0,633.0
1719258179.27437,0.0,633.0
1719258179.3993819,0.0,633.0
1719258179.5254653,0.0,633.0
1719258179.6505246,0.0,633.0
1719258179.7776458,0.0,633.0
1719258179.9121714,0.0,633.0
1719258180.037676,0.0,633.0
1719258180.1625886,0.0,633.0
1719258180.2894588,0.0,633.0
1719258180.4167314,0.0,633.0
1719258180.5416617,0.0,633.0
1719258180.6668942,0.0,633.0
1719258180.7926013,0.0,633.0
1719258180.9181714,0.0,633.0
1719258181.043234,0.0,633.0
1719258181.1685312,0.0,633.0
1719258181.294624,0.0,633.0
1719258181.4209182,0.0,633.0
1719258181.5473022,0.0,633.0
1719258181.6732454,0.0,633.0
1719258181.7985134,0.0,633.0
1719258181.9248116,0.0,633.0
1719258182.0501292,0.0,633.0
1719258182.1764467,0.0,633.0
1719258182.3032243,0.0,633.0
1719258182.4294434,0.0,633.0
1719258182.554619,0.0,633.0
1719258182.679767,0.0,633.0
1719258182.804733,0.0,633.0
1719258182.9298923,0.0,633.0
1719258183.0551093,0.0,633.0
1719258183.1809494,0.0,633.0
1719258183.307066,0.0,633.0
1719258183.4333432,0.0,633.0
1719258183.5597835,0.0,633.0
1719258183.6857703,0.0,633.0
1719258183.8113763,0.0,633.0
1719258183.9368021,0.0,633.0
1719258184.0623813,0.0,633.0
1719258184.1889706,0.0,633.0
1719258184.374062,0.0,633.0
1719258184.500514,0.0,633.0
1719258184.6265116,0.0,633.0
1719258184.7517028,0.0,633.0
1719258184.8767164,0.0,633.0
1719258185.0021226,0.0,633.0
1719258185.1279004,0.0,633.0
1719258185.25344,0.0,633.0
1719258185.3793266,0.0,633.0
1719258185.527656,0.0,633.0
1719258185.652942,0.0,633.0
1719258185.7787833,0.0,633.0
1719258185.9037893,0.0,633.0
1719258186.028997,0.0,633.0
1719258186.154035,0.0,633.0
1719258186.281665,0.0,633.0
1719258186.4068968,0.0,633.0
1719258186.5333464,0.0,633.0
1719258186.6677623,0.0,633.0
1719258186.7949207,0.0,633.0
1719258186.9202898,0.0,633.0
1719258187.0453708,0.0,633.0
1719258187.1703906,0.0,633.0
1719258187.2954352,0.0,633.0
1719258187.4223032,0.0,633.0
1719258187.5484555,0.0,633.0
1719258187.6760056,0.0,633.0
1719258187.801206,0.0,633.0
1719258187.9264765,0.0,633.0
1719258188.0521538,0.0,633.0
1719258188.1771812,0.0,633.0
1719258188.3022518,0.0,633.0
1719258188.429757,0.0,633.0
1719258188.556647,0.0,633.0
1719258188.6816125,0.0,633.0
1719258188.8065753,0.0,633.0
1719258188.9327376,0.0,633.0
1719258189.058012,0.0,633.0
1719258189.184161,0.0,633.0
1719258189.3102877,0.0,633.0
1719258189.4374914,0.0,633.0
1719258189.5651188,0.0,633.0
1719258189.690519,0.0,633.0
1719258189.815958,0.0,633.0
1719258189.941477,0.0,633.0
1719258190.0668874,0.0,633.0
1719258190.192198,0.0,633.0
1719258190.324356,0.0,633.0
1719258190.4504685,0.0,633.0
1719258190.5759585,0.0,633.0
1719258190.7011735,0.0,633.0
1719258190.8265681,0.0,633.0
1719258190.952179,0.0,633.0
1719258191.1317031,0.0,633.0
1719258191.256622,0.0,633.0
1719258191.3816922,0.0,633.0
1719258191.50806,0.0,633.0
1719258191.6350234,0.0,633.0
1719258191.7599998,0.0,633.0
1719258191.8850844,0.0,633.0
1719258192.0099974,0.0,633.0
1719258192.1351323,0.0,633.0
1719258192.2625067,0.0,633.0
1719258192.38967,0.0,633.0
1719258192.5166087,0.0,633.0
1719258192.641636,0.0,633.0
1719258192.767088,0.0,633.0
1719258192.8925304,0.0,633.0
1719258193.0182836,0.0,633.0
1719258193.1442468,0.0,633.0
1719258193.2709806,0.0,633.0
1719258193.3966262,0.0,633.0
1719258193.523351,0.0,633.0
1719258193.6488392,0.0,633.0
1719258193.773906,0.0,633.0
1719258193.8990946,0.0,633.0
1719258194.0254586,0.0,633.0
1719258194.1532502,0.0,633.0
1719258194.2781343,0.0,633.0
1719258194.4032242,0.0,633.0
1719258194.5292377,0.0,633.0
1719258194.6547012,0.0,633.0
1719258194.7810717,0.0,633.0
1719258194.9077082,0.0,633.0
1719258195.0329223,0.0,633.0
1719258195.1579223,0.0,633.0
1719258195.28317,0.0,633.0
1719258195.4084787,0.0,633.0
1719258195.534373,0.0,633.0
1719258195.6598246,0.0,633.0
1719258195.7864902,0.0,633.0
1719258195.91509,0.0,633.0
1719258196.040275,0.0,633.0
1719258196.1736453,0.0,633.0
1719258196.300401,0.0,633.0
1719258196.426204,0.0,633.0
1719258196.551321,0.0,633.0
1719258196.680512,0.0,633.0
1719258196.8056016,0.0,633.0
1719258196.931982,0.0,633.0
1719258197.0587254,0.0,633.0
1719258197.1837626,0.0,633.0
1719258197.3091269,0.0,633.0
1719258197.4357872,0.0,633.0
1719258197.5611775,0.0,633.0
1719258197.6861806,0.0,633.0
1719258197.8122673,0.0,633.0
1719258197.9384046,0.0,633.0
1719258198.063493,0.0,633.0
1719258198.1888027,0.0,633.0
1719258198.3138087,0.0,633.0
1719258198.4402184,0.0,633.0
1719258198.5651655,0.0,633.0
1719258198.6914608,0.0,633.0
1719258198.8182056,0.0,633.0
1719258198.9434462,0.0,633.0
1719258199.0685344,0.0,633.0
1719258199.1935694,0.0,633.0
1719258199.3187149,0.0,633.0
1719258199.4447362,0.0,633.0
1719258199.569744,0.0,633.0
1719258199.695745,0.0,633.0
1719258199.8225543,0.0,633.0
1719258199.9475467,0.0,633.0
1719258200.0727503,0.0,633.0
1719258200.1982203,0.0,633.0
1719258200.32324,0.0,633.0
1719258200.4503596,0.0,633.0
1719258200.5756075,0.0,633.0
1719258200.70202,0.0,633.0
1719258200.8293562,0.0,633.0
1719258200.9543304,0.0,633.0
1719258201.0793223,0.0,633.0
1719258201.2056935,0.0,633.0
1719258201.3305395,0.0,633.0
1719258201.4566538,0.0,633.0
1719258201.5839994,0.0,633.0
1719258201.7093453,0.0,633.0
1719258201.8342478,0.0,633.0
1719258201.9597218,0.0,633.0
1719258202.0850832,0.0,633.0
1719258202.2103446,0.0,633.0
1719258202.3666506,0.0,633.0
1719258202.492479,0.0,633.0
1719258202.617455,0.0,633.0
1719258202.7426374,0.0,633.0
1719258202.8679032,0.0,633.0
1719258202.9930089,0.0,633.0
1719258203.1188385,0.0,633.0
1719258203.2455328,0.0,633.0
1719258203.3704925,0.0,633.0
1719258203.4962873,0.0,633.0
1719258203.6213036,0.0,633.0
1719258203.7476594,0.0,633.0
1719258203.8725657,0.0,633.0
1719258203.998319,0.0,633.0
1719258204.1249673,0.0,633.0
1719258204.2501194,0.0,633.0
1719258204.3750074,0.0,633.0
1719258204.5015297,0.0,633.0
1719258204.6265182,0.0,633.0
1719258204.7515974,0.0,633.0
1719258204.876707,0.0,633.0
1719258205.003282,0.0,633.0
1719258205.1319437,0.0,633.0
1719258205.2575943,0.0,633.0
1719258205.3834977,0.0,633.0
1719258205.5097065,0.0,633.0
1719258205.6347167,0.0,633.0
1719258205.76009,0.0,633.0
1719258205.8859212,0.0,633.0
1719258206.0129547,0.0,633.0
1719258206.1378922,0.0,633.0
1719258206.263062,0.0,633.0
1719258206.3880537,0.0,633.0
1719258206.5137475,0.0,633.0
1719258206.6389048,0.0,633.0
1719258206.8061416,0.0,633.0
1719258206.9333115,0.0,633.0
1719258207.058797,0.0,633.0
1719258207.1839995,0.0,633.0
1719258207.3089905,0.0,633.0
1719258207.4356053,0.0,633.0
1719258207.5609329,0.0,633.0
1719258207.6859803,0.0,633.0
1719258207.8119402,0.0,633.0
1719258207.93824,0.0,633.0
1719258208.0635,0.0,633.0
1719258208.1888323,0.0,633.0
1719258208.3140728,0.0,633.0
1719258208.4391117,0.0,633.0
1719258208.5639448,0.0,633.0
1719258208.6888783,0.0,633.0
1719258208.8137994,0.0,633.0
1719258208.9414515,0.0,633.0
1719258209.0682862,0.0,633.0
1719258209.1937768,0.0,633.0
1719258209.3186724,0.0,633.0
1719258209.4445784,0.0,633.0
1719258209.5694833,0.0,633.0
1719258209.6965408,0.0,633.0
1719258209.8240771,0.0,633.0
1719258209.9489923,0.0,633.0
1719258210.0737596,0.0,633.0
1719258210.199282,0.0,633.0
1719258210.3245413,0.0,633.0
1719258210.451064,0.0,633.0
1719258210.5770743,0.0,633.0
1719258210.7038631,0.0,633.0
1719258210.8293836,0.0,633.0
1719258210.954395,0.0,633.0
1719258211.0797825,0.0,633.0
1719258211.2050266,0.0,633.0
1719258211.3299143,0.0,633.0
1719258211.4563234,0.0,633.0
1719258211.5823693,0.0,633.0
1719258211.7089026,0.0,633.0
1719258211.8347046,0.0,633.0
1719258211.9607282,0.0,633.0
1719258212.0862904,0.0,633.0
1719258212.2123408,0.0,633.0
1719258212.3508954,0.0,633.0
1719258212.4772303,0.0,633.0
1719258212.6024737,0.0,633.0
1719258212.7288976,0.0,633.0
1719258212.8554952,0.0,633.0
1719258212.9810357,0.0,633.0
1719258213.106165,0.0,633.0
1719258213.231203,0.0,633.0
1719258213.3564978,0.0,633.0
1719258213.4823217,0.0,633.0
1719258213.6075158,0.0,633.0
1719258213.7325706,0.0,633.0
1719258213.8587868,0.0,633.0
1719258213.9865086,0.0,633.0
1719258214.111665,0.0,633.0
1719258214.236721,0.0,633.0
1719258214.3618584,0.0,633.0
1719258214.4889185,0.0,633.0
1719258214.6140573,0.0,633.0
1719258214.7407126,0.0,633.0
1719258214.8682535,0.0,633.0
1719258214.9937155,0.0,633.0
1719258215.1191258,0.0,633.0
1719258215.2440274,0.0,633.0
1719258215.3689377,0.0,633.0
1719258215.4950132,0.0,633.0
1719258215.6217294,0.0,633.0
1719258215.749141,0.0,633.0
1719258215.8740408,0.0,633.0
1719258215.9991298,0.0,633.0
1719258216.1242895,0.0,633.0
1719258216.2493668,0.0,633.0
1719258216.3743095,0.0,633.0
1719258216.50203,0.0,633.0
1719258216.6294239,0.0,633.0
1719258216.7542934,0.0,633.0
1719258216.8797758,0.0,633.0
1719258217.0049305,0.0,633.0
1719258217.1311426,0.0,633.0
1719258217.2563748,0.0,633.0
1719258217.3833072,0.0,633.0
1719258217.5158155,0.0,633.0
1719258217.6410208,0.0,633.0
1719258217.766348,0.0,633.0
1719258217.8921742,0.0,633.0
1719258218.0192668,0.0,633.0
1719258218.1471188,0.0,633.0
1719258218.273909,0.0,633.0
1719258218.3989635,0.0,633.0
1719258218.5252335,0.0,633.0
1719258218.6501489,0.0,633.0
1719258218.7753122,0.0,633.0
1719258218.9012687,0.0,633.0
1719258219.0281065,0.0,633.0
1719258219.154881,0.0,633.0
1719258219.2799366,0.0,633.0
1719258219.4049306,0.0,633.0
1719258219.5307174,0.0,633.0
1719258219.6561985,0.0,633.0
1719258219.7819514,0.0,633.0
1719258219.9094036,0.0,633.0
1719258220.0343654,0.0,633.0
1719258220.1595037,0.0,633.0
1719258220.2848501,0.0,633.0
1719258220.4098666,0.0,633.0
1719258220.5359786,0.0,633.0
1719258220.6611145,0.0,633.0
1719258220.787529,0.0,633.0
1719258220.9154701,0.0,633.0
1719258221.042984,0.0,633.0
1719258221.1685746,0.0,633.0
1719258221.3122842,0.0,633.0
1719258221.4406478,0.0,633.0
1719258221.5674877,0.0,633.0
1719258221.6934283,0.0,633.0
1719258221.8189082,0.0,633.0
1719258221.944016,0.0,633.0
1719258222.0694873,0.0,633.0
1719258222.1950605,0.0,633.0
1719258222.319999,0.0,633.0
1719258222.4578931,0.0,633.0
1719258222.5830436,0.0,633.0
1719258222.7082705,0.0,633.0
1719258222.8350375,0.0,633.0
1719258222.962463,0.0,633.0
1719258223.087643,0.0,633.0
1719258223.2140887,0.0,633.0
1719258223.3395238,0.0,633.0
1719258223.467273,0.0,633.0
1719258223.616962,0.0,633.0
1719258223.7422655,0.0,633.0
1719258223.8688204,0.0,633.0
1719258223.9939072,0.0,633.0
1719258224.1187863,0.0,633.0
1719258224.2449992,0.0,633.0
1719258224.3736546,0.0,633.0
1719258224.5005646,0.0,633.0
1719258224.6263583,0.0,633.0
1719258224.7515438,0.0,633.0
1719258224.8795042,0.0,633.0
1719258225.007168,0.0,633.0
1719258225.1322558,0.0,633.0
1719258225.2576604,0.0,633.0
1719258225.382782,0.0,633.0
1719258225.5094771,0.0,633.0
1719258225.6359072,0.0,633.0
1719258225.763172,0.0,633.0
1719258225.8884475,0.0,633.0
1719258226.013458,0.0,633.0
1719258226.138813,0.0,633.0
1719258226.2643821,0.0,633.0
1719258226.3893597,0.0,633.0
1719258226.5187094,0.0,633.0
1719258226.6449463,0.0,633.0
1719258226.770371,0.0,633.0
1719258226.8990858,0.0,633.0
1719258227.02425,0.0,633.0
1719258227.1493268,0.0,633.0
1719258227.2755156,0.0,633.0
1719258227.4021149,0.0,633.0
1719258227.529404,0.0,633.0
1719258227.654411,0.0,633.0
1719258227.7801974,0.0,633.0
1719258227.905219,0.0,633.0
1719258228.0463336,0.0,633.0
1719258228.1714709,0.0,633.0
1719258228.2965553,0.0,633.0
1719258228.422128,0.0,633.0
1719258228.5483177,0.0,633.0
1719258228.6763203,0.0,633.0
1719258228.8015203,0.0,633.0
1719258228.9267495,0.0,633.0
1719258229.0526576,0.0,633.0
1719258229.1935132,0.0,633.0
1719258229.3188326,0.0,633.0
1719258229.445489,0.0,633.0
1719258229.5756738,0.0,633.0
1719258229.7016501,0.0,633.0
1719258229.827386,0.0,633.0
1719258229.952502,0.0,633.0
1719258230.07733,0.0,633.0
1719258230.203264,0.0,633.0
1719258230.3353393,0.0,633.0
1719258230.461372,0.0,633.0
1719258230.586978,0.0,633.0
1719258230.7143767,0.0,633.0
1719258230.8395026,0.0,633.0
1719258230.9654148,0.0,633.0
1719258231.0929992,0.0,633.0
1719258231.2181358,0.0,633.0
1719258231.3431292,0.0,633.0
1719258231.4689484,0.0,633.0
1719258231.5942578,0.0,633.0
1719258231.719557,0.0,633.0
1719258231.844863,0.0,633.0
1719258231.9731288,0.0,633.0
1719258232.0986276,0.0,633.0
1719258232.2243214,0.0,633.0
1719258232.3503227,0.0,633.0
1719258232.5068924,0.0,633.0
1719258232.63193,0.0,633.0
1719258232.7572165,0.0,633.0
1719258232.8821986,0.0,633.0
1719258233.0073578,0.0,633.0
1719258233.132432,0.0,633.0
1719258233.2586992,0.0,633.0
1719258233.3863149,0.0,633.0
1719258233.5118275,0.0,633.0
1719258233.6368973,0.0,633.0
1719258233.7618072,0.0,633.0
1719258233.8868039,0.0,633.0
1719258234.011778,0.0,633.0
1719258234.1370986,0.0,633.0
1719258234.2629988,0.0,633.0
1719258234.390084,0.0,633.0
1719258234.5165155,0.0,633.0
1719258234.6415277,0.0,633.0
1719258234.965643,0.0,633.0
1719258235.0906298,0.0,633.0
1719258235.215623,0.0,633.0
1719258235.3407898,0.0,633.0
1719258235.4668918,0.0,633.0
1719258235.593352,0.0,633.0
1719258235.7192292,0.0,633.0
1719258235.8893242,0.0,633.0
1719258236.0142388,0.0,633.0
1719258236.1400843,0.0,633.0
1719258236.2662644,0.0,633.0
1719258236.3920453,0.0,633.0
1719258236.5186417,0.0,633.0
1719258236.644216,0.0,633.0
1719258236.7694507,0.0,633.0
1719258236.894507,0.0,633.0
1719258237.0212603,0.0,633.0
1719258237.1465156,0.0,633.0
1719258237.271359,0.0,633.0
1719258237.3965364,0.0,633.0
1719258237.5222685,0.0,633.0
1719258237.6493003,0.0,633.0
1719258237.7742627,0.0,633.0
1719258237.8994153,0.0,633.0
1719258238.0243526,0.0,633.0
1719258238.1501698,0.0,633.0
1719258238.2760868,0.0,633.0
1719258238.4011726,0.0,633.0
1719258238.5271442,0.0,633.0
1719258238.6539514,0.0,633.0
1719258238.780031,0.0,633.0
1719258238.905005,0.0,633.0
1719258239.0300746,0.0,633.0
1719258239.1556408,0.0,633.0
1719258239.2806413,0.0,633.0
1719258239.4069946,0.0,633.0
1719258239.535661,0.0,633.0
1719258239.6619873,0.0,633.0
1719258239.7868633,0.0,633.0
1719258239.9118428,0.0,633.0
1719258240.037205,0.0,633.0
1719258240.1624868,0.0,633.0
1719258240.2880921,0.0,633.0
1719258240.4150655,0.0,633.0
1719258240.5419838,0.0,633.0
1719258240.6675634,0.0,633.0
1719258240.7927647,0.0,633.0
1719258240.9181864,0.0,633.0
1719258241.0436425,0.0,633.0
1719258241.1690993,0.0,633.0
1719258241.2951891,0.0,633.0
1719258241.4222717,0.0,633.0
1719258241.5489159,0.0,633.0
1719258241.674997,0.0,633.0
1719258241.8005545,0.0,633.0
1719258241.926015,0.0,633.0
1719258242.0524912,0.0,633.0
1719258242.18059,0.0,633.0
1719258242.3082085,0.0,633.0
1719258242.4336267,0.0,633.0
1719258242.5601323,0.0,633.0
1719258242.6866348,0.0,633.0
1719258242.814552,0.0,633.0
1719258242.9404213,0.0,633.0
1719258243.0656662,0.0,633.0
1719258243.1908612,0.0,633.0
1719258243.3160846,0.0,633.0
1719258243.4413393,0.0,633.0
1719258243.5683541,0.0,633.0
1719258243.6952412,0.0,633.0
1719258243.82072,0.0,633.0
1719258243.9458628,0.0,633.0
1719258244.071192,0.0,633.0
1719258244.1964638,0.0,633.0
1719258244.3218215,0.0,633.0
1719258244.447351,0.0,633.0
1719258244.5753593,0.0,633.0
1719258244.7006567,0.0,633.0
1719258244.8261485,0.0,633.0
1719258244.9537668,0.0,633.0
1719258245.078888,0.0,633.0
1719258245.204066,0.0,633.0
1719258245.3305628,0.0,633.0
1719258245.4593754,0.0,633.0
1719258245.5868855,0.0,633.0
1719258245.7125504,0.0,633.0
1719258245.837778,0.0,633.0
1719258245.9645238,0.0,633.0
1719258246.0906813,0.0,633.0
1719258246.2173858,0.0,633.0
1719258246.3428128,0.0,633.0
1719258246.4689844,0.0,633.0
1719258246.5943184,0.0,633.0
1719258246.7198899,0.0,633.0
1719258246.8459492,0.0,633.0
1719258246.9732058,0.0,633.0
1719258247.0986736,0.0,633.0
1719258247.2237391,0.0,633.0
1719258247.349012,0.0,633.0
1719258247.4754043,0.0,633.0
1719258247.6007707,0.0,633.0
1719258247.7275171,0.0,633.0
1719258247.8543725,0.0,633.0
1719258247.9796648,0.0,633.0
1719258248.104918,0.0,633.0
1719258248.2302392,0.0,633.0
1719258248.3552694,0.0,633.0
1719258248.4814835,0.0,633.0
1719258248.6160316,0.0,633.0
1719258248.7412348,0.0,633.0
1719258248.8662648,0.0,633.0
1719258248.9914973,0.0,633.0
1719258249.118162,0.0,633.0
1719258249.2442188,0.0,633.0
1719258249.3701072,0.0,633.0
1719258249.4963517,0.0,633.0
1719258249.621801,0.0,633.0
1719258249.7471142,0.0,633.0
1719258249.8724418,0.0,633.0
1719258249.998812,0.0,633.0
1719258250.1254916,0.0,633.0
1719258250.2505426,0.0,633.0
1719258250.3759534,0.0,633.0
1719258250.5028348,0.0,633.0
1719258250.635404,0.0,633.0
1719258250.7623668,0.0,633.0
1719258250.887514,0.0,633.0
1719258251.0135818,0.0,633.0
1719258251.1386425,0.0,633.0
1719258251.2639346,0.0,633.0
1719258251.3891785,0.0,633.0
1719258251.5180805,0.0,633.0
1719258251.6452568,0.0,633.0
1719258251.7709148,0.0,633.0
1719258251.8960505,0.0,633.0
1719258252.021193,0.0,633.0
1719258252.1464026,0.0,633.0
1719258252.2714505,0.0,633.0
1719258252.3976786,0.0,633.0
1719258252.5239782,0.0,633.0
1719258252.651025,0.0,633.0
1719258252.7761862,0.0,633.0
1719258252.9010527,0.0,633.0
1719258253.0261993,0.0,633.0
1719258253.1513188,0.0,633.0
1719258253.2764862,0.0,633.0
1719258253.402348,0.0,633.0
1719258253.5287404,0.0,633.0
1719258253.6554477,0.0,633.0
1719258253.7806756,0.0,633.0
1719258253.9067292,0.0,633.0
1719258254.0320556,0.0,633.0
1719258254.1570067,0.0,633.0
1719258254.2820337,0.0,633.0
1719258254.4093943,0.0,633.0
1719258254.5353937,0.0,633.0
1719258254.6606758,0.0,633.0
1719258254.7858582,0.0,633.0
1719258254.911278,0.0,633.0
1719258255.0790899,0.0,633.0
1719258255.2041469,0.0,633.0
1719258255.3302329,0.0,633.0
1719258255.4589486,0.0,633.0
1719258255.584028,0.0,633.0
1719258255.709769,0.0,633.0
1719258255.8348074,0.0,633.0
1719258255.9600773,0.0,633.0
1719258256.0853167,0.0,633.0
1719258256.2120583,0.0,633.0
1719258256.3401794,0.0,633.0
1719258256.4653947,0.0,633.0
1719258256.5909333,0.0,633.0
1719258256.7163053,0.0,633.0
1719258256.8413398,0.0,633.0
1719258256.9665887,0.0,633.0
1719258257.092589,0.0,633.0
1719258257.2197287,0.0,633.0
1719258257.3450673,0.0,633.0
1719258257.4719336,0.0,633.0
1719258257.5986574,0.0,633.0
1719258257.7247174,0.0,633.0
1719258257.8526826,0.0,633.0
1719258257.9807642,0.0,633.0
1719258258.1059191,0.0,633.0
1719258258.2310967,0.0,633.0
1719258258.3565478,0.0,633.0
1719258258.4829922,0.0,633.0
1719258258.6091945,0.0,633.0
1719258258.7359943,0.0,633.0
1719258258.8616683,0.0,633.0
1719258258.9865613,0.0,633.0
1719258259.1115143,0.0,633.0
1719258259.2365503,0.0,633.0
1719258259.3616357,0.0,633.0
1719258259.4887059,0.0,633.0
1719258259.6170297,0.0,633.0
1719258259.7425914,0.0,633.0
1719258259.8677132,0.0,633.0
1719258259.9928653,0.0,633.0
1719258260.1178966,0.0,633.0
1719258260.2430892,0.0,633.0
1719258260.3685489,0.0,633.0
1719258260.4960759,0.0,633.0
1719258260.66408,0.0,633.0
1719258260.792201,0.0,633.0
1719258260.917495,0.0,633.0
1719258261.042508,0.0,633.0
1719258261.1676471,0.0,633.0
1719258261.2934284,0.0,633.0
1719258261.4203641,0.0,633.0
1719258261.5466132,0.0,633.0
1719258261.671817,0.0,633.0
1719258261.8165736,0.0,633.0
1719258261.9418142,0.0,633.0
1719258262.0672503,0.0,633.0
1719258262.192419,0.0,633.0
1719258262.3182826,0.0,633.0
1719258262.4455836,0.0,633.0
1719258262.5724995,0.0,633.0
1719258262.6977568,0.0,633.0
1719258262.8231447,0.0,633.0
1719258262.9574704,0.0,633.0
1719258263.0836394,0.0,633.0
1719258263.2086878,0.0,633.0
1719258263.3336642,0.0,633.0
1719258263.4588234,0.0,633.0
1719258263.585137,0.0,633.0
1719258263.7104208,0.0,633.0
1719258263.8365743,0.0,633.0
1719258263.9637444,0.0,633.0
1719258264.0998404,0.0,633.0
1719258264.2271976,0.0,633.0
1719258264.354819,0.0,633.0
1719258264.4811084,0.0,633.0
1719258264.6061869,0.0,633.0
1719258264.7315576,0.0,633.0
1719258264.85703,0.0,633.0
1719258264.9833682,0.0,633.0
1719258265.110382,0.0,633.0
1719258265.2862725,0.0,633.0
1719258265.412771,0.0,633.0
1719258265.539212,0.0,633.0
1719258265.666353,0.0,633.0
1719258265.7917545,0.0,633.0
1719258265.9167843,0.0,633.0
1719258266.0420268,0.0,633.0
1719258266.1672575,0.0,633.0
1719258266.29263,0.0,633.0
1719258266.4319782,0.0,633.0
1719258266.5589767,0.0,633.0
1719258266.686129,0.0,633.0
1719258266.813712,0.0,633.0
1719258266.9391396,0.0,633.0
1719258267.0644488,0.0,633.0
1719258267.1897373,0.0,633.0
1719258267.31511,0.0,633.0
1719258267.4407618,0.0,633.0
1719258267.5911403,0.0,633.0
1719258267.7181063,0.0,633.0
1719258267.8433547,0.0,633.0
1719258267.968798,0.0,633.0
1719258268.094477,0.0,633.0
1719258268.2204142,0.0,633.0
1719258268.3463836,0.0,633.0
1719258268.4725497,0.0,633.0
1719258268.5975184,0.0,633.0
1719258268.7247615,0.0,633.0
1719258268.8499434,0.0,633.0
1719258268.9750292,0.0,633.0
1719258269.1003609,0.0,633.0
1719258269.2271738,0.0,633.0
1719258269.3554866,0.0,633.0
1719258269.4817882,0.0,633.0
1719258269.6069255,0.0,633.0
1719258269.7338018,0.0,633.0
1719258269.8591485,0.0,633.0
1719258269.9869618,0.0,633.0
1719258270.1122777,0.0,633.0
1719258270.2375631,0.0,633.0
1719258270.3627973,0.0,633.0
1719258270.4903877,0.0,633.0
1719258270.6187441,0.0,633.0
1719258270.7450733,0.0,633.0
1719258270.8701625,0.0,633.0
1719258270.9955485,0.0,633.0
1719258271.1208422,0.0,633.0
1719258271.2459483,0.0,633.0
1719258271.3711674,0.0,633.0
1719258271.5000455,0.0,633.0
1719258271.6278217,0.0,633.0
1719258271.753098,0.0,633.0
1719258271.8784337,0.0,633.0
1719258272.0068223,0.0,633.0
1719258272.1333685,0.0,633.0
1719258272.2612755,0.0,633.0
1719258272.3876758,0.0,633.0
1719258272.514767,0.0,633.0
1719258272.6402638,0.0,633.0
1719258272.7661183,0.0,633.0
1719258272.8924763,0.0,633.0
1719258273.0199537,0.0,633.0
1719258273.1451564,0.0,633.0
1719258273.2705834,0.0,633.0
1719258273.395913,0.0,633.0
1719258273.5222988,0.0,633.0
1719258273.6511345,0.0,633.0
1719258273.7788126,0.0,633.0
1719258273.9044623,0.0,633.0
1719258274.0299563,0.0,633.0
1719258274.1554754,0.0,633.0
1719258274.2813754,0.0,633.0
1719258274.4133048,0.0,633.0
1719258274.5396807,0.0,633.0
1719258274.665125,0.0,633.0
1719258274.7903075,0.0,633.0
1719258274.9183254,0.0,633.0
1719258275.0485015,0.0,633.0
1719258275.1737251,0.0,633.0
1719258275.2993872,0.0,633.0
1719258275.4261007,0.0,633.0
1719258275.5523226,0.0,633.0
1719258275.6777525,0.0,633.0
1719258275.804663,0.0,633.0
1719258275.9323118,0.0,633.0
1719258276.0576246,0.0,633.0
1719258276.1832957,0.0,633.0
1719258276.3083687,0.0,633.0
1719258276.4338021,0.0,633.0
1719258276.559806,0.0,633.0
1719258276.690316,0.0,633.0
1719258276.8154821,0.0,633.0
1719258276.9408588,0.0,633.0
1719258277.0663025,0.0,633.0
1719258277.1921802,0.0,633.0
1719258277.3180795,0.0,633.0
1719258277.4455612,0.0,633.0
1719258277.5730524,0.0,633.0
1719258277.6985388,0.0,633.0
1719258277.8278184,0.0,633.0
1719258277.9547946,0.0,633.0
1719258278.0826085,0.0,633.0
1719258278.2081785,0.0,633.0
1719258278.3333833,0.0,633.0
1719258278.4589207,0.0,633.0
1719258278.5867329,0.0,633.0
1719258278.7137904,0.0,633.0
1719258278.8393357,0.0,633.0
1719258278.9647582,0.0,633.0
1719258279.090253,0.0,633.0
1719258279.2159557,0.0,633.0
1719258279.3413558,0.0,633.0
1719258279.4669864,0.0,633.0
1719258279.5953813,0.0,633.0
1719258279.7231576,0.0,633.0
1719258279.8489509,0.0,633.0
1719258279.9742937,0.0,633.0
1719258280.0997446,0.0,633.0
1719258280.2253377,0.0,633.0
1719258280.3505673,0.0,633.0
1719258280.4786236,0.0,633.0
1719258280.6047437,0.0,633.0
1719258280.7306786,0.0,633.0
1719258280.8563685,0.0,633.0
1719258280.9821415,0.0,633.0
1719258281.1392143,0.0,633.0
1719258281.264832,0.0,633.0
1719258281.390376,0.0,633.0
1719258281.5169299,0.0,633.0
1719258281.642473,0.0,633.0
1719258281.7686238,0.0,633.0
1719258281.8956516,0.0,633.0
1719258282.0211508,0.0,633.0
1719258282.14635,0.0,633.0
1719258282.2887132,0.0,633.0
1719258282.4141593,0.0,633.0
1719258282.540399,0.0,633.0
1719258282.6673856,0.0,633.0
1719258282.795224,0.0,633.0
1719258282.9205296,0.0,633.0
1719258283.045772,0.0,633.0
1719258283.171181,0.0,633.0
1719258283.2964468,0.0,633.0
1719258283.4333136,0.0,633.0
1719258283.5597436,0.0,633.0
1719258283.6850626,0.0,633.0
1719258283.8101335,0.0,633.0
1719258283.9353626,0.0,633.0
1719258284.0615177,0.0,633.0
1719258284.1889079,0.0,633.0
1719258284.3142853,0.0,633.0
1719258284.4395275,0.0,633.0
1719258284.5821846,0.0,633.0
1719258284.7076907,0.0,633.0
1719258284.8330357,0.0,633.0
1719258284.9596028,0.0,633.0
1719258285.0860825,0.0,633.0
1719258285.2133725,0.0,633.0
1719258285.3386807,0.0,633.0
1719258285.4640946,0.0,633.0
1719258285.5909903,0.0,633.0
1719258285.7163775,0.0,633.0
1719258285.8421087,0.0,633.0
1719258285.9683647,0.0,633.0
1719258286.0955763,0.0,633.0
1719258286.2210915,0.0,633.0
1719258286.3461325,0.0,633.0
1719258286.4735262,0.0,633.0
1719258286.5990195,0.0,633.0
1719258286.7255955,0.0,633.0
1719258286.8521776,0.0,633.0
1719258286.9775307,0.0,633.0
1719258287.1033797,0.0,633.0
1719258287.2287521,0.0,633.0
1719258287.3540566,0.0,633.0
1719258287.481051,0.0,633.0
1719258287.6075535,0.0,633.0
1719258287.7340167,0.0,633.0
1719258287.8591797,0.0,633.0
1719258287.9844508,0.0,633.0
1719258288.1098576,0.0,633.0
1719258288.235678,0.0,633.0
1719258288.361162,0.0,633.0
1719258288.4896152,0.0,633.0
1719258288.6174035,0.0,633.0
1719258288.742665,0.0,633.0
1719258288.8677347,0.0,633.0
1719258289.0420718,0.0,633.0
1719258289.1689942,0.0,633.0
1719258289.2945952,0.0,633.0
1719258289.4199166,0.0,633.0
1719258289.5466778,0.0,633.0
1719258289.672201,0.0,633.0
1719258289.798546,0.0,633.0
1719258289.9261317,0.0,633.0
1719258290.0513916,0.0,633.0
1719258290.176708,0.0,633.0
1719258290.303227,0.0,633.0
1719258290.4284127,0.0,633.0
1719258290.5549977,0.0,633.0
1719258290.6812563,0.0,633.0
1719258290.8083708,0.0,633.0
1719258290.933561,0.0,633.0
1719258291.0595968,0.0,633.0
1719258291.184813,0.0,633.0
1719258291.310035,0.0,633.0
1719258291.4353747,0.0,633.0
1719258291.5631385,0.0,633.0
1719258291.6911054,0.0,633.0
1719258291.8165052,0.0,633.0
1719258291.9420903,0.0,633.0
1719258292.0674055,0.0,633.0
1719258292.192648,0.0,633.0
1719258292.3189654,0.0,633.0
1719258292.4468424,0.0,633.0
1719258292.5723603,0.0,633.0
1719258292.6977787,0.0,633.0
1719258292.8230705,0.0,633.0
1719258292.948165,0.0,633.0
1719258293.073763,0.0,633.0
1719258293.2003596,0.0,633.0
1719258293.330033,0.0,633.0
1719258293.4553668,0.0,633.0
1719258293.5869355,0.0,633.0
1719258293.7133987,0.0,633.0
1719258293.8413308,0.0,633.0
1719258293.9666903,0.0,633.0
1719258294.0920968,0.0,633.0
1719258294.2174225,0.0,633.0
1719258294.3427665,0.0,633.0
1719258294.4681118,0.0,633.0
1719258294.5956469,0.0,633.0
1719258294.7250445,0.0,633.0
1719258294.8503063,0.0,633.0
1719258294.9755604,0.0,633.0
1719258295.1009548,0.0,633.0
1719258295.2263567,0.0,633.0
1719258295.3528833,0.0,633.0
1719258295.4831445,0.0,633.0
1719258295.608532,0.0,633.0
1719258295.7339044,0.0,633.0
1719258295.859037,0.0,633.0
1719258295.984878,0.0,633.0
1719258296.1110818,0.0,633.0
1719258296.237818,0.0,633.0
1719258296.3633258,0.0,633.0
1719258296.4896655,0.0,633.0
1719258296.6147006,0.0,633.0
1719258296.7399366,0.0,633.0
1719258296.8659685,0.0,633.0
1719258296.9924366,0.0,633.0
1719258297.120988,0.0,633.0
1719258297.246319,0.0,633.0
1719258297.3715618,0.0,633.0
1719258297.4978817,0.0,633.0
1719258297.6250625,0.0,633.0
1719258297.752908,0.0,633.0
1719258297.878926,0.0,633.0
1719258298.0203187,0.0,633.0
1719258298.1464386,0.0,633.0
1719258298.2719233,0.0,633.0
1719258298.3978744,0.0,633.0
1719258298.5243435,0.0,633.0
1719258298.6525846,0.0,633.0
1719258298.7779992,0.0,633.0
1719258298.9031723,0.0,633.0
1719258299.0293438,0.0,633.0
1719258299.1570225,0.0,633.0
1719258299.2822556,0.0,633.0
1719258299.4083562,0.0,633.0
1719258299.5344598,0.0,633.0
1719258299.661624,0.0,633.0
1719258299.7871826,0.0,633.0
1719258299.9141653,0.0,633.0
1719258300.0396826,0.0,633.0
1719258300.1669447,0.0,633.0
1719258300.294431,0.0,633.0
1719258300.421142,0.0,633.0
1719258300.548018,0.0,633.0
1719258300.673314,0.0,633.0
1719258300.8008254,0.0,633.0
1719258300.9293168,0.0,633.0
1719258301.0547001,0.0,633.0
1719258301.1822708,0.0,633.0
1719258301.3087592,0.0,633.0
1719258301.436401,0.0,633.0
1719258301.5633948,0.0,633.0
1719258301.6890197,0.0,633.0
1719258301.8164392,0.0,633.0
1719258301.9415672,0.0,633.0
1719258302.0674665,0.0,633.0
1719258302.1939356,0.0,633.0
1719258302.3214264,0.0,633.0
1719258302.448104,0.0,633.0
1719258302.5742524,0.0,633.0
1719258302.701488,0.0,633.0
1719258302.828204,0.0,633.0
1719258302.955837,0.0,633.0
1719258303.0823255,0.0,633.0
1719258303.2082508,0.0,633.0
1719258303.3333013,0.0,633.0
1719258303.4603317,0.0,633.0
1719258303.5867674,0.0,633.0
1719258303.7142632,0.0,633.0
1719258303.839439,0.0,633.0
1719258303.9646096,0.0,633.0
1719258304.0897014,0.0,633.0
1719258304.216181,0.0,633.0
1719258304.3421516,0.0,633.0
1719258304.4691968,0.0,633.0
1719258304.5989175,0.0,633.0
1719258304.7242424,0.0,633.0
1719258304.849719,0.0,633.0
1719258304.9747412,0.0,633.0
1719258305.101332,0.0,633.0
1719258305.2296329,0.0,633.0
1719258305.3546216,0.0,633.0
1719258305.4798803,0.0,633.0
1719258305.6071346,0.0,633.0
1719258305.733491,0.0,633.0
1719258305.8590267,0.0,633.0
1719258305.9876373,0.0,633.0
1719258306.1126227,0.0,633.0
1719258306.239414,0.0,633.0
1719258306.3645525,0.0,633.0
1719258306.4929862,0.0,633.0
1719258306.6191158,0.0,633.0
1719258306.7467146,0.0,633.0
1719258306.8716304,0.0,633.0
1719258306.9973924,0.0,633.0
1719258307.1238925,0.0,633.0
1719258307.2491713,0.0,633.0
1719258307.3747764,0.0,633.0
1719258307.5008016,0.0,633.0
1719258307.6280422,0.0,633.0
1719258307.753861,0.0,633.0
1719258307.8788085,0.0,633.0
1719258308.0038192,0.0,633.0
1719258308.129051,0.0,633.0
1719258308.2549038,0.0,633.0
1719258308.381736,0.0,633.0
1719258308.5085714,0.0,633.0
1719258308.6336787,0.0,633.0
1719258308.759893,0.0,633.0
1719258308.8850567,0.0,633.0
1719258309.0099936,0.0,633.0
1719258309.1350448,0.0,633.0
1719258309.26104,0.0,633.0
1719258309.3881328,0.0,633.0
1719258309.5147738,0.0,633.0
1719258309.6404765,0.0,633.0
1719258309.7654462,0.0,633.0
1719258309.8903806,0.0,633.0
1719258310.0205858,0.0,633.0
1719258310.1472836,0.0,633.0
1719258310.2734823,0.0,633.0
1719258310.3996902,0.0,633.0
1719258310.5258148,0.0,633.0
1719258310.6518652,0.0,633.0
1719258310.779275,0.0,633.0
1719258310.9045036,0.0,633.0
1719258311.0294454,0.0,633.0
1719258311.155376,0.0,633.0
1719258311.280434,0.0,633.0
1719258311.4055154,0.0,633.0
1719258311.5726497,0.0,633.0
1719258311.6997476,0.0,633.0
1719258311.826487,0.0,633.0
1719258311.9514828,0.0,633.0
1719258312.0779502,0.0,633.0
1719258312.2034166,0.0,633.0
1719258312.3285975,0.0,633.0
1719258312.453578,0.0,633.0
1719258312.5821788,0.0,633.0
1719258312.7089314,0.0,633.0
1719258312.8338761,0.0,633.0
1719258312.9593422,0.0,633.0
1719258313.0845878,0.0,633.0
1719258313.2095242,0.0,633.0
1719258313.33456,0.0,633.0
1719258313.4596531,0.0,633.0
1719258313.5875793,0.0,633.0
1719258313.7167315,0.0,633.0
1719258313.8441606,0.0,633.0
1719258313.9693117,0.0,633.0
1719258314.0941424,0.0,633.0
1719258314.2207544,0.0,633.0
1719258314.3483748,0.0,633.0
1719258314.4809418,0.0,633.0
1719258314.6081614,0.0,633.0
1719258314.7358556,0.0,633.0
1719258314.8820195,0.0,633.0
1719258315.0070834,0.0,633.0
1719258315.1324298,0.0,633.0
1719258315.258971,0.0,633.0
1719258315.3842893,0.0,633.0
1719258315.5104954,0.0,633.0
1719258315.6378973,0.0,633.0
1719258315.7628176,0.0,633.0
1719258315.8878603,0.0,633.0
1719258316.0130215,0.0,633.0
1719258316.1386006,0.0,633.0
1719258316.2646098,0.0,633.0
1719258316.3915794,0.0,633.0
1719258316.517517,0.0,633.0
1719258316.6437516,0.0,633.0
1719258316.768666,0.0,633.0
1719258316.893989,0.0,633.0
1719258317.0204058,0.0,633.0
1719258317.1453414,0.0,633.0
1719258317.27087,0.0,633.0
1719258317.3975084,0.0,633.0
1719258317.5244055,0.0,633.0
1719258317.6494489,0.0,633.0
1719258317.7745016,0.0,633.0
1719258317.8996134,0.0,633.0
1719258318.0254233,0.0,633.0
1719258318.177992,0.0,633.0
1719258318.3043451,0.0,633.0
1719258318.430025,0.0,633.0
1719258318.556306,0.0,633.0
1719258318.681262,0.0,633.0
1719258318.806159,0.0,633.0
1719258318.9326127,0.0,633.0
1719258319.0600069,0.0,633.0
1719258319.18509,0.0,633.0
1719258319.3099203,0.0,633.0
1719258319.4350498,0.0,633.0
1719258319.562686,0.0,633.0
1719258319.688529,0.0,633.0
1719258319.8167763,0.0,633.0
1719258319.9417644,0.0,633.0
1719258320.0667078,0.0,633.0
1719258320.1916902,0.0,633.0
1719258320.3181195,0.0,633.0
1719258320.444027,0.0,633.0
1719258320.5732963,0.0,633.0
1719258320.6998327,0.0,633.0
1719258320.825028,0.0,633.0
1719258320.9500048,0.0,633.0
1719258321.0752275,0.0,633.0
1719258321.201056,0.0,633.0
1719258321.3270676,0.0,633.0
1719258321.456825,0.0,633.0
1719258321.5819263,0.0,633.0
1719258321.7070136,0.0,633.0
1719258321.8324673,0.0,633.0
1719258321.9573636,0.0,633.0
1719258322.082736,0.0,633.0
1719258322.2086241,0.0,633.0
1719258322.3374987,0.0,633.0
1719258322.4627774,0.0,633.0
1719258322.588516,0.0,633.0
1719258322.7136288,0.0,633.0
1719258322.8393598,0.0,633.0
1719258322.9666252,0.0,633.0
1719258323.0945406,0.0,633.0
1719258323.2198744,0.0,633.0
1719258323.3448474,0.0,633.0
1719258323.4703448,0.0,633.0
1719258323.5974233,0.0,633.0
1719258323.7229764,0.0,633.0
1719258323.8505232,0.0,633.0
1719258323.9772365,0.0,633.0
1719258324.103551,0.0,633.0
1719258324.2291646,0.0,633.0
1719258324.3541656,0.0,633.0
1719258324.4792526,0.0,633.0
1719258324.6062381,0.0,633.0
1719258324.7329092,0.0,633.0
1719258324.857942,0.0,633.0
1719258324.9861612,0.0,633.0
1719258325.111251,0.0,633.0
1719258325.2361455,0.0,633.0
1719258325.361012,0.0,633.0
1719258325.488872,0.0,633.0
1719258325.615723,0.0,633.0
1719258325.741527,0.0,633.0
1719258325.9051895,0.0,633.0
1719258326.0309615,0.0,633.0
1719258326.1561515,0.0,633.0
1719258326.281314,0.0,633.0
1719258326.408113,0.0,633.0
1719258326.5349116,0.0,633.0
1719258326.6606224,0.0,633.0
1719258326.785874,0.0,633.0
1719258326.9109242,0.0,633.0
1719258327.0358467,0.0,633.0
1719258327.1606734,0.0,633.0
1719258327.2856889,0.0,633.0
1719258327.4118996,0.0,633.0
1719258327.53874,0.0,633.0
1719258327.6651783,0.0,633.0
1719258327.7902164,0.0,633.0
1719258327.9156003,0.0,633.0
1719258328.0405562,0.0,633.0
1719258328.1660483,0.0,633.0
1719258328.2916577,0.0,633.0
1719258328.4180732,0.0,633.0
1719258328.5445137,0.0,633.0
1719258328.669678,0.0,633.0
1719258328.7946534,0.0,633.0
1719258328.9199257,0.0,633.0
1719258329.0448816,0.0,633.0
1719258329.2056897,0.0,633.0
1719258329.3307586,0.0,633.0
1719258329.4558475,0.0,633.0
1719258329.5826583,0.0,633.0
1719258329.7084887,0.0,633.0
1719258329.8379552,0.0,633.0
1719258329.9627926,0.0,633.0
1719258330.0877042,0.0,633.0
1719258330.2124882,0.0,633.0
1719258330.3373623,0.0,633.0
1719258330.462602,0.0,633.0
1719258330.5890946,0.0,633.0
1719258330.7166822,0.0,633.0
1719258330.842086,0.0,633.0
1719258330.9670475,0.0,633.0
1719258331.0921052,0.0,633.0
1719258331.2170281,0.0,633.0
1719258331.3423135,0.0,633.0
1719258331.4674335,0.0,633.0
1719258331.593323,0.0,633.0
1719258331.7204804,0.0,633.0
1719258331.8542607,0.0,633.0
1719258331.9794009,0.0,633.0
1719258332.1049767,0.0,633.0
1719258332.232529,0.0,633.0
1719258332.359614,0.0,633.0
1719258332.495496,0.0,633.0
1719258332.6231828,0.0,633.0
1719258332.748548,0.0,633.0
1719258332.8741238,0.0,633.0
1719258333.0006764,0.0,633.0
1719258333.1258945,0.0,633.0
1719258333.251081,0.0,633.0
1719258333.377983,0.0,633.0
1719258333.5053794,0.0,633.0
1719258333.6307178,0.0,633.0
1719258333.7562196,0.0,633.0
1719258333.8829153,0.0,633.0
1719258334.0079887,0.0,633.0
1719258334.1331828,0.0,633.0
1719258334.2597468,0.0,633.0
1719258334.3869011,0.0,633.0
1719258334.5133605,0.0,633.0
1719258334.638988,0.0,633.0
1719258334.7642121,0.0,633.0
1719258334.8893278,0.0,633.0
1719258335.0162177,0.0,633.0
1719258335.1439247,0.0,633.0
1719258335.2688284,0.0,633.0
1719258335.3939342,0.0,633.0
1719258335.520062,0.0,633.0
1719258335.645252,0.0,633.0
1719258335.793944,0.0,633.0
1719258335.920938,0.0,633.0
1719258336.0458176,0.0,633.0
1719258336.170872,0.0,633.0
1719258336.295965,0.0,633.0
1719258336.4219618,0.0,633.0
1719258336.5519922,0.0,633.0
1719258336.6794326,0.0,633.0
1719258336.8049123,0.0,633.0
1719258336.93011,0.0,633.0
1719258337.0549853,0.0,633.0
1719258337.1803598,0.0,633.0
1719258337.305527,0.0,633.0
1719258337.43161,0.0,633.0
1719258337.558305,0.0,633.0
1719258337.6838255,0.0,633.0
1719258337.809371,0.0,633.0
1719258337.9342124,0.0,633.0
1719258338.0594814,0.0,633.0
1719258338.1848347,0.0,633.0
1719258338.3102071,0.0,633.0
1719258338.436676,0.0,633.0
1719258338.5630827,0.0,633.0
1719258338.6881988,0.0,633.0
1719258338.813215,0.0,633.0
1719258338.9381704,0.0,633.0
1719258339.0942461,0.0,633.0
1719258339.2211874,0.0,633.0
1719258339.3462996,0.0,633.0
1719258339.4717834,0.0,633.0
1719258339.5975142,0.0,633.0
1719258339.7227561,0.0,633.0
1719258339.8477786,0.0,633.0
1719258339.9733481,0.0,633.0
1719258340.1002083,0.0,633.0
1719258340.2253356,0.0,633.0
1719258340.3504372,0.0,633.0
1719258340.4757578,0.0,633.0
1719258340.6017644,0.0,633.0
1719258340.7270913,0.0,633.0
1719258340.8521152,0.0,633.0
1719258340.9780304,0.0,633.0
1719258341.1045687,0.0,633.0
1719258341.2294543,0.0,633.0
1719258341.3544743,0.0,633.0
1719258341.4796457,0.0,633.0
1719258341.6055064,0.0,633.0
1719258341.7303872,0.0,633.0
1719258341.8558686,0.0,633.0
1719258341.9822118,0.0,633.0
1719258342.1095414,0.0,633.0
1719258342.2346363,0.0,633.0
1719258342.3876925,0.0,633.0
1719258342.5151272,0.0,633.0
1719258342.641508,0.0,633.0
1719258342.7664738,0.0,633.0
1719258342.8918324,0.0,633.0
1719258343.0176187,0.0,633.0
1719258343.1432652,0.0,633.0
1719258343.2682245,0.0,633.0
1719258343.39344,0.0,633.0
1719258343.521667,0.0,633.0
1719258343.6479146,0.0,633.0
1719258343.7730873,0.0,633.0
1719258343.898017,0.0,633.0
1719258344.0230803,0.0,633.0
1719258344.1482997,0.0,633.0
1719258344.2735023,0.0,633.0
1719258344.3985324,0.0,633.0
1719258344.5249095,0.0,633.0
1719258344.6540017,0.0,633.0
1719258344.7800567,0.0,633.0
1719258344.9055254,0.0,633.0
1719258345.0307474,0.0,633.0
1719258345.155834,0.0,633.0
1719258345.2816474,0.0,633.0
1719258345.408535,0.0,633.0
1719258345.5345857,0.0,633.0
1719258345.7203648,0.0,633.0
1719258345.8453176,0.0,633.0
1719258345.9703565,0.0,633.0
1719258346.0953295,0.0,633.0
1719258346.2202594,0.0,633.0
1719258346.3451486,0.0,633.0
1719258346.4716558,0.0,633.0
1719258346.599052,0.0,633.0
1719258346.7243767,0.0,633.0
1719258346.8737779,0.0,633.0
1719258346.9989169,0.0,633.0
1719258347.1240232,0.0,633.0
1719258347.2496886,0.0,633.0
1719258347.376424,0.0,633.0
1719258347.5015898,0.0,633.0
1719258347.6281567,0.0,633.0
1719258347.7537775,0.0,633.0
1719258347.8790276,0.0,633.0
1719258348.0352464,0.0,633.0
1719258348.160403,0.0,633.0
1719258348.2855234,0.0,633.0
1719258348.4106033,0.0,633.0
1719258348.537071,0.0,633.0
1719258348.6639068,0.0,633.0
1719258348.790369,0.0,633.0
1719258348.9154685,0.0,633.0
1719258349.0405414,0.0,633.0
1719258349.1656737,0.0,633.0
1719258349.290735,0.0,633.0
1719258349.4162006,0.0,633.0
1719258349.5437508,0.0,633.0
1719258349.6719747,0.0,633.0
1719258349.7969804,0.0,633.0
1719258349.922118,0.0,633.0
1719258350.0475283,0.0,633.0
1719258350.1725535,0.0,633.0
1719258350.2982278,0.0,633.0
1719258350.42619,0.0,633.0
1719258350.552147,0.0,633.0
1719258350.6773396,0.0,633.0
1719258350.8024306,0.0,633.0
1719258350.9273424,0.0,633.0
1719258351.0527718,0.0,633.0
1719258351.1778858,0.0,633.0
1719258351.3029273,0.0,633.0
1719258351.428082,0.0,633.0
1719258351.5551329,0.0,633.0
1719258351.6822913,0.0,633.0
1719258351.8072858,0.0,633.0
1719258351.9322486,0.0,633.0
1719258352.0571718,0.0,633.0
1719258352.1823268,0.0,633.0
1719258352.3076901,0.0,633.0
1719258352.4326375,0.0,633.0
1719258352.5607455,0.0,633.0
1719258352.6870296,0.0,633.0
1719258352.8120396,0.0,633.0
1719258352.9370017,0.0,633.0
1719258353.0621004,0.0,633.0
1719258353.1871085,0.0,633.0
1719258353.3149269,0.0,633.0
1719258353.4409668,0.0,633.0
1719258353.5679488,0.0,633.0
1719258353.69311,0.0,633.0
1719258353.8179185,0.0,633.0
1719258353.9430203,0.0,633.0
1719258354.067876,0.0,633.0
1719258354.1927996,0.0,633.0
1719258354.3180568,0.0,633.0
1719258354.4441175,0.0,633.0
1719258354.5703785,0.0,633.0
1719258354.6969848,0.0,633.0
1719258354.823265,0.0,633.0
1719258354.9482458,0.0,633.0
1719258355.0732858,0.0,633.0
1719258355.1985173,0.0,633.0
1719258355.3235142,0.0,633.0
1719258355.4505737,0.0,633.0
1719258355.5764506,0.0,633.0
1719258355.7013943,0.0,633.0
1719258355.826371,0.0,633.0
1719258355.9512792,0.0,633.0
1719258356.0763655,0.0,633.0
1719258356.2013204,0.0,633.0
1719258356.3280008,0.0,633.0
1719258356.455568,0.0,633.0
1719258356.581652,0.0,633.0
1719258356.706822,0.0,633.0
1719258356.8319488,0.0,633.0
1719258356.958032,0.0,633.0
1719258357.0835857,0.0,633.0
1719258357.2107704,0.0,633.0
1719258357.3392377,0.0,633.0
1719258357.4651933,0.0,633.0
1719258357.5914624,0.0,633.0
1719258357.716979,0.0,633.0
1719258357.8442433,0.0,633.0
1719258357.974213,0.0,633.0
1719258358.1190932,0.0,633.0
1719258358.2440174,0.0,633.0
1719258358.3693542,0.0,633.0
1719258358.4946673,0.0,633.0
1719258358.622063,0.0,633.0
1719258358.7487147,0.0,633.0
1719258358.8749459,0.0,633.0
1719258359.0001767,0.0,633.0
1719258359.127569,0.0,633.0
1719258359.2546573,0.0,633.0
1719258359.554483,0.0,633.0
1719258359.6838753,0.0,633.0
1719258359.8108406,0.0,633.0
1719258359.9370983,0.0,633.0
1719258360.0625231,0.0,633.0
1719258360.1895094,0.0,633.0
1719258360.3153174,0.0,633.0
1719258360.4408886,0.0,633.0
1719258360.5672548,0.0,633.0
1719258360.6941373,0.0,633.0
1719258360.821309,0.0,633.0
1719258360.9466944,0.0,633.0
1719258361.0719268,0.0,633.0
1719258361.197058,0.0,633.0
1719258361.3229303,0.0,633.0
1719258361.4512095,0.0,633.0
1719258361.5776222,0.0,633.0
1719258361.7034228,0.0,633.0
1719258361.8288002,0.0,633.0
1719258361.9539282,0.0,633.0
1719258362.0791385,0.0,633.0
1719258362.206437,0.0,633.0
1719258362.3331668,0.0,633.0
1719258362.4587889,0.0,633.0
1719258362.61555,0.0,633.0
1719258362.7431812,0.0,633.0
1719258362.8686411,0.0,633.0
1719258362.9943438,0.0,633.0
1719258363.1195812,0.0,633.0
1719258363.2455988,0.0,633.0
1719258363.3705058,0.0,633.0
1719258363.497736,0.0,633.0
1719258363.6237178,0.0,633.0
1719258363.7494469,0.0,633.0
1719258363.8745039,0.0,633.0
1719258363.9995036,0.0,633.0
1719258364.1252112,0.0,633.0
1719258364.250035,0.0,633.0
1719258364.3752298,0.0,633.0
1719258364.5013897,0.0,633.0
1719258364.629203,0.0,633.0
1719258364.7546413,0.0,633.0
1719258364.8797908,0.0,633.0
1719258365.0059018,0.0,633.0
1719258365.1309822,0.0,633.0
1719258365.2559893,0.0,633.0
1719258365.381275,0.0,633.0
1719258365.508492,0.0,633.0
1719258365.6349216,0.0,633.0
1719258365.7628593,0.0,633.0
1719258365.9508724,0.0,633.0
1719258366.0761979,0.0,633.0
1719258366.201261,0.0,633.0
1719258366.3262627,0.0,633.0
1719258366.4536426,0.0,633.0
1719258366.5838578,0.0,633.0
1719258366.7099645,0.0,633.0
1719258366.835387,0.0,633.0
1719258366.9626725,0.0,633.0
1719258367.1004572,0.0,633.0
1719258367.2254853,0.0,633.0
1719258367.3514314,0.0,633.0
1719258367.4789367,0.0,633.0
1719258367.605658,0.0,633.0
1719258367.7308803,0.0,633.0
1719258367.8559778,0.0,633.0
1719258367.981019,0.0,633.0
1719258368.1060371,0.0,633.0
1719258368.242244,0.0,633.0
1719258368.3672438,0.0,633.0
1719258368.4923673,0.0,633.0
1719258368.6173675,0.0,633.0
1719258368.7423742,0.0,633.0
1719258368.8692203,0.0,633.0
1719258368.9952044,0.0,633.0
1719258369.1204252,0.0,633.0
1719258369.2480636,0.0,633.0
1719258369.3767078,0.0,633.0
1719258369.502948,0.0,633.0
1719258369.6289902,0.0,633.0
1719258369.755314,0.0,633.0
1719258369.8802207,0.0,633.0
1719258370.00542,0.0,633.0
1719258370.130678,0.0,633.0
1719258370.256643,0.0,633.0
1719258370.3815188,0.0,633.0
1719258370.508009,0.0,633.0
1719258370.6343284,0.0,633.0
1719258370.7601144,0.0,633.0
1719258370.8848095,0.0,633.0
1719258371.0095272,0.0,633.0
1719258371.1342585,0.0,633.0
1719258371.2590652,0.0,633.0
1719258371.3839483,0.0,633.0
1719258371.5087602,0.0,633.0
1719258371.6356997,0.0,633.0
1719258371.7631116,0.0,633.0
1719258371.8878279,0.0,633.0
1719258372.0127819,0.0,633.0
1719258372.137563,0.0,633.0
1719258372.2624075,0.0,633.0
1719258372.3873158,0.0,633.0
1719258372.5124452,0.0,633.0
1719258372.670169,0.0,633.0
1719258372.7950897,0.0,633.0
1719258372.919933,0.0,633.0
1719258373.044642,0.0,633.0
1719258373.169447,0.0,633.0
1719258373.294149,0.0,633.0
1719258373.4200335,0.0,633.0
1719258373.5462651,0.0,633.0
1719258373.6734574,0.0,633.0
1719258373.7982264,0.0,633.0
1719258373.922922,0.0,633.0
1719258374.0476763,0.0,633.0
1719258374.1725013,0.0,633.0
1719258374.2972353,0.0,633.0
1719258374.422049,0.0,633.0
1719258374.5491571,0.0,633.0
1719258374.676668,0.0,633.0
1719258374.8020532,0.0,633.0
1719258374.9267356,0.0,633.0
1719258375.0516198,0.0,633.0
1719258375.1763167,0.0,633.0
1719258375.3011174,0.0,633.0
1719258375.4259343,0.0,633.0
1719258375.552496,0.0,633.0
1719258375.679256,0.0,633.0
1719258375.8061612,0.0,633.0
1719258375.9309778,0.0,633.0
1719258376.0556653,0.0,633.0
1719258376.1804855,0.0,633.0
1719258376.305503,0.0,633.0
1719258376.4304912,0.0,633.0
1719258376.558133,0.0,633.0
1719258376.6858068,0.0,633.0
1719258376.812809,0.0,633.0
1719258376.9380536,0.0,633.0
1719258377.065514,0.0,633.0
1719258377.1903996,0.0,633.0
1719258377.3174503,0.0,633.0
1719258377.4439251,0.0,633.0
1719258377.5701914,0.0,633.0
1719258377.6955059,0.0,633.0
1719258377.821632,0.0,633.0
1719258377.9466329,0.0,633.0
1719258378.072761,0.0,633.0
1719258378.200365,0.0,633.0
1719258378.3255131,0.0,633.0
1719258378.4506996,0.0,633.0
1719258378.5757163,0.0,633.0
1719258378.7011173,0.0,633.0
1719258378.826347,0.0,633.0
1719258378.9515138,0.0,633.0
1719258379.078229,0.0,633.0
1719258379.2057645,0.0,633.0
1719258379.4104085,0.0,633.0
1719258379.5363271,0.0,633.0
1719258379.6615639,0.0,633.0
1719258379.7866795,0.0,633.0
1719258379.911781,0.0,633.0
1719258380.0369177,0.0,633.0
1719258380.163147,0.0,633.0
1719258380.2919302,0.0,633.0
1719258380.4171534,0.0,633.0
1719258380.55815,0.0,633.0
1719258380.6834338,0.0,633.0
1719258380.8085775,0.0,633.0
1719258380.9340897,0.0,633.0
1719258381.0596075,0.0,633.0
1719258381.1846294,0.0,633.0
1719258381.3107593,0.0,633.0
1719258381.4376345,0.0,633.0
1719258381.563388,0.0,633.0
1719258381.733822,0.0,633.0
1719258381.8588903,0.0,633.0
1719258381.9842865,0.0,633.0
1719258382.1102371,0.0,633.0
1719258382.2371664,0.0,633.0
1719258382.3622658,0.0,633.0
1719258382.4873352,0.0,633.0
1719258382.6130705,0.0,633.0
1719258382.738194,0.0,633.0
1719258382.8632257,0.0,633.0
1719258382.9882846,0.0,633.0
1719258383.1141038,0.0,633.0
1719258383.2412338,0.0,633.0
1719258383.367085,0.0,633.0
1719258383.492249,0.0,633.0
1719258383.617861,0.0,633.0
1719258383.74382,0.0,633.0
1719258383.8688169,0.0,633.0
1719258383.9938347,0.0,633.0
1719258384.1212785,0.0,633.0
1719258384.2466862,0.0,633.0
1719258384.3717504,0.0,633.0
1719258384.4968538,0.0,633.0
1719258384.62174,0.0,633.0
1719258384.7468085,0.0,633.0
1719258384.8717873,0.0,633.0
1719258385.0856752,0.0,633.0
1719258385.2106404,0.0,633.0
1719258385.3356926,0.0,633.0
1719258385.4609299,0.0,633.0
1719258385.5868225,0.0,633.0
1719258385.7120163,0.0,633.0
1719258385.8371878,0.0,633.0
1719258385.9629972,0.0,633.0
1719258386.0902543,0.0,633.0
1719258386.2153282,0.0,633.0
1719258386.340397,0.0,633.0
1719258386.4654012,0.0,633.0
1719258386.591281,0.0,633.0
1719258386.716279,0.0,633.0
1719258386.8424153,0.0,633.0
1719258386.970013,0.0,633.0
1719258387.0953996,0.0,633.0
1719258387.2613056,0.0,633.0
1719258387.3863654,0.0,633.0
1719258387.511436,0.0,633.0
1719258387.6378424,0.0,633.0
1719258387.762922,0.0,633.0
1719258387.8895214,0.0,633.0
1719258388.0169353,0.0,633.0
1719258388.1424081,0.0,633.0
1719258388.2679443,0.0,633.0
1719258388.4019594,0.0,633.0
1719258388.5308337,0.0,633.0
1719258388.6560707,0.0,633.0
1719258388.7811298,0.0,633.0
1719258388.906152,0.0,633.0
1719258389.0312343,0.0,633.0
1719258389.1566296,0.0,633.0
1719258389.2837105,0.0,633.0
1719258389.4102283,0.0,633.0
1719258389.5368922,0.0,633.0
1719258389.6621237,0.0,633.0
1719258389.7882936,0.0,633.0
1719258389.9134395,0.0,633.0
1719258390.0387022,0.0,633.0
1719258390.1663444,0.0,633.0
1719258390.2914286,0.0,633.0
1719258390.4165816,0.0,633.0
1719258390.5422506,0.0,633.0
1719258390.6674094,0.0,633.0
1719258390.7931573,0.0,633.0
1719258390.9183302,0.0,633.0
1719258391.044654,0.0,633.0
1719258391.1708755,0.0,633.0
1719258391.2958188,0.0,633.0
1719258391.420898,0.0,633.0
1719258391.5469973,0.0,633.0
1719258391.6997848,0.0,633.0
1719258391.8271632,0.0,633.0
1719258391.952222,0.0,633.0
1719258392.0772092,0.0,633.0
1719258392.2026584,0.0,633.0
1719258392.3287222,0.0,633.0
1719258392.4538968,0.0,633.0
1719258392.5802276,0.0,633.0
1719258392.7089655,0.0,633.0
1719258392.8470562,0.0,633.0
1719258392.9738493,0.0,633.0
1719258393.1001928,0.0,633.0
1719258393.2253425,0.0,633.0
1719258393.3520737,0.0,633.0
1719258393.4782817,0.0,633.0
1719258393.6045601,0.0,633.0
1719258393.730365,0.0,633.0
1719258393.8556633,0.0,633.0
1719258393.9809744,0.0,633.0
1719258394.106103,0.0,633.0
1719258394.2313287,0.0,633.0
1719258394.3563843,0.0,633.0
1719258394.4824128,0.0,633.0
1719258394.6086926,0.0,633.0
1719258394.7350378,0.0,633.0
1719258394.8603256,0.0,633.0
1719258394.985328,0.0,633.0
1719258395.1112163,0.0,633.0
1719258395.236472,0.0,633.0
1719258395.361902,0.0,633.0
1719258395.4878793,0.0,633.0
1719258395.613957,0.0,633.0
1719258395.7410965,0.0,633.0
1719258395.8670993,0.0,633.0
1719258395.9923205,0.0,633.0
1719258396.1175406,0.0,633.0
1719258396.2467217,0.0,633.0
1719258396.3733144,0.0,633.0
1719258396.5015788,0.0,633.0
1719258396.6271222,0.0,633.0
1719258396.753409,0.0,633.0
1719258396.8812194,0.0,633.0
1719258397.0078642,0.0,633.0
1719258397.1359127,0.0,633.0
1719258397.2608664,0.0,633.0
1719258397.3873901,0.0,633.0
1719258397.5124755,0.0,633.0
1719258397.6400156,0.0,633.0
1719258397.7668517,0.0,633.0
1719258397.8928723,0.0,633.0
1719258398.0181189,0.0,633.0
1719258398.1434536,0.0,633.0
1719258398.2685795,0.0,633.0
1719258398.3937063,0.0,633.0
1719258398.5189865,0.0,633.0
1719258398.6469092,0.0,633.0
1719258398.772807,0.0,633.0
1719258398.8988755,0.0,633.0
1719258399.0241165,0.0,633.0
1719258399.149756,0.0,633.0
1719258399.2747548,0.0,633.0
1719258399.4003663,0.0,633.0
1719258399.526651,0.0,633.0
1719258399.6530178,0.0,633.0
1719258399.7803667,0.0,633.0
1719258399.9059792,0.0,633.0
1719258400.03109,0.0,633.0
1719258400.1571887,0.0,633.0
1719258400.2827039,0.0,633.0
1719258400.4121218,0.0,633.0
1719258400.5390482,0.0,633.0
1719258400.6642458,0.0,633.0
1719258400.7893798,0.0,633.0
1719258400.9151316,0.0,633.0
1719258401.040256,0.0,633.0
1719258401.16545,0.0,633.0
1719258401.2927139,0.0,633.0
1719258401.4474802,0.0,633.0
1719258401.574573,0.0,633.0
1719258401.7009447,0.0,633.0
1719258401.8288412,0.0,633.0
1719258401.954649,0.0,633.0
1719258402.0804443,0.0,633.0
1719258402.2065196,0.0,633.0
1719258402.3317084,0.0,633.0
1719258402.4566698,0.0,633.0
1719258402.583697,0.0,633.0
1719258402.7107508,0.0,633.0
1719258402.8359995,0.0,633.0
1719258402.961884,0.0,633.0
1719258403.08722,0.0,633.0
1719258403.2136064,0.0,633.0
1719258403.3385122,0.0,633.0
1719258403.4662592,0.0,633.0
1719258403.593015,0.0,633.0
1719258403.718164,0.0,633.0
1719258403.8437595,0.0,633.0
1719258403.9691818,0.0,633.0
1719258404.094742,0.0,633.0
1719258404.221901,0.0,633.0
1719258404.349532,0.0,633.0
1719258404.4753306,0.0,633.0
1719258404.6023858,0.0,633.0
1719258404.7275777,0.0,633.0
1719258404.8529053,0.0,633.0
1719258404.97892,0.0,633.0
1719258405.1049478,0.0,633.0
1719258405.2300484,0.0,633.0
1719258405.3661366,0.0,633.0
1719258405.4938312,0.0,633.0
1719258405.62091,0.0,633.0
1719258405.7464812,0.0,633.0
1719258405.8713613,0.0,633.0
1719258405.9973273,0.0,633.0
1719258406.1225226,0.0,633.0
1719258406.2496397,0.0,633.0
1719258406.377293,0.0,633.0
1719258406.5030758,0.0,633.0
1719258406.6296053,0.0,633.0
1719258406.7555676,0.0,633.0
1719258406.8805604,0.0,633.0
1719258407.0071719,0.0,633.0
1719258407.1346982,0.0,633.0
1719258407.2602575,0.0,633.0
1719258407.385844,0.0,633.0
1719258407.5110002,0.0,633.0
1719258407.6369636,0.0,633.0
1719258407.7627,0.0,633.0
1719258407.8883014,0.0,633.0
1719258408.015309,0.0,633.0
1719258408.1412795,0.0,633.0
1719258408.2669075,0.0,633.0
1719258408.3920197,0.0,633.0
1719258408.5177279,0.0,633.0
1719258408.6444979,0.0,633.0
1719258408.7709622,0.0,633.0
1719258408.899124,0.0,633.0
1719258409.024527,0.0,633.0
1719258409.1498663,0.0,633.0
1719258409.2748446,0.0,633.0
1719258409.4053514,0.0,633.0
1719258409.531781,0.0,633.0
1719258409.657993,0.0,633.0
1719258409.7838356,0.0,633.0
1719258409.9087894,0.0,633.0
1719258410.0346413,0.0,633.0
1719258410.1602073,0.0,633.0
1719258410.2859623,0.0,633.0
1719258410.4120996,0.0,633.0
1719258410.5435603,0.0,633.0
1719258410.6692092,0.0,633.0
1719258410.795279,0.0,633.0
1719258410.9208353,0.0,633.0
1719258411.04734,0.0,633.0
1719258411.1758387,0.0,633.0
1719258411.3009112,0.0,633.0
1719258411.4265783,0.0,633.0
1719258411.5535505,0.0,633.0
1719258411.6787376,0.0,633.0
1719258411.805044,0.0,633.0
1719258411.9321055,0.0,633.0
1719258412.058935,0.0,633.0
1719258412.183925,0.0,633.0
1719258412.3114455,0.0,633.0
1719258412.4368184,0.0,633.0
1719258412.563976,0.0,633.0
1719258412.6945167,0.0,633.0
1719258412.8195662,0.0,633.0
1719258412.945151,0.0,633.0
1719258413.0712833,0.0,633.0
1719258413.198525,0.0,633.0
1719258413.3266177,0.0,633.0
1719258413.4523966,0.0,633.0
1719258413.5782938,0.0,633.0
1719258413.7043786,0.0,633.0
1719258413.8295434,0.0,633.0
1719258413.9552488,0.0,633.0
1719258414.0843832,0.0,633.0
1719258414.237252,0.0,633.0
1719258414.3633935,0.0,633.0
1719258414.4899037,0.0,633.0
1719258414.6168234,0.0,633.0
1719258414.7440112,0.0,633.0
1719258414.8690834,0.0,633.0
1719258414.9944568,0.0,633.0
1719258415.1197863,0.0,633.0
1719258415.2733922,0.0,633.0
1719258415.3984675,0.0,633.0
1719258415.524035,0.0,633.0
1719258415.6509118,0.0,633.0
1719258415.7760096,0.0,633.0
1719258415.902261,0.0,633.0
1719258416.0307415,0.0,633.0
1719258416.156139,0.0,633.0
1719258416.28264,0.0,633.0
1719258416.421467,0.0,633.0
1719258416.548596,0.0,633.0
1719258416.6747406,0.0,633.0
1719258416.8000965,0.0,633.0
1719258416.9255729,0.0,633.0
1719258417.0521717,0.0,633.0
1719258417.179435,0.0,633.0
1719258417.3050785,0.0,633.0
1719258417.4301023,0.0,633.0
1719258417.5560327,0.0,633.0
1719258417.6814282,0.0,633.0
1719258417.8066566,0.0,633.0
1719258417.9332895,0.0,633.0
1719258418.0608058,0.0,633.0
1719258418.1858296,0.0,633.0
1719258418.311782,0.0,633.0
1719258418.4373395,0.0,633.0
1719258418.5633702,0.0,633.0
1719258418.689557,0.0,633.0
1719258418.816754,0.0,633.0
1719258418.942146,0.0,633.0
1719258419.066995,0.0,633.0
1719258419.1924467,0.0,633.0
1719258419.3183825,0.0,633.0
1719258419.4440663,0.0,633.0
1719258419.572124,0.0,633.0
1719258419.698494,0.0,633.0
1719258419.8331172,0.0,633.0
1719258419.9602478,0.0,633.0
1719258420.0870414,0.0,633.0
1719258420.213726,0.0,633.0
1719258420.3388417,0.0,633.0
1719258420.4647486,0.0,633.0
1719258420.5925646,0.0,633.0
1719258420.71937,0.0,633.0
1719258420.846203,0.0,633.0
1719258420.971644,0.0,633.0
1719258421.0968633,0.0,633.0
1719258421.2217326,0.0,633.0
1719258421.3468475,0.0,633.0
1719258421.4729059,0.0,633.0
1719258421.6013892,0.0,633.0
1719258421.7285888,0.0,633.0
1719258421.8535957,0.0,633.0
1719258421.979161,0.0,633.0
1719258422.1043088,0.0,633.0
1719258422.2294626,0.0,633.0
1719258422.3558176,0.0,633.0
1719258422.4821663,0.0,633.0
1719258422.6085832,0.0,633.0
1719258422.7345073,0.0,633.0
1719258422.8594313,0.0,633.0
1719258422.9850543,0.0,633.0
1719258423.1113656,0.0,633.0
1719258423.236981,0.0,633.0
1719258423.3632827,0.0,633.0
1719258423.4906535,0.0,633.0
1719258423.6172125,0.0,633.0
1719258423.7426658,0.0,633.0
1719258423.868705,0.0,633.0
1719258423.99382,0.0,633.0
1719258424.1198552,0.0,633.0
1719258424.2786326,0.0,633.0
1719258424.4050996,0.0,633.0
1719258424.5325367,0.0,633.0
1719258424.6589766,0.0,633.0
1719258424.784067,0.0,633.0
1719258424.9094195,0.0,633.0
1719258425.0361392,0.0,633.0
1719258425.162729,0.0,633.0
1719258425.2902236,0.0,633.0
1719258425.4163167,0.0,633.0
1719258425.541509,0.0,633.0
1719258425.6676002,0.0,633.0
1719258425.7927969,0.0,633.0
1719258425.918073,0.0,633.0
1719258426.0444353,0.0,633.0
1719258426.1727786,0.0,633.0
1719258426.30002,0.0,633.0
1719258426.4263673,0.0,633.0
1719258426.5531147,0.0,633.0
1719258426.6799145,0.0,633.0
1719258426.806718,0.0,633.0
1719258426.9321766,0.0,633.0
1719258427.0577698,0.0,633.0
1719258427.182985,0.0,633.0
1719258427.3082535,0.0,633.0
1719258427.434275,0.0,633.0
1719258427.5619342,0.0,633.0
1719258427.688803,0.0,633.0
1719258427.8141856,0.0,633.0
1719258427.9394016,0.0,633.0
1719258428.064763,0.0,633.0
1719258428.1907814,0.0,633.0
1719258428.3177252,0.0,633.0
1719258428.4451795,0.0,633.0
1719258428.572335,0.0,633.0
1719258428.6980884,0.0,633.0
1719258428.823957,0.0,633.0
1719258428.9488866,0.0,633.0
1719258429.0768757,0.0,633.0
1719258429.2036908,0.0,633.0
1719258429.3288217,0.0,633.0
1719258429.454106,0.0,633.0
1719258429.5803893,0.0,633.0
1719258429.7066674,0.0,633.0
1719258429.833682,0.0,633.0
1719258429.9607606,0.0,633.0
1719258430.0867016,0.0,633.0
1719258430.2119594,0.0,633.0
1719258430.3376024,0.0,633.0
1719258430.4625814,0.0,633.0
1719258430.5897305,0.0,633.0
1719258430.717548,0.0,633.0
1719258430.8433843,0.0,633.0
1719258430.9756715,0.0,633.0
1719258431.1027155,0.0,633.0
1719258431.2306151,0.0,633.0
1719258431.3564,0.0,633.0
1719258431.4815838,0.0,633.0
1719258431.6071336,0.0,633.0
1719258431.7327075,0.0,633.0
1719258431.8576663,0.0,633.0
1719258431.9827313,0.0,633.0
1719258432.10902,0.0,633.0
1719258432.2363377,0.0,633.0
1719258432.3619008,0.0,633.0
1719258432.487229,0.0,633.0
1719258432.613309,0.0,633.0
1719258432.7391846,0.0,633.0
1719258432.8657708,0.0,633.0
1719258432.9936101,0.0,633.0
1719258433.1190135,0.0,633.0
1719258433.2444675,0.0,633.0
1719258433.3698845,0.0,633.0
1719258433.4956965,0.0,633.0
1719258433.6227129,0.0,633.0
1719258433.7500248,0.0,633.0
1719258433.875669,0.0,633.0
1719258434.0005832,0.0,633.0
1719258434.1256208,0.0,633.0
1719258434.2607057,0.0,633.0
1719258434.3858895,0.0,633.0
1719258434.5114377,0.0,633.0
1719258434.6375597,0.0,633.0
1719258434.7625697,0.0,633.0
1719258434.8879416,0.0,633.0
1719258435.0146875,0.0,633.0
1719258435.140559,0.0,633.0
1719258435.2667813,0.0,633.0
1719258435.3921847,0.0,633.0
1719258435.5177653,0.0,633.0
1719258435.6450624,0.0,633.0
1719258435.7702262,0.0,633.0
1719258435.8954718,0.0,633.0
1719258436.022354,0.0,633.0
1719258436.1510465,0.0,633.0
1719258436.2769878,0.0,633.0
1719258436.4023519,0.0,633.0
1719258436.5395825,0.0,633.0
1719258436.6666696,0.0,633.0
1719258436.7920647,0.0,633.0
1719258436.9182122,0.0,633.0
1719258437.0461786,0.0,633.0
1719258437.1742413,0.0,633.0
1719258437.2994683,0.0,633.0
1719258437.4259763,0.0,633.0
1719258437.5521119,0.0,633.0
1719258437.681632,0.0,633.0
1719258437.808947,0.0,633.0
1719258437.9351976,0.0,633.0
1719258438.0609636,0.0,633.0
1719258438.1866999,0.0,633.0
1719258438.3121629,0.0,633.0
1719258438.4383826,0.0,633.0
1719258438.5655665,0.0,633.0
1719258438.6909535,0.0,633.0
1719258438.8166492,0.0,633.0
1719258438.9421198,0.0,633.0
1719258439.0678613,0.0,633.0
1719258439.194088,0.0,633.0
1719258439.3216112,0.0,633.0
1719258439.4483361,0.0,633.0
1719258439.5751657,0.0,633.0
1719258439.7016423,0.0,633.0
1719258439.8283443,0.0,633.0
1719258439.953435,0.0,633.0
1719258440.0807118,0.0,633.0
1719258440.2070928,0.0,633.0
1719258440.33261,0.0,633.0
1719258440.4583058,0.0,633.0
1719258440.5844045,0.0,633.0
1719258440.7112556,0.0,633.0
1719258440.8392382,0.0,633.0
1719258440.9648263,0.0,633.0
1719258441.0909297,0.0,633.0
1719258441.2166512,0.0,633.0
1719258441.3428788,0.0,633.0
1719258441.5101714,0.0,633.0
1719258441.6372275,0.0,633.0
1719258441.7630587,0.0,633.0
1719258441.8898144,0.0,633.0
1719258442.075274,0.0,633.0
1719258442.2003987,0.0,633.0
1719258442.326313,0.0,633.0
1719258442.4517407,0.0,633.0
1719258442.5780838,0.0,633.0
1719258442.707533,0.0,633.0
1719258442.8333173,0.0,633.0
1719258442.958559,0.0,633.0
1719258443.0840995,0.0,633.0
1719258443.222587,0.0,633.0
1719258443.3490431,0.0,633.0
1719258443.4750385,0.0,633.0
1719258443.603134,0.0,633.0
1719258443.73048,0.0,633.0
1719258443.8558178,0.0,633.0
1719258443.9809318,0.0,633.0
1719258444.10597,0.0,633.0
1719258444.231298,0.0,633.0
1719258444.3570883,0.0,633.0
1719258444.4837058,0.0,633.0
1719258444.6105874,0.0,633.0
1719258444.7361329,0.0,633.0
1719258444.861526,0.0,633.0
1719258444.986765,0.0,633.0
1719258445.1118317,0.0,633.0
1719258445.2371578,0.0,633.0
1719258445.3645625,0.0,633.0
1719258445.4919574,0.0,633.0
1719258445.6178563,0.0,633.0
1719258445.7435446,0.0,633.0
1719258445.8690453,0.0,633.0
1719258445.9946783,0.0,633.0
1719258446.1214254,0.0,633.0
1719258446.247978,0.0,633.0
1719258446.373852,0.0,633.0
1719258446.4988265,0.0,633.0
1719258446.6253238,0.0,633.0
1719258446.7505846,0.0,633.0
1719258446.8759384,0.0,633.0
1719258447.0039287,0.0,633.0
1719258447.1298687,0.0,633.0
1719258447.2551918,0.0,633.0
1719258447.3807073,0.0,633.0
1719258447.505955,0.0,633.0
1719258447.632599,0.0,633.0
1719258447.7587953,0.0,633.0
1719258447.8859582,0.0,633.0
1719258448.0117414,0.0,633.0
1719258448.1376479,0.0,633.0
1719258448.262826,0.0,633.0
1719258448.3889573,0.0,633.0
1719258448.516047,0.0,633.0
1719258448.6438632,0.0,633.0
1719258448.7702193,0.0,633.0
1719258448.895576,0.0,633.0
1719258449.0206573,0.0,633.0
1719258449.1461256,0.0,633.0
1719258449.272154,0.0,633.0
1719258449.398914,0.0,633.0
1719258449.5241477,0.0,633.0
1719258449.650808,0.0,633.0
1719258449.807666,0.0,633.0
1719258449.9351842,0.0,633.0
1719258450.0609343,0.0,633.0
1719258450.2156365,0.0,633.0
1719258450.3423347,0.0,633.0
1719258450.468762,0.0,633.0
1719258450.597417,0.0,633.0
1719258450.7227964,0.0,633.0
1719258450.8496835,0.0,633.0
1719258450.97775,0.0,633.0
1719258451.1032243,0.0,633.0
1719258451.2283022,0.0,633.0
1719258451.3536096,0.0,633.0
1719258451.4788811,0.0,633.0
1719258451.608349,0.0,633.0
1719258451.7348,0.0,633.0
1719258451.8602672,0.0,633.0
1719258451.9863427,0.0,633.0
1719258452.112397,0.0,633.0
1719258452.240278,0.0,633.0
1719258452.3672807,0.0,633.0
1719258452.4936595,0.0,633.0
1719258452.6191485,0.0,633.0
1719258452.744496,0.0,633.0
1719258452.8699327,0.0,633.0
1719258452.9958315,0.0,633.0
1719258453.1236365,0.0,633.0
1719258453.25239,0.0,633.0
1719258453.3782773,0.0,633.0
1719258453.5037866,0.0,633.0
1719258453.6305187,0.0,633.0
1719258453.7579288,0.0,633.0
1719258453.8853796,0.0,633.0
1719258454.0103831,0.0,633.0
1719258454.1359735,0.0,633.0
1719258454.2646022,0.0,633.0
1719258454.3907046,0.0,633.0
1719258454.518211,0.0,633.0
1719258454.6448035,0.0,633.0
1719258454.770021,0.0,633.0
1719258454.8952417,0.0,633.0
1719258455.0210655,0.0,633.0
1719258455.1466172,0.0,633.0
1719258455.2740092,0.0,633.0
1719258455.4023964,0.0,633.0
1719258455.5282643,0.0,633.0
1719258455.654525,0.0,633.0
1719258455.7797265,0.0,633.0
1719258455.9049273,0.0,633.0
1719258456.0298936,0.0,633.0
1719258456.156745,0.0,633.0
1719258456.284514,0.0,633.0
1719258456.4104207,0.0,633.0
1719258456.5381374,0.0,633.0
1719258456.6652787,0.0,633.0
1719258456.7921567,0.0,633.0
1719258456.921032,0.0,633.0
1719258457.0463068,0.0,633.0
1719258457.174072,0.0,633.0
1719258457.300017,0.0,633.0
1719258457.4261053,0.0,633.0
1719258457.5546896,0.0,633.0
1719258457.6811984,0.0,633.0
1719258457.806675,0.0,633.0
1719258457.9328883,0.0,633.0
1719258458.0631282,0.0,633.0
1719258458.1890557,0.0,633.0
1719258458.3160193,0.0,633.0
1719258458.443102,0.0,633.0
1719258458.5690656,0.0,633.0
1719258458.6981876,0.0,633.0
1719258458.8255987,0.0,633.0
1719258458.9510543,0.0,633.0
1719258459.077598,0.0,633.0
1719258459.2027652,0.0,633.0
1719258459.3279982,0.0,633.0
1719258459.4539745,0.0,633.0
1719258459.5827956,0.0,633.0
1719258459.7086499,0.0,633.0
1719258459.8339043,0.0,633.0
1719258459.9593089,0.0,633.0
1719258460.0848687,0.0,633.0
1719258460.2117782,0.0,633.0
1719258460.3397527,0.0,633.0
1719258460.4655957,0.0,633.0
1719258460.59166,0.0,633.0
1719258460.7169583,0.0,633.0
1719258460.8420188,0.0,633.0
1719258460.99806,0.0,633.0
1719258461.1240492,0.0,633.0
1719258461.2494001,0.0,633.0
1719258461.3746963,0.0,633.0
1719258461.5006766,0.0,633.0
1719258461.6266637,0.0,633.0
1719258461.7535949,0.0,633.0
1719258461.8813994,0.0,633.0
1719258462.0065007,0.0,633.0
1719258462.133288,0.0,633.0
1719258462.258473,0.0,633.0
1719258462.383485,0.0,633.0
1719258462.5088806,0.0,633.0
1719258462.6357732,0.0,633.0
1719258462.7616756,0.0,633.0
1719258462.8867536,0.0,633.0
1719258463.0119052,0.0,633.0
1719258463.1379647,0.0,633.0
1719258463.2637212,0.0,633.0
1719258463.3907812,0.0,633.0
1719258463.518729,0.0,633.0
1719258463.6450326,0.0,633.0
1719258463.7711298,0.0,633.0
1719258463.8969455,0.0,633.0
1719258464.022202,0.0,633.0
1719258464.1474867,0.0,633.0
1719258464.274558,0.0,633.0
1719258464.4017498,0.0,633.0
1719258464.5275857,0.0,633.0
1719258464.6545925,0.0,633.0
1719258464.781902,0.0,633.0
1719258464.9072669,0.0,633.0
1719258465.0345182,0.0,633.0
1719258465.1611583,0.0,633.0
1719258465.2864826,0.0,633.0
1719258465.4118176,0.0,633.0
1719258465.537789,0.0,633.0
1719258465.6647885,0.0,633.0
1719258465.7906532,0.0,633.0
1719258465.9180906,0.0,633.0
1719258466.043344,0.0,633.0
1719258466.1689851,0.0,633.0
1719258466.31084,0.0,633.0
1719258466.4372227,0.0,633.0
1719258466.6158974,0.0,633.0
1719258466.7414243,0.0,633.0
1719258466.8669324,0.0,633.0
1719258466.9932528,0.0,633.0
1719258467.1195612,0.0,633.0
1719258467.24508,0.0,633.0
1719258467.3734274,0.0,633.0
1719258467.500876,0.0,633.0
1719258467.6276035,0.0,633.0
1719258467.7539153,0.0,633.0
1719258467.8816726,0.0,633.0
1719258468.010491,0.0,633.0
1719258468.1378918,0.0,633.0
1719258468.2647884,0.0,633.0
1719258468.3902493,0.0,633.0
1719258468.5192385,0.0,633.0
1719258468.6466405,0.0,633.0
1719258468.7719097,0.0,633.0
1719258468.8984191,0.0,633.0
1719258469.0245142,0.0,633.0
1719258469.1503654,0.0,633.0
1719258469.276903,0.0,633.0
1719258469.4039927,0.0,633.0
1719258469.5313451,0.0,633.0
1719258469.6614175,0.0,633.0
1719258469.788832,0.0,633.0
1719258469.9163804,0.0,633.0
1719258470.041878,0.0,633.0
1719258470.1699069,0.0,633.0
1719258470.2964015,0.0,633.0
1719258470.42307,0.0,633.0
1719258470.5518498,0.0,633.0
1719258470.68226,0.0,633.0
1719258470.8088627,0.0,633.0
1719258470.9360538,0.0,633.0
1719258471.10963,0.0,633.0
1719258471.234964,0.0,633.0
1719258471.3604343,0.0,633.0
1719258471.4892983,0.0,633.0
1719258471.617301,0.0,633.0
1719258471.7450655,0.0,633.0
1719258471.8723898,0.0,633.0
1719258472.0016408,0.0,633.0
1719258472.1276016,0.0,633.0
1719258472.2540402,0.0,633.0
1719258472.380033,0.0,633.0
1719258472.5073957,0.0,633.0
1719258472.6365,0.0,633.0
1719258472.7633305,0.0,633.0
1719258472.888436,0.0,633.0
1719258473.0156622,0.0,633.0
1719258473.1408029,0.0,633.0
1719258473.267281,0.0,633.0
1719258473.3963542,0.0,633.0
1719258473.5220394,0.0,633.0
1719258473.6491992,0.0,633.0
1719258473.7746825,0.0,633.0
1719258473.901268,0.0,633.0
1719258474.0263343,0.0,633.0
1719258474.156376,0.0,633.0
1719258474.281606,0.0,633.0
1719258474.4077506,0.0,633.0
1719258474.5329788,0.0,633.0
1719258474.6597638,0.0,633.0
1719258474.7852328,0.0,633.0
1719258474.911252,0.0,633.0
1719258475.0389497,0.0,633.0
1719258475.1646297,0.0,633.0
1719258475.2912748,0.0,633.0
1719258475.4180157,0.0,633.0
1719258475.5452785,0.0,633.0
1719258475.6726155,0.0,633.0
1719258475.8005862,0.0,633.0
1719258475.927854,0.0,633.0
1719258476.055913,0.0,633.0
1719258476.182279,0.0,633.0
1719258476.3090928,0.0,633.0
1719258476.4363616,0.0,633.0
1719258476.5616565,0.0,633.0
1719258476.691894,0.0,633.0
1719258476.8195693,0.0,633.0
1719258476.9449098,0.0,633.0
1719258477.0701313,0.0,633.0
1719258477.1959445,0.0,633.0
1719258477.3215349,0.0,633.0
1719258477.4467566,0.0,633.0
1719258477.5726666,0.0,633.0
1719258477.6991167,0.0,633.0
1719258477.855359,0.0,633.0
1719258477.9811714,0.0,633.0
1719258478.1076813,0.0,633.0
1719258478.235267,0.0,633.0
1719258478.3604293,0.0,633.0
1719258478.4861798,0.0,633.0
1719258478.61269,0.0,633.0
1719258478.7382905,0.0,633.0
1719258478.8654,0.0,633.0
1719258478.9938257,0.0,633.0
1719258479.1210573,0.0,633.0
1719258479.246301,0.0,633.0
1719258479.3717108,0.0,633.0
1719258479.4974892,0.0,633.0
1719258479.6292057,0.0,633.0
1719258479.7550318,0.0,633.0
1719258479.880578,0.0,633.0
1719258480.0057538,0.0,633.0
1719258480.1312814,0.0,633.0
1719258480.2576585,0.0,633.0
1719258480.3850746,0.0,633.0
1719258480.5116274,0.0,633.0
1719258480.638135,0.0,633.0
1719258480.764295,0.0,633.0
1719258480.8899474,0.0,633.0
1719258481.016928,0.0,633.0
1719258481.173146,0.0,633.0
1719258481.298926,0.0,633.0
1719258481.426676,0.0,633.0
1719258481.5540257,0.0,633.0
1719258481.68097,0.0,633.0
1719258481.8069882,0.0,633.0
1719258481.9322333,0.0,633.0
1719258482.0575643,0.0,633.0
1719258482.1839147,0.0,633.0
1719258482.310983,0.0,633.0
1719258482.4364493,0.0,633.0
1719258482.5617237,0.0,633.0
1719258482.6881855,0.0,633.0
1719258482.8137429,0.0,633.0
1719258482.940741,0.0,633.0
1719258483.068957,0.0,633.0
1719258483.1947641,0.0,633.0
1719258483.321085,0.0,633.0
1719258483.4472077,0.0,633.0
1719258483.5744522,0.0,633.0
1719258483.7007518,0.0,633.0
1719258483.8274746,0.0,633.0
1719258483.9583874,0.0,633.0
1719258484.0838835,0.0,633.0
1719258484.2102587,0.0,633.0
1719258484.33757,0.0,633.0
1719258484.4646714,0.0,633.0
1719258484.591459,0.0,633.0
1719258484.7168274,0.0,633.0
1719258484.843101,0.0,633.0
1719258484.9696786,0.0,633.0
1719258485.097182,0.0,633.0
1719258485.2227044,0.0,633.0
1719258485.3483582,0.0,633.0
1719258485.4738264,0.0,633.0
1719258485.6000128,0.0,633.0
1719258485.7278953,0.0,633.0
1719258485.8547266,0.0,633.0
1719258485.9802496,0.0,633.0
1719258486.1059334,0.0,633.0
1719258486.2311704,0.0,633.0
1719258486.3568158,0.0,633.0
1719258486.4821455,0.0,633.0
1719258486.6100388,0.0,633.0
1719258486.7369483,0.0,633.0
1719258486.8620741,0.0,633.0
1719258486.9881005,0.0,633.0
1719258487.1136186,0.0,633.0
1719258487.2387085,0.0,633.0
1719258487.3659394,0.0,633.0
1719258487.4942794,0.0,633.0
1719258487.621088,0.0,633.0
1719258487.7979684,0.0,633.0
1719258487.9246416,0.0,633.0
1719258488.0507264,0.0,633.0
1719258488.1758049,0.0,633.0
1719258488.301526,0.0,633.0
1719258488.4265316,0.0,633.0
