timestamp,gpu_util,gpu_mem
1719346982.8050747,0.0,3.0
1719346982.9525042,0.0,3.0
1719346983.1005292,0.0,3.0
1719346983.2492304,0.0,15.0
1719346983.424829,0.0,541.0
1719346983.5779068,19.0,625.0
1719346983.7347448,7.0,717.0
1719346983.8911982,5.0,791.0
1719346984.052597,5.0,875.0
1719346984.218576,8.0,959.0
1719346984.3831468,5.0,1183.0
1719346984.5555437,7.0,1215.0
1719346984.7256541,0.0,1215.0
1719346984.9475822,0.0,1215.0
1719346985.1173332,0.0,1215.0
1719346985.2938783,0.0,1215.0
1719346985.4621809,0.0,1215.0
1719346985.6281183,0.0,1215.0
1719346985.79492,0.0,1215.0
1719346985.9624736,0.0,1215.0
1719346986.1290572,0.0,1215.0
1719346986.2919066,0.0,1215.0
1719346986.4613445,0.0,1215.0
1719346986.6292753,0.0,1215.0
1719346986.7957885,0.0,1215.0
1719346986.963221,0.0,1215.0
1719346987.134361,0.0,1215.0
1719346987.2969625,0.0,1215.0
1719346987.4727426,0.0,1215.0
1719346987.6415966,0.0,1215.0
1719346987.806207,0.0,1215.0
1719346987.9677227,0.0,1215.0
1719346988.1361496,0.0,1215.0
1719346988.3031619,0.0,1215.0
1719346988.496814,0.0,1215.0
1719346988.6662993,0.0,1215.0
1719346988.8339372,0.0,1215.0
1719346989.0016744,0.0,1215.0
1719346989.163997,0.0,1215.0
1719346989.32884,0.0,1215.0
1719346989.4999695,0.0,1215.0
1719346989.6688163,0.0,1215.0
1719346989.8367362,0.0,1215.0
1719346990.0050557,0.0,1215.0
1719346990.1726108,0.0,1215.0
1719346990.3411603,0.0,1215.0
1719346990.5098796,0.0,1215.0
1719346990.6773868,0.0,1215.0
1719346990.845239,0.0,1215.0
1719346991.0127473,0.0,1215.0
1719346991.1821191,0.0,1215.0
1719346991.3592527,0.0,1215.0
1719346991.5265849,0.0,1215.0
1719346991.6892896,0.0,1215.0
1719346991.8518426,0.0,1215.0
1719346992.0141342,0.0,1215.0
1719346992.1782062,0.0,1215.0
1719346992.3441389,0.0,1215.0
1719346992.5127943,0.0,1215.0
1719346992.6742496,0.0,1215.0
1719346992.8364022,0.0,1215.0
1719346992.9983501,0.0,1215.0
1719346993.1668332,0.0,1215.0
1719346993.3415294,0.0,1215.0
1719346993.5077496,0.0,1215.0
1719346993.6777647,0.0,1215.0
1719346993.8443768,0.0,1215.0
1719346994.0107484,0.0,1215.0
1719346994.172308,0.0,1215.0
1719346994.3418052,0.0,1215.0
1719346994.5090322,0.0,1215.0
1719346994.676702,0.0,1215.0
1719346994.841708,0.0,1215.0
1719346995.0085716,0.0,1215.0
1719346995.1724577,0.0,1215.0
1719346995.3378835,0.0,1215.0
1719346995.5060484,0.0,1215.0
1719346995.6736193,0.0,1215.0
1719346995.8342617,0.0,1215.0
1719346995.999391,0.0,1215.0
1719346996.1665218,0.0,1215.0
1719346996.3333795,0.0,1215.0
1719346996.5086687,0.0,1215.0
1719346996.672451,0.0,1215.0
1719346996.8364825,0.0,1215.0
1719346997.0011592,0.0,1215.0
1719346997.1721904,0.0,1215.0
1719346997.338969,0.0,1215.0
1719346997.5066948,0.0,1215.0
1719346997.6737,0.0,1215.0
1719346997.8419552,0.0,1215.0
1719346997.9992704,0.0,1215.0
1719346998.165275,0.0,1215.0
1719346998.3284636,0.0,1215.0
1719346998.4999604,0.0,1215.0
1719346998.6610935,0.0,1215.0
1719346998.82928,0.0,1215.0
1719346998.990716,0.0,1215.0
1719346999.158152,0.0,1215.0
1719346999.3246362,0.0,1215.0
1719346999.4940608,0.0,1215.0
1719346999.6568165,0.0,1215.0
1719346999.8245296,0.0,1215.0
1719346999.9820752,0.0,1215.0
1719347000.1464367,0.0,1215.0
1719347000.307286,0.0,1215.0
1719347000.4737399,0.0,1215.0
1719347000.6426003,0.0,1215.0
1719347000.810064,0.0,1215.0
1719347000.9761732,0.0,1215.0
1719347001.1417964,0.0,1215.0
1719347001.30549,0.0,1215.0
1719347001.4744244,0.0,1215.0
1719347001.6565437,0.0,1215.0
1719347001.8178606,0.0,1215.0
1719347001.9815114,0.0,1215.0
1719347002.146245,0.0,1215.0
1719347002.3087177,0.0,1215.0
1719347002.4735928,0.0,1215.0
1719347002.6420429,0.0,1215.0
1719347002.803996,0.0,1215.0
1719347002.9645386,0.0,1215.0
1719347003.1317227,0.0,1215.0
1719347003.294507,0.0,1215.0
1719347003.4612007,0.0,1215.0
1719347003.6250467,0.0,1215.0
1719347003.7919967,0.0,1215.0
1719347003.9530044,0.0,1215.0
1719347004.1156418,0.0,1215.0
1719347004.2779768,0.0,1215.0
1719347004.4445546,0.0,1215.0
1719347004.6074011,0.0,1215.0
1719347004.7702105,0.0,1215.0
1719347004.9362829,0.0,1215.0
1719347005.1013083,0.0,1215.0
1719347005.2652915,0.0,1215.0
1719347005.4339514,0.0,1215.0
1719347005.6006162,0.0,1215.0
1719347005.773822,0.0,1215.0
1719347005.9418948,0.0,1215.0
1719347006.1092405,0.0,1215.0
1719347006.2746537,0.0,1215.0
1719347006.4368215,0.0,1215.0
1719347006.604584,0.0,1215.0
1719347006.7720006,0.0,1215.0
1719347006.9379468,0.0,1215.0
1719347007.1013722,0.0,1215.0
1719347007.2683117,0.0,1215.0
1719347007.4347036,0.0,1215.0
1719347007.601635,0.0,1215.0
1719347007.7614582,0.0,1215.0
1719347007.928825,0.0,1215.0
1719347008.085938,0.0,1215.0
1719347008.2528276,0.0,1215.0
1719347008.4150784,0.0,1215.0
1719347008.5814722,0.0,1215.0
1719347008.7474985,0.0,1215.0
1719347008.916897,0.0,1215.0
1719347009.0853186,0.0,1215.0
1719347009.2524395,0.0,1215.0
1719347009.4187155,0.0,1215.0
1719347009.586544,0.0,1215.0
1719347009.7471614,0.0,1215.0
1719347009.9144168,0.0,1215.0
1719347010.0817358,0.0,1215.0
1719347010.2514517,0.0,1215.0
1719347010.4143238,0.0,1215.0
1719347010.5808094,0.0,1215.0
1719347010.7372193,0.0,1215.0
1719347010.9003582,0.0,1215.0
1719347011.0640204,0.0,1215.0
1719347011.2290506,0.0,1215.0
1719347011.3909435,0.0,1215.0
1719347011.5565367,0.0,1215.0
1719347011.7214937,0.0,1215.0
1719347011.885684,0.0,1215.0
1719347012.0547764,0.0,1215.0
1719347012.2238202,0.0,1215.0
1719347012.3924997,0.0,1215.0
1719347012.5543053,0.0,1215.0
1719347012.7215526,0.0,1215.0
1719347012.888369,0.0,1215.0
1719347013.0537214,0.0,1215.0
1719347013.2213666,0.0,1215.0
1719347013.3890984,0.0,1215.0
1719347013.5569532,0.0,1215.0
1719347013.726044,0.0,1215.0
1719347013.8939364,0.0,1215.0
1719347014.0555322,0.0,1215.0
1719347014.2218893,0.0,1215.0
1719347014.3878167,0.0,1215.0
1719347014.5541182,0.0,1215.0
1719347014.7205162,0.0,1215.0
1719347014.8980699,0.0,1215.0
1719347015.0652523,0.0,1215.0
1719347015.240294,0.0,1215.0
1719347015.4417152,0.0,1215.0
1719347015.610329,0.0,1215.0
1719347015.8071337,0.0,1215.0
1719347015.9765177,0.0,1215.0
1719347016.157944,0.0,1215.0
1719347016.3200207,0.0,1215.0
1719347016.5012121,0.0,1215.0
1719347016.667469,0.0,1215.0
1719347016.8374484,0.0,1215.0
1719347017.0063055,0.0,1215.0
1719347017.1737645,0.0,1215.0
1719347017.3411672,0.0,1215.0
1719347017.5118513,0.0,1215.0
1719347017.676354,0.0,1215.0
1719347017.8422427,0.0,1215.0
1719347018.0081959,0.0,1215.0
1719347018.1739097,0.0,1215.0
1719347018.3434813,0.0,1215.0
1719347018.5185254,0.0,1215.0
1719347018.6867511,0.0,1215.0
1719347018.8537807,0.0,1215.0
1719347019.0209882,0.0,1215.0
1719347019.18244,0.0,1215.0
1719347019.350529,0.0,1215.0
1719347019.515738,0.0,1215.0
1719347019.6849892,0.0,1215.0
1719347019.8530822,0.0,1215.0
1719347020.0228915,0.0,1215.0
1719347020.1886845,0.0,1215.0
1719347020.3503132,0.0,1215.0
1719347020.5291338,0.0,1215.0
1719347020.6911721,0.0,1215.0
1719347020.858867,0.0,1215.0
1719347021.0220077,0.0,1215.0
1719347021.1797483,0.0,1215.0
1719347021.346108,0.0,1215.0
1719347021.51194,0.0,1215.0
1719347021.678706,0.0,1215.0
1719347021.8468723,0.0,1215.0
1719347022.0138686,0.0,1215.0
1719347022.1811607,0.0,1215.0
1719347022.3445714,0.0,1215.0
1719347022.520466,0.0,1215.0
1719347022.685218,0.0,1215.0
1719347022.8527212,0.0,1215.0
1719347023.0179262,0.0,1215.0
1719347023.1855464,0.0,1215.0
1719347023.3469067,0.0,1215.0
1719347023.5145612,0.0,1215.0
1719347023.6823452,0.0,1215.0
1719347023.847986,0.0,1215.0
1719347024.0147488,0.0,1215.0
1719347024.1804569,0.0,1215.0
1719347024.3454723,0.0,1215.0
1719347024.5072153,0.0,1215.0
1719347024.6774156,0.0,1215.0
1719347024.8462644,0.0,1215.0
1719347025.0131829,0.0,1215.0
1719347025.1809952,0.0,1215.0
1719347025.347073,0.0,1215.0
1719347025.514575,0.0,1215.0
1719347025.6819878,0.0,1215.0
1719347025.843292,0.0,1215.0
1719347026.019828,0.0,1215.0
1719347026.1855178,0.0,1215.0
1719347026.3583913,0.0,1215.0
1719347026.5347004,0.0,1215.0
1719347026.6947026,0.0,1215.0
1719347026.8622146,0.0,1215.0
1719347027.0231097,0.0,1215.0
1719347027.1907442,0.0,1215.0
1719347027.3558257,0.0,1215.0
1719347027.5218775,0.0,1215.0
1719347027.6913052,0.0,1215.0
1719347027.8578997,0.0,1215.0
1719347028.029157,0.0,1215.0
1719347028.1960728,0.0,1215.0
1719347028.3654141,0.0,1215.0
1719347028.536685,0.0,1215.0
1719347028.704615,0.0,1215.0
1719347028.8734403,0.0,1215.0
1719347029.039035,0.0,1215.0
1719347029.202025,0.0,1215.0
1719347029.3689854,0.0,1215.0
1719347029.5383687,0.0,1215.0
1719347029.706254,0.0,1215.0
1719347029.873447,0.0,1215.0
1719347030.0429385,0.0,1215.0
1719347030.2091012,0.0,1215.0
1719347030.3781395,0.0,1215.0
1719347030.5447176,0.0,1215.0
1719347030.712187,0.0,1215.0
1719347030.874442,0.0,1215.0
1719347031.0422351,0.0,1215.0
1719347031.2105608,0.0,1215.0
1719347031.377125,0.0,1215.0
1719347031.5508876,0.0,1215.0
1719347031.7185175,0.0,1215.0
1719347031.8882668,0.0,1215.0
1719347032.0561013,0.0,1215.0
1719347032.2270744,0.0,1215.0
1719347032.397661,0.0,1215.0
1719347032.5616438,0.0,1215.0
1719347032.7332637,0.0,1215.0
1719347032.9011066,0.0,1215.0
1719347033.062391,0.0,1215.0
1719347033.2286618,0.0,1215.0
1719347033.3945765,0.0,1215.0
1719347033.5555525,0.0,1215.0
1719347033.7227807,0.0,1215.0
1719347033.889573,0.0,1215.0
1719347034.0582561,0.0,1215.0
1719347034.2251346,0.0,1215.0
1719347034.395192,0.0,1215.0
1719347034.5622149,0.0,1215.0
1719347034.7303243,0.0,1215.0
1719347034.8988996,0.0,1215.0
1719347035.0636787,0.0,1215.0
1719347035.2345486,0.0,1215.0
1719347035.4031289,0.0,1215.0
1719347035.5706358,0.0,1215.0
1719347035.7383835,0.0,1215.0
1719347035.9065726,0.0,1215.0
1719347036.0759373,0.0,1215.0
1719347036.242632,0.0,1215.0
1719347036.4101205,0.0,1215.0
1719347036.5751684,0.0,1215.0
1719347036.7411113,0.0,1215.0
1719347036.908654,0.0,1215.0
1719347037.07576,0.0,1215.0
1719347037.2462902,0.0,1215.0
1719347037.4139621,0.0,1215.0
1719347037.581019,0.0,1215.0
1719347037.748757,0.0,1215.0
1719347037.914229,0.0,1215.0
1719347038.0803628,0.0,1215.0
1719347038.2455478,0.0,1215.0
1719347038.4144363,0.0,1215.0
1719347038.5785246,0.0,1215.0
1719347038.7384794,0.0,1215.0
1719347038.901469,0.0,1215.0
1719347039.068404,0.0,1215.0
1719347039.2308068,0.0,1215.0
1719347039.3973372,0.0,1215.0
1719347039.5614393,0.0,1215.0
1719347039.7313497,0.0,1215.0
1719347039.8989353,0.0,1215.0
1719347040.0756528,0.0,1215.0
1719347040.2429986,0.0,1215.0
1719347040.4096498,0.0,1215.0
1719347040.570277,0.0,1215.0
1719347040.7358167,0.0,1215.0
1719347040.8999894,0.0,1215.0
1719347041.0624208,0.0,1215.0
1719347041.2299526,0.0,1215.0
1719347041.3974016,0.0,1215.0
1719347041.5626452,0.0,1215.0
1719347041.7251549,0.0,1215.0
1719347041.8950918,0.0,1215.0
1719347042.0630207,0.0,1215.0
1719347042.2288177,0.0,1215.0
1719347042.3956904,0.0,1215.0
1719347042.5634975,0.0,1215.0
1719347042.732107,0.0,1215.0
1719347042.899408,0.0,1215.0
1719347043.0628562,0.0,1215.0
1719347043.2330172,0.0,1215.0
1719347043.4017315,0.0,1215.0
1719347043.5702362,0.0,1215.0
1719347043.7379994,0.0,1215.0
1719347043.9054217,0.0,1215.0
1719347044.0706348,0.0,1215.0
1719347044.2333844,0.0,1215.0
1719347044.4013307,0.0,1215.0
1719347044.5699542,0.0,1215.0
1719347044.7382102,0.0,1215.0
1719347044.9066331,0.0,1215.0
1719347045.0734055,0.0,1215.0
1719347045.241403,0.0,1215.0
1719347045.4091537,0.0,1215.0
1719347045.5780454,0.0,1215.0
1719347045.7469401,0.0,1215.0
1719347045.9163272,0.0,1215.0
1719347046.0825353,0.0,1215.0
1719347046.2473845,0.0,1215.0
1719347046.4133117,0.0,1215.0
1719347046.5798275,0.0,1215.0
1719347046.7459497,0.0,1215.0
1719347046.9148834,0.0,1215.0
1719347047.089217,0.0,1215.0
1719347047.2508037,0.0,1215.0
1719347047.4115438,0.0,1215.0
1719347047.5778673,0.0,1215.0
1719347047.744233,0.0,1215.0
1719347047.9146633,0.0,1215.0
1719347048.0752122,0.0,1215.0
1719347048.2412946,0.0,1215.0
1719347048.4013622,0.0,1215.0
1719347048.5709095,0.0,1215.0
1719347048.7379718,0.0,1215.0
1719347048.905116,0.0,1215.0
1719347049.0668359,0.0,1215.0
1719347049.2342443,0.0,1215.0
1719347049.401209,0.0,1215.0
1719347049.5657296,0.0,1215.0
1719347049.7329466,0.0,1215.0
1719347049.9308984,0.0,1215.0
1719347050.1103392,0.0,1215.0
1719347050.2773128,0.0,1215.0
1719347050.4741175,0.0,1215.0
1719347050.6427975,0.0,1215.0
1719347050.834713,0.0,1215.0
1719347051.0008085,0.0,1215.0
1719347051.1906252,0.0,1215.0
1719347051.357488,0.0,1215.0
1719347051.5254908,0.0,1215.0
1719347051.6924684,0.0,1215.0
1719347051.85769,0.0,1215.0
1719347052.025708,0.0,1215.0
1719347052.1927094,0.0,1215.0
1719347052.365006,0.0,1215.0
1719347052.533257,0.0,1215.0
1719347052.6957402,0.0,1215.0
1719347052.8556309,0.0,1215.0
1719347053.0220153,0.0,1215.0
1719347053.184176,0.0,1215.0
1719347053.3523338,0.0,1215.0
1719347053.5137503,0.0,1215.0
1719347053.6816232,0.0,1215.0
1719347053.8500445,0.0,1215.0
1719347054.015349,0.0,1215.0
1719347054.1776059,0.0,1215.0
1719347054.3421814,0.0,1215.0
1719347054.5081213,0.0,1215.0
1719347054.673707,0.0,1215.0
1719347054.837083,0.0,1215.0
1719347055.005149,0.0,1215.0
1719347055.1734855,0.0,1215.0
1719347055.3421533,0.0,1215.0
1719347055.5072894,0.0,1215.0
1719347055.6747558,0.0,1215.0
1719347055.8417125,0.0,1215.0
1719347056.0068119,0.0,1215.0
1719347056.1678133,0.0,1215.0
1719347056.3347142,0.0,1215.0
1719347056.5007246,0.0,1215.0
1719347056.6654346,0.0,1215.0
1719347056.8341324,0.0,1215.0
1719347057.002164,0.0,1215.0
1719347057.1683776,0.0,1215.0
1719347057.3336508,0.0,1215.0
1719347057.4974642,0.0,1215.0
1719347057.6650817,0.0,1215.0
1719347057.8332627,0.0,1215.0
1719347057.999626,0.0,1215.0
1719347058.1650157,0.0,1215.0
1719347058.3313596,0.0,1215.0
1719347058.4884608,0.0,1215.0
1719347058.6556852,0.0,1215.0
1719347058.8180492,0.0,1215.0
1719347058.9849536,0.0,1215.0
1719347059.1484458,0.0,1215.0
1719347059.3168125,0.0,1215.0
1719347059.4783335,0.0,1215.0
1719347059.649792,0.0,1215.0
1719347059.8165066,0.0,1215.0
1719347059.9850495,0.0,1215.0
1719347060.1526215,0.0,1215.0
1719347060.3179216,0.0,1215.0
1719347060.484808,0.0,1215.0
1719347060.6515841,0.0,1215.0
1719347060.819964,0.0,1215.0
1719347060.9908109,0.0,1215.0
1719347061.158704,0.0,1215.0
1719347061.3263047,0.0,1215.0
1719347061.4969418,0.0,1215.0
1719347061.6658254,0.0,1215.0
1719347061.8306594,0.0,1215.0
1719347061.996233,0.0,1215.0
1719347062.1621563,0.0,1215.0
1719347062.3298168,0.0,1215.0
1719347062.4928393,0.0,1215.0
1719347062.6604223,0.0,1215.0
1719347062.820258,0.0,1215.0
1719347062.9884562,0.0,1215.0
1719347063.1567142,0.0,1215.0
1719347063.3232722,0.0,1215.0
1719347063.4856248,0.0,1215.0
1719347063.6489408,0.0,1215.0
1719347063.8183694,0.0,1215.0
1719347063.9858222,0.0,1215.0
1719347064.1511564,0.0,1215.0
1719347064.3169997,0.0,1215.0
1719347064.4830694,0.0,1215.0
1719347064.655879,0.0,1215.0
1719347064.8202527,0.0,1215.0
1719347064.9896722,0.0,1215.0
1719347065.1570013,0.0,1215.0
1719347065.3222997,0.0,1215.0
1719347065.4899538,0.0,1215.0
1719347065.6577935,0.0,1215.0
1719347065.8231783,0.0,1215.0
1719347065.9935386,0.0,1215.0
1719347066.161112,0.0,1215.0
1719347066.3280656,0.0,1215.0
1719347066.4933732,0.0,1215.0
1719347066.6562936,0.0,1215.0
1719347066.8224397,0.0,1215.0
1719347066.9850874,0.0,1215.0
1719347067.1449387,0.0,1215.0
1719347067.3133821,0.0,1215.0
1719347067.4768872,0.0,1215.0
1719347067.6449888,0.0,1215.0
1719347067.8120284,0.0,1215.0
1719347067.9744325,0.0,1215.0
1719347068.141794,0.0,1215.0
1719347068.3116543,0.0,1215.0
1719347068.4776924,0.0,1215.0
1719347068.643104,0.0,1215.0
1719347068.806182,0.0,1215.0
1719347068.9732952,0.0,1215.0
1719347069.1335423,0.0,1215.0
1719347069.2995465,0.0,1215.0
1719347069.46293,0.0,1215.0
1719347069.634395,0.0,1215.0
1719347069.80193,0.0,1215.0
1719347069.9691713,0.0,1215.0
1719347070.1366022,0.0,1215.0
1719347070.3019602,0.0,1215.0
1719347070.4699183,0.0,1215.0
1719347070.6388054,0.0,1215.0
1719347070.80653,0.0,1215.0
1719347070.9734948,0.0,1215.0
1719347071.1420553,0.0,1215.0
1719347071.3034956,0.0,1215.0
1719347071.4713109,0.0,1215.0
1719347071.6372986,0.0,1215.0
1719347071.8064837,0.0,1215.0
1719347071.9737728,0.0,1215.0
1719347072.136059,0.0,1215.0
1719347072.3041372,0.0,1215.0
1719347072.4671578,0.0,1215.0
1719347072.631878,0.0,1215.0
1719347072.7968535,0.0,1215.0
1719347072.9642608,0.0,1215.0
1719347073.124388,0.0,1215.0
1719347073.29409,0.0,1215.0
1719347073.4615884,0.0,1215.0
1719347073.625775,0.0,1215.0
1719347073.7914677,0.0,1215.0
1719347073.9620066,0.0,1215.0
1719347074.1279182,0.0,1215.0
1719347074.297242,0.0,1215.0
1719347074.4638524,0.0,1215.0
1719347074.6299872,0.0,1215.0
1719347074.7966287,0.0,1215.0
1719347074.961158,0.0,1215.0
1719347075.1296601,0.0,1215.0
1719347075.295408,0.0,1215.0
1719347075.4616425,0.0,1215.0
1719347075.6280692,0.0,1215.0
1719347075.798243,0.0,1215.0
1719347075.9636385,0.0,1215.0
1719347076.128047,0.0,1215.0
1719347076.292422,0.0,1215.0
1719347076.4609706,0.0,1215.0
1719347076.627024,0.0,1215.0
1719347076.7969568,0.0,1215.0
1719347076.964804,0.0,1215.0
1719347077.1270056,0.0,1215.0
1719347077.2948217,0.0,1215.0
1719347077.4623852,0.0,1215.0
1719347077.6287801,0.0,1215.0
1719347077.795576,0.0,1215.0
1719347077.9566216,0.0,1215.0
1719347078.1183846,0.0,1215.0
1719347078.2800875,0.0,1215.0
1719347078.4467309,0.0,1215.0
1719347078.6122048,0.0,1215.0
1719347078.7694988,0.0,1215.0
1719347078.9371684,0.0,1215.0
1719347079.1059859,0.0,1215.0
1719347079.2741096,0.0,1215.0
1719347079.4465356,0.0,1215.0
1719347079.612635,0.0,1215.0
1719347079.774632,0.0,1215.0
1719347079.9401085,0.0,1215.0
1719347080.1059122,0.0,1215.0
1719347080.273058,0.0,1215.0
1719347080.4412417,0.0,1215.0
1719347080.6096458,0.0,1215.0
1719347080.7780068,0.0,1215.0
1719347080.9451551,0.0,1215.0
1719347081.1130784,0.0,1215.0
1719347081.2775354,0.0,1215.0
1719347081.4440684,0.0,1215.0
1719347081.607004,0.0,1215.0
1719347081.76432,0.0,1215.0
1719347081.9288743,0.0,1215.0
1719347082.092983,0.0,1215.0
1719347082.2604964,0.0,1215.0
1719347082.4264212,0.0,1215.0
1719347082.592255,0.0,1215.0
1719347082.7559772,0.0,1215.0
1719347082.9219482,0.0,1215.0
1719347083.0876946,0.0,1215.0
1719347083.2545633,0.0,1215.0
1719347083.4226835,0.0,1215.0
1719347083.5935931,0.0,1215.0
1719347083.775036,0.0,1215.0
1719347083.9416037,0.0,1215.0
1719347084.1421409,0.0,1215.0
1719347084.3179188,0.0,1215.0
1719347084.486256,0.0,1215.0
1719347084.6550088,0.0,1215.0
1719347084.8209302,0.0,1215.0
1719347085.008242,0.0,1215.0
1719347085.176317,0.0,1215.0
1719347085.3624983,0.0,1215.0
1719347085.5294847,0.0,1215.0
1719347085.693923,0.0,1215.0
1719347085.8661091,0.0,1215.0
1719347086.035716,0.0,1215.0
1719347086.2046547,0.0,1215.0
1719347086.3702943,0.0,1215.0
1719347086.5364628,0.0,1215.0
1719347086.7002947,0.0,1215.0
1719347086.8655987,0.0,1215.0
1719347087.0314717,0.0,1215.0
1719347087.2010305,0.0,1215.0
1719347087.3689528,0.0,1215.0
1719347087.5373676,0.0,1215.0
1719347087.7042708,0.0,1215.0
1719347087.8723884,0.0,1215.0
1719347088.04104,0.0,1215.0
1719347088.2088945,0.0,1215.0
1719347088.3652391,0.0,1215.0
1719347088.5343003,0.0,1215.0
1719347088.697682,0.0,1215.0
1719347088.8596945,0.0,1215.0
1719347089.02665,0.0,1215.0
1719347089.1939204,0.0,1215.0
1719347089.3573902,0.0,1215.0
1719347089.5162296,0.0,1215.0
1719347089.6822138,0.0,1215.0
1719347089.8482056,0.0,1215.0
1719347090.0110455,0.0,1215.0
1719347090.1779368,0.0,1215.0
1719347090.344063,0.0,1215.0
1719347090.51033,0.0,1215.0
1719347090.673454,0.0,1215.0
1719347090.834596,0.0,1215.0
1719347090.9943807,0.0,1215.0
1719347091.1609597,0.0,1215.0
1719347091.3246326,0.0,1215.0
1719347091.4909163,0.0,1215.0
1719347091.6516685,0.0,1215.0
1719347091.8175175,0.0,1215.0
1719347091.983244,0.0,1215.0
1719347092.1435795,0.0,1215.0
1719347092.3109689,0.0,1215.0
1719347092.4809685,0.0,1215.0
1719347092.6428025,0.0,1215.0
1719347092.8078728,0.0,1215.0
1719347092.976084,0.0,1215.0
1719347093.1382067,0.0,1215.0
1719347093.2984228,0.0,1215.0
1719347093.46243,0.0,1215.0
1719347093.6295898,0.0,1215.0
1719347093.792246,0.0,1215.0
1719347093.960386,0.0,1215.0
1719347094.120049,0.0,1215.0
1719347094.2806613,0.0,1215.0
1719347094.4451513,0.0,1215.0
1719347094.6132782,0.0,1215.0
1719347094.7794306,0.0,1215.0
1719347094.945715,0.0,1215.0
1719347095.1130035,0.0,1215.0
1719347095.2744074,0.0,1215.0
1719347095.4351592,0.0,1215.0
1719347095.5982254,0.0,1215.0
1719347095.7655535,0.0,1215.0
1719347095.9346056,0.0,1215.0
1719347096.1032126,0.0,1215.0
1719347096.2734146,0.0,1215.0
1719347096.4411924,0.0,1215.0
1719347096.6074893,0.0,1215.0
1719347096.776381,0.0,1215.0
1719347096.945874,0.0,1215.0
1719347097.112563,0.0,1215.0
1719347097.2763863,0.0,1215.0
1719347097.43644,0.0,1215.0
1719347097.599971,0.0,1215.0
1719347097.7652605,0.0,1215.0
1719347097.9323893,0.0,1215.0
1719347098.1002812,0.0,1215.0
1719347098.2644122,0.0,1215.0
1719347098.4264212,0.0,1215.0
1719347098.600133,0.0,1215.0
1719347098.7631366,0.0,1215.0
1719347098.9311333,0.0,1215.0
1719347099.0982177,0.0,1215.0
1719347099.2660003,0.0,1215.0
1719347099.4284146,0.0,1215.0
1719347099.592321,0.0,1215.0
1719347099.7615383,0.0,1215.0
1719347099.9303803,0.0,1215.0
1719347100.0937467,0.0,1215.0
1719347100.261913,0.0,1215.0
1719347100.4291606,0.0,1215.0
1719347100.6033585,0.0,1215.0
1719347100.7656467,0.0,1215.0
1719347100.9324841,0.0,1215.0
1719347101.0945246,0.0,1215.0
1719347101.2577503,0.0,1215.0
1719347101.4243324,0.0,1215.0
1719347101.5933537,0.0,1215.0
1719347101.762108,0.0,1215.0
1719347101.9356272,0.0,1215.0
1719347102.101387,0.0,1215.0
1719347102.269378,0.0,1215.0
1719347102.4318693,0.0,1215.0
1719347102.6063113,0.0,1215.0
1719347102.7735636,0.0,1215.0
1719347102.9407897,0.0,1215.0
1719347103.102878,0.0,1215.0
1719347103.2666886,0.0,1215.0
1719347103.432659,0.0,1215.0
1719347103.5947673,0.0,1215.0
1719347103.7577658,0.0,1215.0
1719347103.9248066,0.0,1215.0
1719347104.0888054,0.0,1215.0
1719347104.2578778,0.0,1215.0
1719347104.4197714,0.0,1215.0
1719347104.5815017,0.0,1215.0
1719347104.7436385,0.0,1215.0
1719347104.9066722,0.0,1215.0
1719347105.073359,0.0,1215.0
1719347105.2401037,0.0,1215.0
1719347105.4069946,0.0,1215.0
1719347105.5728867,0.0,1215.0
1719347105.735379,0.0,1215.0
1719347105.9065273,0.0,1215.0
1719347106.0736449,0.0,1215.0
1719347106.2388537,0.0,1215.0
1719347106.4054458,0.0,1215.0
1719347106.5691016,0.0,1215.0
1719347106.7367992,0.0,1215.0
1719347106.9057193,0.0,1215.0
1719347107.0738413,0.0,1215.0
1719347107.23592,0.0,1215.0
1719347107.4015727,0.0,1215.0
1719347107.569708,0.0,1215.0
1719347107.7326393,0.0,1215.0
1719347107.898537,0.0,1215.0
1719347108.0668852,0.0,1215.0
1719347108.2330732,0.0,1215.0
1719347108.399934,0.0,1215.0
1719347108.5660505,0.0,1215.0
1719347108.7329462,0.0,1215.0
1719347108.9455216,0.0,1215.0
1719347109.114894,0.0,1215.0
1719347109.2828846,0.0,1215.0
1719347109.4490273,0.0,1215.0
1719347109.6152747,0.0,1215.0
1719347109.782501,0.0,1215.0
1719347109.9506414,0.0,1215.0
1719347110.117047,0.0,1215.0
1719347110.2851071,0.0,1215.0
1719347110.453561,0.0,1215.0
1719347110.6225567,0.0,1215.0
1719347110.7891998,0.0,1215.0
1719347110.9560444,0.0,1215.0
1719347111.1259515,0.0,1215.0
1719347111.290814,0.0,1215.0
1719347111.4575658,0.0,1215.0
1719347111.62571,0.0,1215.0
1719347111.7915487,0.0,1215.0
1719347111.956434,0.0,1215.0
1719347112.1224785,0.0,1215.0
1719347112.2857158,0.0,1215.0
1719347112.4522061,0.0,1215.0
1719347112.6234708,0.0,1215.0
1719347112.7848067,0.0,1215.0
1719347112.9476516,0.0,1215.0
1719347113.1176288,0.0,1215.0
1719347113.286136,0.0,1215.0
1719347113.4488623,0.0,1215.0
1719347113.6159322,0.0,1215.0
1719347113.7799335,0.0,1215.0
1719347113.950963,0.0,1215.0
1719347114.116579,0.0,1215.0
1719347114.2844512,0.0,1215.0
1719347114.446688,0.0,1215.0
1719347114.618413,0.0,1215.0
1719347114.7819424,0.0,1215.0
1719347114.9489038,0.0,1215.0
1719347115.1139843,0.0,1215.0
1719347115.2747028,0.0,1215.0
1719347115.4407964,0.0,1215.0
1719347115.6057374,0.0,1215.0
1719347115.767846,0.0,1215.0
1719347115.9311337,0.0,1215.0
1719347116.0978622,0.0,1215.0
1719347116.2652497,0.0,1215.0
1719347116.4325652,0.0,1215.0
1719347116.5958078,0.0,1215.0
1719347116.7580504,0.0,1215.0
1719347116.924306,0.0,1215.0
1719347117.0902057,0.0,1215.0
1719347117.2585664,0.0,1215.0
1719347117.4207704,0.0,1215.0
1719347117.5899265,0.0,1215.0
1719347117.758574,0.0,1215.0
1719347117.9268172,0.0,1215.0
1719347118.0938818,0.0,1215.0
1719347118.2617047,0.0,1215.0
1719347118.4677446,0.0,1215.0
1719347118.6546826,0.0,1215.0
1719347118.823202,0.0,1215.0
1719347118.9828496,0.0,1215.0
1719347119.1500146,0.0,1215.0
1719347119.3128016,0.0,1215.0
1719347119.4750912,0.0,1215.0
1719347119.6467483,0.0,1215.0
1719347119.8134615,0.0,1215.0
1719347119.9817224,0.0,1215.0
1719347120.1449893,0.0,1215.0
1719347120.3083115,0.0,1215.0
1719347120.471417,0.0,1215.0
1719347120.6369936,0.0,1215.0
1719347120.8000834,0.0,1215.0
1719347120.9662035,0.0,1215.0
1719347121.126816,0.0,1215.0
1719347121.2922933,0.0,1215.0
1719347121.45633,0.0,1215.0
1719347121.6183813,0.0,1215.0
1719347121.774672,0.0,1215.0
1719347121.9414759,0.0,1215.0
1719347122.1045282,0.0,1215.0
1719347122.2767804,0.0,1215.0
1719347122.4411237,0.0,1215.0
1719347122.6082094,0.0,1215.0
1719347122.7697363,0.0,1215.0
1719347122.9370415,0.0,1215.0
1719347123.1041653,0.0,1215.0
1719347123.272635,0.0,1215.0
1719347123.4416034,0.0,1215.0
1719347123.609947,0.0,1215.0
1719347123.7779057,0.0,1215.0
1719347123.945832,0.0,1215.0
1719347124.1078203,0.0,1215.0
1719347124.2766228,0.0,1215.0
1719347124.4385796,0.0,1215.0
1719347124.6033173,0.0,1215.0
1719347124.7644222,0.0,1215.0
1719347124.93086,0.0,1215.0
1719347125.0963676,0.0,1215.0
1719347125.2682672,0.0,1215.0
1719347125.4346676,0.0,1215.0
1719347125.6004891,0.0,1215.0
1719347125.768111,0.0,1215.0
1719347125.935134,0.0,1215.0
1719347126.096819,0.0,1215.0
1719347126.2650688,0.0,1215.0
1719347126.4325771,0.0,1215.0
1719347126.5985405,0.0,1215.0
1719347126.7599535,0.0,1215.0
1719347126.9233503,0.0,1215.0
1719347127.0933442,0.0,1215.0
1719347127.262169,0.0,1215.0
1719347127.4289932,0.0,1215.0
1719347127.598787,0.0,1215.0
1719347127.7644413,0.0,1215.0
1719347127.93016,0.0,1215.0
1719347128.091551,0.0,1215.0
1719347128.2603445,0.0,1215.0
1719347128.4287143,0.0,1215.0
1719347128.5968084,0.0,1215.0
1719347128.769541,0.0,1215.0
1719347128.930881,0.0,1215.0
1719347129.098516,0.0,1215.0
1719347129.2660334,0.0,1215.0
1719347129.4272754,0.0,1215.0
1719347129.5950155,0.0,1215.0
1719347129.7651181,0.0,1215.0
1719347129.9334786,0.0,1215.0
1719347130.1016653,0.0,1215.0
1719347130.2697418,0.0,1215.0
1719347130.430916,0.0,1215.0
1719347130.5980763,0.0,1215.0
1719347130.766914,0.0,1215.0
1719347130.9334614,0.0,1215.0
1719347131.1006284,0.0,1215.0
1719347131.2687159,0.0,1215.0
1719347131.4343035,0.0,1215.0
1719347131.6037464,0.0,1215.0
1719347131.7732096,0.0,1215.0
1719347131.9409432,0.0,1215.0
1719347132.1037333,0.0,1215.0
1719347132.2699542,0.0,1215.0
1719347132.4367478,0.0,1215.0
1719347132.6038451,0.0,1215.0
1719347132.7640963,0.0,1215.0
1719347132.9288437,0.0,1215.0
1719347133.0963666,0.0,1215.0
1719347133.2509313,0.0,1215.0
1719347133.4110522,0.0,1215.0
1719347133.5762572,0.0,1215.0
1719347133.7384086,0.0,1215.0
1719347133.9008164,0.0,1215.0
1719347134.0637856,0.0,1215.0
1719347134.2256882,0.0,1215.0
1719347134.394769,0.0,1215.0
1719347134.5583885,0.0,1215.0
1719347134.7204237,0.0,1215.0
1719347134.885395,0.0,1215.0
1719347135.043952,0.0,1215.0
1719347135.210782,0.0,1215.0
1719347135.374647,0.0,1215.0
1719347135.534202,0.0,1215.0
1719347135.702632,0.0,1215.0
1719347135.8694308,0.0,1215.0
1719347136.0331702,0.0,1215.0
1719347136.200491,0.0,1215.0
1719347136.3680928,0.0,1215.0
1719347136.5332155,0.0,1215.0
1719347136.6970701,0.0,1215.0
1719347136.8645263,0.0,1215.0
1719347137.0274384,0.0,1215.0
1719347137.1968148,0.0,1215.0
1719347137.3617659,0.0,1215.0
1719347137.527414,0.0,1215.0
1719347137.6895516,0.0,1215.0
1719347137.8561797,0.0,1215.0
1719347138.024654,0.0,1215.0
1719347138.187068,0.0,1215.0
1719347138.3480513,0.0,1215.0
1719347138.5103078,0.0,1215.0
1719347138.6707976,0.0,1215.0
1719347138.8319294,0.0,1215.0
1719347138.9975955,0.0,1215.0
1719347139.1598668,0.0,1215.0
1719347139.3222907,0.0,1215.0
1719347139.4888113,0.0,1215.0
1719347139.6527495,0.0,1215.0
1719347139.817434,0.0,1215.0
1719347139.98279,0.0,1215.0
1719347140.148319,0.0,1215.0
1719347140.3184853,0.0,1215.0
1719347140.4829247,0.0,1215.0
1719347140.6538012,0.0,1215.0
1719347140.8212206,0.0,1215.0
1719347140.9881427,0.0,1215.0
1719347141.1565747,0.0,1215.0
1719347141.3325984,0.0,1215.0
1719347141.4990687,0.0,1215.0
1719347141.670167,0.0,1215.0
1719347141.8381534,0.0,1215.0
1719347142.0049653,0.0,1215.0
1719347142.173461,0.0,1215.0
1719347142.338594,0.0,1215.0
1719347142.499352,0.0,1215.0
1719347142.6648057,0.0,1215.0
1719347142.8280673,0.0,1215.0
1719347142.9904602,0.0,1215.0
1719347143.1563663,0.0,1215.0
1719347143.3189168,0.0,1215.0
1719347143.484778,0.0,1215.0
1719347143.6503928,0.0,1215.0
1719347143.8072355,0.0,1215.0
1719347143.968489,0.0,1215.0
1719347144.1339405,0.0,1215.0
1719347144.300864,0.0,1215.0
1719347144.4700568,0.0,1215.0
1719347144.6376498,0.0,1215.0
1719347144.805327,0.0,1215.0
1719347144.971242,0.0,1215.0
1719347145.1400099,0.0,1215.0
1719347145.3087816,0.0,1215.0
1719347145.4772742,0.0,1215.0
1719347145.6378963,0.0,1215.0
1719347145.8056705,0.0,1215.0
1719347145.9711561,0.0,1215.0
1719347146.137621,0.0,1215.0
1719347146.2990313,0.0,1215.0
1719347146.4655561,0.0,1215.0
1719347146.6330786,0.0,1215.0
1719347146.793358,0.0,1215.0
1719347146.9564562,0.0,1215.0
1719347147.1218925,0.0,1215.0
1719347147.28764,0.0,1215.0
1719347147.4547908,0.0,1215.0
1719347147.6228137,0.0,1215.0
1719347147.7868788,0.0,1215.0
1719347147.9478827,0.0,1215.0
1719347148.1157227,0.0,1215.0
1719347148.2776883,0.0,1215.0
1719347148.4443274,0.0,1215.0
1719347148.6123135,0.0,1215.0
1719347148.7760081,0.0,1215.0
1719347148.9447935,0.0,1215.0
1719347149.1132622,0.0,1215.0
1719347149.2816167,0.0,1215.0
1719347149.4493895,0.0,1215.0
1719347149.618486,0.0,1215.0
1719347149.7854977,0.0,1215.0
1719347149.9474368,0.0,1215.0
1719347150.114806,0.0,1215.0
1719347150.2767456,0.0,1215.0
1719347150.436681,0.0,1215.0
1719347150.602818,0.0,1215.0
1719347150.766019,0.0,1215.0
1719347150.9285407,0.0,1215.0
1719347151.0925264,0.0,1215.0
1719347151.255876,0.0,1215.0
1719347151.4173865,0.0,1215.0
1719347151.579858,0.0,1215.0
1719347151.74169,0.0,1215.0
1719347151.9046547,0.0,1215.0
1719347152.0688717,0.0,1215.0
1719347152.236621,0.0,1215.0
1719347152.3929756,0.0,1215.0
1719347152.5574248,0.0,1215.0
1719347152.7257252,0.0,1215.0
1719347152.89326,0.0,1215.0
1719347153.0644104,0.0,1215.0
1719347153.2577114,0.0,1215.0
1719347153.4257357,0.0,1215.0
1719347153.6021605,0.0,1215.0
1719347153.7688007,0.0,1215.0
1719347153.9619162,0.0,1215.0
1719347154.1286364,0.0,1215.0
1719347154.294961,0.0,1215.0
1719347154.459939,0.0,1215.0
1719347154.6265686,0.0,1215.0
1719347154.7937813,0.0,1215.0
1719347154.9607394,0.0,1215.0
1719347155.1226425,0.0,1215.0
1719347155.2868798,0.0,1215.0
1719347155.449836,0.0,1215.0
1719347155.6184804,0.0,1215.0
1719347155.7863975,0.0,1215.0
1719347155.955921,0.0,1215.0
1719347156.1249912,0.0,1215.0
1719347156.2900631,0.0,1215.0
1719347156.4505517,0.0,1215.0
1719347156.6172616,0.0,1215.0
1719347156.7775779,0.0,1215.0
1719347156.9458058,0.0,1215.0
1719347157.111558,0.0,1215.0
1719347157.2738588,0.0,1215.0
1719347157.4415562,0.0,1215.0
1719347157.6091301,0.0,1215.0
1719347157.7775214,0.0,1215.0
1719347157.9424794,0.0,1215.0
1719347158.107892,0.0,1215.0
1719347158.2734718,0.0,1215.0
1719347158.4375613,0.0,1215.0
1719347158.6049063,0.0,1215.0
1719347158.7732077,0.0,1215.0
1719347158.9415941,0.0,1215.0
1719347159.1045265,0.0,1215.0
1719347159.2684736,0.0,1215.0
1719347159.431181,0.0,1215.0
1719347159.597858,0.0,1215.0
1719347159.7634122,0.0,1215.0
1719347159.9239066,0.0,1215.0
1719347160.090045,0.0,1215.0
1719347160.2575872,0.0,1215.0
1719347160.4245412,0.0,1215.0
1719347160.5934005,0.0,1215.0
1719347160.7607698,0.0,1215.0
1719347160.926193,0.0,1215.0
1719347161.0932014,0.0,1215.0
1719347161.2605996,0.0,1215.0
1719347161.4256072,0.0,1215.0
1719347161.5932796,0.0,1215.0
1719347161.7603915,0.0,1215.0
1719347161.930896,0.0,1215.0
1719347162.0975568,0.0,1215.0
1719347162.2611241,0.0,1215.0
1719347162.4236233,0.0,1215.0
1719347162.59066,0.0,1215.0
1719347162.7580411,0.0,1215.0
1719347162.925964,0.0,1215.0
1719347163.08467,0.0,1215.0
1719347163.2454927,0.0,1215.0
1719347163.4123907,0.0,1215.0
1719347163.5779858,0.0,1215.0
1719347163.7417889,0.0,1215.0
1719347163.9102993,0.0,1215.0
1719347164.0784717,0.0,1215.0
1719347164.2422266,0.0,1215.0
1719347164.4119186,0.0,1215.0
1719347164.577401,0.0,1215.0
1719347164.7340884,0.0,1215.0
1719347164.901234,0.0,1215.0
1719347165.0633862,0.0,1215.0
1719347165.2273602,0.0,1215.0
1719347165.3971398,0.0,1215.0
1719347165.566905,0.0,1215.0
1719347165.738611,0.0,1215.0
1719347165.907355,0.0,1471.0
1719347166.0771334,3.0,1599.0
1719347166.2452018,7.0,1727.0
1719347166.4200559,3.0,1983.0
1719347166.604748,3.0,1983.0
1719347166.7757993,3.0,3589.0
1719347166.9333906,3.0,3599.0
1719347167.0915751,0.0,3623.0
1719347167.2559114,2.0,3679.0
1719347167.4214222,4.0,3741.0
1719347167.592652,3.0,3799.0
1719347167.7714539,3.0,3867.0
1719347167.952965,3.0,3929.0
1719347168.14113,3.0,3983.0
1719347168.3316438,3.0,5627.0
1719347168.5248213,3.0,5693.0
1719347168.7231958,4.0,5759.0
1719347168.9215384,3.0,5819.0
1719347169.1587331,21.0,32191.0
1719347169.364997,100.0,32191.0
1719347169.56645,100.0,34505.0
1719347169.773226,63.0,34529.0
1719347169.9769292,100.0,35897.0
1719347170.4112458,91.0,35895.0
1719347170.672045,87.0,35909.0
1719347170.8774176,100.0,35909.0
1719347171.0843647,100.0,35909.0
1719347171.286499,26.0,35909.0
1719347171.480267,90.0,35909.0
1719347171.6818235,100.0,35909.0
1719347171.887878,99.0,35905.0
1719347172.090699,34.0,35905.0
1719347172.2972076,72.0,35905.0
1719347172.5093324,77.0,35909.0
1719347172.7150416,41.0,35909.0
1719347172.9168034,100.0,35909.0
1719347173.121523,100.0,35909.0
1719347173.3237689,100.0,35909.0
1719347173.529085,100.0,35909.0
1719347173.738918,100.0,35909.0
1719347173.9502478,100.0,35909.0
1719347174.1598878,100.0,35909.0
1719347174.3674452,100.0,35909.0
1719347174.5690947,100.0,35909.0
1719347174.7748399,100.0,35909.0
1719347174.9808068,100.0,35909.0
1719347175.1911001,83.0,35909.0
1719347175.3995054,62.0,35909.0
1719347175.5983493,46.0,35905.0
1719347175.8004823,0.0,35905.0
1719347176.001944,11.0,35905.0
1719347176.206812,100.0,35905.0
1719347176.4135675,99.0,35905.0
1719347176.6276474,86.0,35905.0
1719347176.836803,0.0,35905.0
1719347177.0516984,0.0,35905.0
1719347177.2608688,0.0,35905.0
1719347177.4747922,0.0,35905.0
1719347177.6845841,0.0,35905.0
1719347177.8887727,0.0,35905.0
1719347178.0981529,0.0,35905.0
1719347178.301118,0.0,35905.0
1719347178.5080187,0.0,35905.0
1719347178.713856,0.0,35905.0
1719347178.9217496,0.0,35905.0
1719347179.1279237,0.0,35905.0
1719347179.3374748,0.0,35905.0
1719347179.5424442,0.0,35905.0
1719347179.7483525,0.0,35905.0
1719347179.9511435,0.0,35905.0
1719347180.1560476,0.0,35905.0
1719347180.3606725,0.0,35905.0
1719347180.563159,0.0,35905.0
1719347180.7738836,0.0,35905.0
1719347180.9804823,0.0,35905.0
1719347181.1897445,0.0,35905.0
1719347181.3939254,0.0,35905.0
1719347181.6088054,0.0,35905.0
1719347181.8121946,0.0,35905.0
1719347182.0202718,0.0,35905.0
1719347182.2191415,0.0,35905.0
1719347182.431255,0.0,35905.0
1719347182.6386948,0.0,35905.0
1719347182.849268,0.0,35905.0
1719347183.0575624,0.0,35905.0
1719347183.2636623,0.0,35905.0
1719347183.4732718,0.0,35905.0
1719347183.6806223,0.0,35905.0
1719347183.8887584,0.0,35905.0
1719347184.0974467,0.0,35905.0
1719347184.308177,0.0,35905.0
1719347184.5183787,0.0,35905.0
1719347184.7269728,0.0,35905.0
1719347184.933963,0.0,35905.0
1719347185.1419923,0.0,35905.0
1719347185.3497634,0.0,35905.0
1719347185.5578618,0.0,35905.0
1719347185.765337,0.0,35905.0
1719347185.9745698,0.0,35905.0
1719347186.1889358,0.0,35905.0
1719347186.3989382,0.0,35905.0
1719347186.6107266,0.0,35905.0
1719347186.8214145,0.0,35905.0
1719347187.02869,0.0,35905.0
1719347187.2361386,0.0,35905.0
1719347187.4417295,0.0,35905.0
1719347187.6504362,0.0,35905.0
1719347187.8636389,0.0,35905.0
1719347188.0726526,0.0,35905.0
1719347188.297395,0.0,35905.0
1719347188.54941,0.0,35905.0
1719347188.7575424,0.0,35905.0
1719347188.9971156,0.0,35905.0
1719347189.2065349,0.0,35905.0
1719347189.4468386,0.0,35905.0
1719347189.6568189,0.0,35905.0
1719347189.885313,0.0,35905.0
1719347190.092523,0.0,35905.0
1719347190.3020718,0.0,35905.0
1719347190.515539,0.0,35905.0
1719347190.7245727,0.0,35905.0
1719347190.930911,0.0,35905.0
1719347191.145467,0.0,35905.0
1719347191.3499446,0.0,35905.0
1719347191.5554183,0.0,35905.0
1719347191.7656333,0.0,35905.0
1719347191.9768155,0.0,35905.0
1719347192.1843903,0.0,35905.0
1719347192.3963993,0.0,35905.0
1719347192.6029851,0.0,35905.0
1719347192.8067102,0.0,35905.0
1719347193.0124412,0.0,35905.0
1719347193.2161424,0.0,35905.0
1719347193.4261417,0.0,35905.0
1719347193.6386611,0.0,35905.0
1719347193.8502584,0.0,35905.0
1719347194.0622246,0.0,35905.0
1719347194.2693706,0.0,35905.0
1719347194.4835794,0.0,35905.0
1719347194.6982315,0.0,35905.0
1719347194.9065733,0.0,35905.0
1719347195.1103585,0.0,35905.0
1719347195.3210967,0.0,35905.0
1719347195.5300777,0.0,35905.0
1719347195.7329874,0.0,35905.0
1719347195.9438093,0.0,35905.0
1719347196.155574,0.0,35905.0
1719347196.360999,0.0,35905.0
1719347196.5699854,0.0,35905.0
1719347196.778299,0.0,35905.0
1719347196.9837713,0.0,35905.0
1719347197.1925676,0.0,35905.0
1719347197.397049,0.0,35905.0
1719347197.6058624,0.0,35905.0
1719347197.815248,0.0,35905.0
1719347198.0253918,0.0,35905.0
1719347198.2345715,0.0,35905.0
1719347198.441792,0.0,35905.0
1719347198.6499026,0.0,35905.0
1719347198.851799,0.0,35905.0
1719347199.050029,0.0,35905.0
1719347199.2577872,0.0,35905.0
1719347199.4617224,0.0,35905.0
1719347199.6717691,0.0,35905.0
1719347199.8816104,0.0,35905.0
1719347200.0890098,0.0,35905.0
1719347200.295752,0.0,35905.0
1719347200.502158,0.0,35905.0
1719347200.71669,0.0,35905.0
1719347200.9230974,0.0,35905.0
1719347201.1322718,0.0,35905.0
1719347201.3426673,0.0,35905.0
1719347201.5449438,0.0,35905.0
1719347201.7538884,0.0,35905.0
1719347201.9623053,0.0,35905.0
1719347202.1648142,0.0,35905.0
1719347202.3741355,0.0,35905.0
1719347202.5773385,0.0,35905.0
1719347202.7891715,0.0,35905.0
1719347203.0000646,0.0,35905.0
1719347203.2103455,0.0,35905.0
1719347203.4185257,0.0,35905.0
1719347203.6253686,0.0,35905.0
1719347203.8346975,0.0,35905.0
1719347204.0430694,0.0,35905.0
1719347204.253621,0.0,35905.0
1719347204.4684584,0.0,35905.0
1719347204.6802258,0.0,35905.0
1719347204.890645,0.0,35905.0
1719347205.0991595,0.0,35905.0
1719347205.306189,0.0,35905.0
1719347205.5120633,0.0,35905.0
1719347205.7211053,0.0,35905.0
1719347205.9309194,0.0,35905.0
1719347206.1413865,0.0,35905.0
1719347206.3513634,0.0,35905.0
1719347206.5620022,0.0,35905.0
1719347206.7680247,0.0,35905.0
1719347206.9708123,0.0,35905.0
1719347207.1791346,0.0,35905.0
1719347207.382421,0.0,35905.0
1719347207.5905464,0.0,35905.0
1719347207.7999613,0.0,35905.0
1719347208.0101898,0.0,35905.0
1719347208.2207754,0.0,35905.0
1719347208.4262543,0.0,35905.0
1719347208.634977,0.0,35905.0
1719347208.8429272,0.0,35905.0
1719347209.0541244,0.0,35905.0
1719347209.2628791,0.0,35905.0
1719347209.4715073,0.0,35905.0
1719347209.6825361,0.0,35905.0
1719347209.8918705,0.0,35905.0
1719347210.095867,0.0,35905.0
1719347210.308717,0.0,35905.0
1719347210.5143435,0.0,35905.0
1719347210.7181919,0.0,35905.0
1719347210.926235,0.0,35905.0
1719347211.1360292,0.0,35905.0
1719347211.3464067,0.0,35905.0
1719347211.5522122,0.0,35905.0
1719347211.7636123,0.0,35905.0
1719347211.9764907,0.0,35905.0
1719347212.1841118,0.0,35905.0
1719347212.3985364,0.0,35905.0
1719347212.606746,0.0,35905.0
1719347212.8176317,0.0,35905.0
1719347213.0200853,0.0,35905.0
1719347213.2289593,0.0,35905.0
1719347213.441559,0.0,35905.0
1719347213.6522746,0.0,35905.0
1719347213.861381,0.0,35905.0
1719347214.0695841,0.0,35905.0
1719347214.2728667,0.0,35905.0
1719347214.4877148,0.0,35905.0
1719347214.6896772,0.0,35905.0
1719347214.8935385,0.0,35905.0
1719347215.1045508,0.0,35905.0
1719347215.3135965,0.0,35905.0
1719347215.5220797,0.0,35905.0
1719347215.7348645,0.0,35905.0
1719347215.9365733,0.0,35905.0
1719347216.1436436,0.0,35905.0
1719347216.354364,0.0,35905.0
1719347216.562383,0.0,35905.0
1719347216.7732625,0.0,35905.0
1719347216.9839864,0.0,35905.0
1719347217.1919603,0.0,35905.0
1719347217.4001148,0.0,35905.0
1719347217.610871,0.0,35905.0
1719347217.8168879,0.0,35905.0
1719347218.0227635,0.0,35905.0
1719347218.228685,0.0,35905.0
1719347218.4341836,0.0,35905.0
1719347218.6436715,0.0,35905.0
1719347218.8565483,0.0,35905.0
1719347219.0626664,0.0,35905.0
1719347219.2613006,0.0,35905.0
1719347219.4633305,0.0,35905.0
1719347219.6718695,0.0,35905.0
1719347219.8867154,0.0,35905.0
1719347220.0978568,0.0,35905.0
1719347220.3115585,0.0,35905.0
1719347220.5228546,0.0,35905.0
1719347220.7366123,0.0,35905.0
1719347220.9444993,0.0,35905.0
1719347221.1496599,0.0,35905.0
1719347221.354655,0.0,35905.0
1719347221.5615635,0.0,35905.0
1719347221.7702763,0.0,35905.0
1719347221.980791,0.0,35905.0
1719347222.1825583,0.0,35905.0
1719347222.3921795,0.0,35905.0
1719347222.6012955,0.0,35905.0
1719347222.8245215,0.0,35905.0
1719347223.032982,0.0,35905.0
1719347223.2916641,0.0,35905.0
1719347223.502684,0.0,35905.0
1719347223.7431448,0.0,35905.0
1719347223.949478,0.0,35905.0
1719347224.1599631,0.0,35905.0
1719347224.3914018,0.0,35905.0
1719347224.600474,0.0,35905.0
1719347224.8041198,0.0,35905.0
1719347225.014262,0.0,35905.0
1719347225.225904,0.0,35905.0
1719347225.4330037,0.0,35905.0
1719347225.6424465,0.0,35905.0
1719347225.8508518,0.0,35905.0
1719347226.061486,0.0,35905.0
1719347226.2665706,0.0,35905.0
1719347226.4774704,0.0,35905.0
1719347226.6877909,0.0,35905.0
1719347226.8973181,0.0,35905.0
1719347227.1047614,0.0,35905.0
1719347227.3080568,0.0,35905.0
1719347227.5115423,0.0,35905.0
1719347227.7217495,0.0,35905.0
1719347227.9256856,0.0,35905.0
1719347228.1304462,0.0,35905.0
1719347228.337732,0.0,35905.0
1719347228.5344439,0.0,35905.0
1719347228.7463095,0.0,35905.0
1719347228.9546177,0.0,35905.0
1719347229.163837,0.0,35905.0
1719347229.4219098,0.0,35905.0
1719347229.6316626,0.0,35905.0
1719347229.8412375,0.0,35905.0
1719347230.0488076,0.0,35905.0
1719347230.2564907,0.0,35905.0
1719347230.46756,0.0,35905.0
1719347230.6779497,0.0,35905.0
1719347230.886536,0.0,35905.0
1719347231.0950496,0.0,35905.0
1719347231.3016865,0.0,35905.0
1719347231.5121794,0.0,35905.0
1719347231.723478,0.0,35905.0
1719347231.9339528,0.0,35905.0
1719347232.1410143,0.0,35905.0
1719347232.3513453,0.0,35905.0
1719347232.5538855,0.0,35905.0
1719347232.762911,0.0,35905.0
1719347232.966065,0.0,35905.0
1719347233.1711752,0.0,35905.0
1719347233.3814805,0.0,35905.0
1719347233.5865476,0.0,35905.0
1719347233.7936058,0.0,35905.0
1719347233.999942,0.0,35905.0
1719347234.205114,0.0,35905.0
1719347234.4179718,0.0,35905.0
1719347234.626414,0.0,35905.0
1719347234.8367271,0.0,35905.0
1719347235.0407052,0.0,35905.0
1719347235.2460127,0.0,35905.0
1719347235.4538968,0.0,35905.0
1719347235.661627,0.0,35905.0
1719347235.8702614,0.0,35905.0
1719347236.0814497,0.0,35905.0
1719347236.2861865,0.0,35905.0
1719347236.4978578,0.0,35905.0
1719347236.708283,0.0,35905.0
1719347236.9188404,0.0,35905.0
1719347237.1206198,0.0,35905.0
1719347237.3298588,0.0,35905.0
1719347237.5378027,0.0,35905.0
1719347237.746294,0.0,35905.0
1719347237.950898,0.0,35905.0
1719347238.1611211,0.0,35905.0
1719347238.3657246,0.0,35905.0
1719347238.574906,0.0,35905.0
1719347238.7837627,0.0,35905.0
1719347238.989897,0.0,35905.0
1719347239.1949952,0.0,35905.0
1719347239.3987339,0.0,35905.0
1719347239.6067297,0.0,35905.0
1719347239.8160684,0.0,35905.0
1719347240.0157437,0.0,35905.0
1719347240.2186003,0.0,35905.0
1719347240.4266315,0.0,35905.0
1719347240.6352384,0.0,35905.0
1719347240.8450062,0.0,35905.0
1719347241.053347,0.0,35905.0
1719347241.261447,0.0,35905.0
1719347241.4680858,0.0,35905.0
1719347241.677372,0.0,35905.0
1719347241.8819838,0.0,35905.0
1719347242.0799809,0.0,35905.0
1719347242.285069,0.0,35905.0
1719347242.4903722,0.0,35905.0
1719347242.7074485,0.0,35905.0
1719347242.918663,0.0,35905.0
1719347243.122677,0.0,35905.0
1719347243.3356237,0.0,35905.0
1719347243.547039,0.0,35905.0
1719347243.75488,0.0,35905.0
1719347243.956204,0.0,35905.0
1719347244.1625402,0.0,35905.0
1719347244.3712046,0.0,35905.0
1719347244.5808125,0.0,35905.0
1719347244.78981,0.0,35905.0
1719347244.9998882,0.0,35905.0
1719347245.2097793,0.0,35905.0
1719347245.4223862,0.0,35905.0
1719347245.630993,0.0,35905.0
1719347245.8416018,0.0,35905.0
1719347246.0491686,0.0,35905.0
1719347246.2582858,0.0,35905.0
1719347246.4636967,0.0,35905.0
1719347246.6736438,0.0,35905.0
1719347246.8836958,0.0,35905.0
1719347247.093119,0.0,35905.0
1719347247.3034604,0.0,35905.0
1719347247.5067637,0.0,35905.0
1719347247.7136004,0.0,35905.0
1719347247.911835,0.0,35905.0
1719347248.1219985,0.0,35905.0
1719347248.3310275,0.0,35905.0
1719347248.5383737,0.0,35905.0
1719347248.7577748,0.0,35905.0
1719347248.9657884,0.0,35905.0
1719347249.1765008,0.0,35905.0
1719347249.3806686,0.0,35905.0
1719347249.5895731,0.0,35905.0
1719347249.7970734,0.0,35905.0
1719347250.00175,0.0,35905.0
1719347250.2104168,0.0,35905.0
1719347250.4192605,0.0,35905.0
1719347250.6317458,0.0,35905.0
1719347250.839438,0.0,35905.0
1719347251.0487294,0.0,35905.0
1719347251.2525811,0.0,35905.0
1719347251.45855,0.0,35905.0
1719347251.6663377,0.0,35905.0
1719347251.8749468,0.0,35905.0
1719347252.0745785,0.0,35905.0
1719347252.285273,0.0,35905.0
1719347252.49565,0.0,35905.0
1719347252.699339,0.0,35905.0
1719347252.90718,0.0,35905.0
1719347253.1083004,0.0,35905.0
1719347253.3181021,0.0,35905.0
1719347253.5295308,0.0,35905.0
1719347253.7380788,0.0,35905.0
1719347253.9482493,0.0,35905.0
1719347254.1597033,0.0,35905.0
1719347254.3704314,0.0,35905.0
1719347254.578636,0.0,35905.0
1719347254.7839193,0.0,35905.0
1719347254.9891944,0.0,35905.0
1719347255.1940048,0.0,35905.0
1719347255.397919,0.0,35905.0
1719347255.6104965,0.0,35905.0
1719347255.8236928,0.0,35905.0
1719347256.0285141,0.0,35905.0
1719347256.25774,0.0,35905.0
1719347256.466291,0.0,35905.0
1719347256.6731274,0.0,35905.0
1719347256.8996313,0.0,35905.0
1719347257.1510794,0.0,35905.0
1719347257.3626401,0.0,35905.0
1719347257.5925043,0.0,35905.0
1719347257.8026483,0.0,35905.0
1719347258.0107372,0.0,35905.0
1719347258.2162843,0.0,35905.0
1719347258.426243,0.0,35905.0
1719347258.636013,0.0,35905.0
1719347258.8437946,0.0,35905.0
1719347259.056811,0.0,35905.0
1719347259.2648122,0.0,35905.0
1719347259.471636,0.0,35905.0
1719347259.682746,0.0,35905.0
1719347259.8883822,0.0,35905.0
1719347260.0956914,0.0,35905.0
1719347260.297104,0.0,35905.0
1719347260.5027268,0.0,35905.0
1719347260.7104044,0.0,35905.0
1719347260.9181607,0.0,35905.0
1719347261.1265192,0.0,35905.0
1719347261.3386526,0.0,35905.0
1719347261.5434568,0.0,35905.0
1719347261.751779,0.0,35905.0
1719347261.953884,0.0,35905.0
1719347262.1582239,0.0,35905.0
1719347262.3610454,0.0,35905.0
1719347262.5711734,0.0,35905.0
1719347262.7843354,0.0,35905.0
1719347262.9892035,0.0,35905.0
1719347263.1984773,0.0,35905.0
1719347263.4041317,0.0,35905.0
1719347263.6113522,0.0,35905.0
1719347263.8215566,0.0,35905.0
1719347264.0345294,0.0,35905.0
1719347264.2447157,0.0,35905.0
1719347264.4551964,0.0,35905.0
1719347264.668081,0.0,35905.0
1719347264.8740919,0.0,35905.0
1719347265.083788,0.0,35905.0
1719347265.2916045,0.0,35905.0
1719347265.5025856,0.0,35905.0
1719347265.7135572,0.0,35905.0
1719347265.9216886,0.0,35905.0
1719347266.1304111,0.0,35905.0
1719347266.3379261,0.0,35905.0
1719347266.5483973,0.0,35905.0
1719347266.7546594,0.0,35905.0
1719347266.956014,0.0,35905.0
1719347267.1629424,0.0,35905.0
1719347267.3696141,0.0,35905.0
1719347267.5741525,0.0,35905.0
1719347267.781659,0.0,35905.0
1719347267.9867136,0.0,35905.0
1719347268.1940768,0.0,35905.0
1719347268.4037206,0.0,35905.0
1719347268.6115367,0.0,35905.0
1719347268.82139,0.0,35905.0
1719347269.0301604,0.0,35905.0
1719347269.2415464,0.0,35905.0
1719347269.4520555,0.0,35905.0
1719347269.6572473,0.0,35905.0
1719347269.8631966,0.0,35905.0
1719347270.0751388,0.0,35905.0
1719347270.2855237,0.0,35905.0
1719347270.4986699,0.0,35905.0
1719347270.6992488,0.0,35905.0
1719347270.9058926,0.0,35905.0
1719347271.1138263,0.0,35905.0
1719347271.3173225,0.0,35905.0
1719347271.5231578,0.0,35905.0
1719347271.7274437,0.0,35905.0
1719347271.9353197,0.0,35905.0
1719347272.1448944,0.0,35905.0
1719347272.3539386,0.0,35905.0
1719347272.5614321,0.0,35905.0
1719347272.7697587,0.0,35905.0
1719347272.9799576,0.0,35905.0
1719347273.1833193,0.0,35905.0
1719347273.3977158,0.0,35905.0
1719347273.6076858,0.0,35905.0
1719347273.8150508,0.0,35905.0
1719347274.0226529,0.0,35905.0
1719347274.2294648,0.0,35905.0
1719347274.4368708,0.0,35905.0
1719347274.641641,0.0,35905.0
1719347274.8492393,0.0,35905.0
1719347275.054867,0.0,35905.0
1719347275.2667065,0.0,35905.0
1719347275.4747746,0.0,35905.0
1719347275.6832657,0.0,35905.0
1719347275.889423,0.0,35905.0
1719347276.0988326,0.0,35905.0
1719347276.3094366,0.0,35905.0
1719347276.5181656,0.0,35905.0
1719347276.7303417,0.0,35905.0
1719347276.9416685,0.0,35905.0
1719347277.1512623,0.0,35905.0
1719347277.3628547,0.0,35905.0
1719347277.5689025,0.0,35905.0
1719347277.7758741,0.0,35905.0
1719347277.9790857,0.0,35905.0
1719347278.1922703,0.0,35905.0
1719347278.4009738,0.0,35905.0
1719347278.6125734,0.0,35905.0
1719347278.81669,0.0,35905.0
1719347279.022805,0.0,35905.0
1719347279.2286136,0.0,35905.0
1719347279.4343107,0.0,35905.0
1719347279.6371515,0.0,35905.0
1719347279.8408012,0.0,35905.0
1719347280.0453105,0.0,35905.0
1719347280.2488217,0.0,35905.0
1719347280.4583929,0.0,35905.0
1719347280.661621,0.0,35905.0
1719347280.8689463,0.0,35905.0
1719347281.0715134,0.0,35905.0
1719347281.2792947,0.0,35905.0
1719347281.4829035,0.0,35905.0
1719347281.6944304,0.0,35905.0
1719347281.900511,0.0,35905.0
1719347282.104947,0.0,35905.0
1719347282.3138447,0.0,35905.0
1719347282.5206597,0.0,35905.0
1719347282.7289844,0.0,35905.0
1719347282.9359639,0.0,35905.0
1719347283.145444,0.0,35905.0
1719347283.3563707,0.0,35905.0
1719347283.5632591,0.0,35905.0
1719347283.7755826,0.0,35905.0
1719347283.9842417,0.0,35905.0
1719347284.1893723,0.0,35905.0
1719347284.3930457,0.0,35905.0
1719347284.600924,0.0,35905.0
1719347284.806521,0.0,35905.0
1719347285.0160668,0.0,35905.0
1719347285.2271795,0.0,35905.0
1719347285.4375758,0.0,35905.0
1719347285.646705,0.0,35905.0
1719347285.849249,0.0,35905.0
1719347286.0536442,0.0,35905.0
1719347286.2607472,0.0,35905.0
1719347286.4675066,0.0,35905.0
1719347286.6775677,0.0,35905.0
1719347286.8897781,0.0,35905.0
1719347287.101029,0.0,35905.0
1719347287.3126798,0.0,35905.0
1719347287.5250065,0.0,35905.0
1719347287.729394,0.0,35905.0
1719347287.9385557,0.0,35905.0
1719347288.1458013,0.0,35905.0
1719347288.3538213,0.0,35905.0
1719347288.5643964,0.0,35905.0
1719347288.7745512,0.0,35905.0
1719347288.9857802,0.0,35905.0
1719347289.196122,0.0,35905.0
1719347289.4076405,0.0,35905.0
1719347289.6528327,0.0,35905.0
1719347289.8627846,0.0,35905.0
1719347290.073586,0.0,35905.0
1719347290.2802207,0.0,35905.0
1719347290.4870467,0.0,35905.0
1719347290.69598,0.0,35905.0
1719347290.9096828,0.0,35905.0
1719347291.1192713,0.0,35905.0
1719347291.33026,0.0,35905.0
1719347291.5338662,0.0,35905.0
1719347291.741416,0.0,35905.0
1719347291.9456618,0.0,35905.0
1719347292.1532245,0.0,35905.0
1719347292.3720267,0.0,35905.0
1719347292.581307,0.0,35905.0
1719347292.7963939,0.0,35905.0
1719347293.073596,0.0,35905.0
1719347293.2842507,0.0,35905.0
1719347293.4888113,0.0,35905.0
1719347293.734594,0.0,35905.0
1719347293.9430137,0.0,35905.0
1719347294.189394,0.0,35905.0
1719347294.3983145,0.0,35905.0
1719347294.6230133,0.0,35905.0
1719347294.8332996,0.0,35905.0
1719347295.041892,0.0,35905.0
1719347295.2534642,0.0,35905.0
1719347295.468985,0.0,35905.0
1719347295.6808114,0.0,35905.0
1719347295.8847501,0.0,35905.0
1719347296.0913267,0.0,35905.0
1719347296.292472,0.0,35905.0
1719347296.5033765,0.0,35905.0
1719347296.7122946,0.0,35905.0
1719347296.9171,0.0,35905.0
1719347297.1280174,0.0,35905.0
1719347297.335451,0.0,35905.0
1719347297.543816,0.0,35905.0
1719347297.7516418,0.0,35905.0
1719347297.95934,0.0,35905.0
1719347298.1656818,0.0,35905.0
1719347298.380869,0.0,35905.0
1719347298.5909932,0.0,35905.0
1719347298.8039582,0.0,35905.0
1719347299.0153964,0.0,35905.0
1719347299.2236316,0.0,35905.0
1719347299.4364245,0.0,35905.0
1719347299.637996,0.0,35905.0
1719347299.8392622,0.0,35905.0
1719347300.0406094,0.0,35905.0
1719347300.2460825,0.0,35905.0
1719347300.4544523,0.0,35905.0
1719347300.6655326,0.0,35905.0
1719347300.8760624,0.0,35905.0
1719347301.0838406,0.0,35905.0
1719347301.2875657,0.0,35905.0
1719347301.4954183,0.0,35905.0
1719347301.7073038,0.0,35905.0
1719347301.9154289,0.0,35905.0
1719347302.1263897,0.0,35905.0
1719347302.3330562,0.0,35905.0
1719347302.545702,0.0,35905.0
1719347302.7537267,0.0,35905.0
1719347302.9630554,0.0,35905.0
1719347303.169308,0.0,35905.0
1719347303.3761632,0.0,35905.0
1719347303.5819004,0.0,35905.0
1719347303.7905867,0.0,35905.0
1719347304.005446,0.0,35905.0
1719347304.2156737,0.0,35905.0
1719347304.4179792,0.0,35905.0
1719347304.6190498,0.0,35905.0
1719347304.8279588,0.0,35905.0
1719347305.031325,0.0,35905.0
1719347305.2408028,0.0,35905.0
1719347305.4487584,0.0,35905.0
1719347305.6575933,0.0,35905.0
1719347305.8691046,0.0,35905.0
1719347306.0814624,0.0,35905.0
1719347306.2828214,0.0,35905.0
1719347306.487319,0.0,35905.0
1719347306.697797,0.0,35905.0
1719347306.909246,0.0,35905.0
1719347307.1184204,0.0,35905.0
1719347307.3217375,0.0,35905.0
1719347307.5320272,0.0,35905.0
1719347307.7429242,0.0,35905.0
1719347307.9542093,0.0,35905.0
1719347308.1618996,0.0,35905.0
1719347308.3691843,0.0,35905.0
1719347308.5784554,0.0,35905.0
1719347308.7902641,0.0,35905.0
1719347309.0001285,0.0,35905.0
1719347309.211459,0.0,35905.0
1719347309.4261193,0.0,35905.0
1719347309.6351712,0.0,35905.0
1719347309.8470538,0.0,35905.0
1719347310.0558326,0.0,35905.0
1719347310.2656162,0.0,35905.0
1719347310.475255,0.0,35905.0
1719347310.6828163,0.0,35905.0
1719347310.8908005,0.0,35905.0
1719347311.09769,0.0,35905.0
1719347311.3108182,0.0,35905.0
1719347311.5222986,0.0,35905.0
1719347311.7313154,0.0,35905.0
1719347311.9376564,0.0,35905.0
1719347312.1437624,0.0,35905.0
1719347312.350157,0.0,35905.0
1719347312.5567532,0.0,35905.0
1719347312.761096,0.0,35905.0
1719347312.9784472,0.0,35905.0
1719347313.1908436,0.0,35905.0
1719347313.4000254,0.0,35905.0
1719347313.6071882,0.0,35905.0
1719347313.8168106,0.0,35905.0
1719347314.0225687,0.0,35905.0
1719347314.2334354,0.0,35905.0
1719347314.4379642,0.0,35905.0
1719347314.643681,0.0,35905.0
1719347314.8576195,0.0,35905.0
1719347315.0671773,0.0,35905.0
1719347315.277847,0.0,35905.0
1719347315.4844925,0.0,35905.0
1719347315.6906598,0.0,35905.0
1719347315.8944283,0.0,35905.0
1719347316.1040685,0.0,35905.0
1719347316.3085284,0.0,35905.0
1719347316.517124,0.0,35905.0
1719347316.7276416,0.0,35905.0
1719347316.9383762,0.0,35905.0
1719347317.1444402,0.0,35905.0
1719347317.3534582,0.0,35905.0
1719347317.5599387,0.0,35905.0
1719347317.7618115,0.0,35905.0
1719347317.9639337,0.0,35905.0
1719347318.1633015,0.0,35905.0
1719347318.3738804,0.0,35905.0
1719347318.5804248,0.0,35905.0
1719347318.7884343,0.0,35905.0
1719347318.9935193,0.0,35905.0
1719347319.197621,0.0,35905.0
1719347319.4039197,0.0,35905.0
1719347319.6120372,0.0,35905.0
1719347319.8230278,0.0,35905.0
1719347320.0283492,0.0,35905.0
1719347320.2374141,0.0,35905.0
1719347320.4469364,0.0,35905.0
1719347320.6580198,0.0,35905.0
1719347320.8653033,0.0,35905.0
1719347321.0734305,0.0,35905.0
1719347321.280033,0.0,35905.0
1719347321.4909728,0.0,35905.0
1719347321.7016542,0.0,35905.0
1719347321.9103613,0.0,35905.0
1719347322.1223645,0.0,35905.0
1719347322.3337376,0.0,35905.0
1719347322.543001,0.0,35905.0
1719347322.7515166,0.0,35905.0
1719347322.9591765,0.0,35905.0
1719347323.1651564,0.0,35905.0
1719347323.3741367,0.0,35905.0
1719347323.584956,0.0,35905.0
1719347323.7986596,0.0,35905.0
1719347324.0121672,0.0,35905.0
1719347324.2216785,0.0,35905.0
1719347324.4280024,0.0,35905.0
1719347324.631892,0.0,35905.0
1719347324.846798,0.0,35905.0
1719347325.0506823,0.0,35905.0
1719347325.2599115,0.0,35905.0
1719347325.4694095,0.0,35905.0
1719347325.6830218,0.0,35905.0
1719347325.8940518,0.0,35905.0
1719347326.1037652,0.0,35905.0
1719347326.3141496,0.0,35905.0
1719347326.5229404,0.0,35905.0
1719347326.730569,0.0,35905.0
1719347326.9381232,0.0,35905.0
1719347327.1638405,0.0,35905.0
1719347327.3743649,0.0,35905.0
1719347327.5857966,0.0,35905.0
1719347327.8120103,0.0,35905.0
1719347328.081641,0.0,35905.0
1719347328.2904718,0.0,35905.0
1719347328.4969914,0.0,35905.0
1719347328.7031627,0.0,35905.0
1719347328.9083104,0.0,35905.0
1719347329.1296244,0.0,35905.0
1719347329.3395581,0.0,35905.0
1719347329.5529044,0.0,35905.0
1719347329.7669373,0.0,35905.0
1719347329.9760807,0.0,35905.0
1719347330.1830804,0.0,35905.0
1719347330.3881516,0.0,35905.0
1719347330.5962722,0.0,35905.0
1719347330.7962084,0.0,35905.0
1719347330.9989321,0.0,35905.0
1719347331.2096174,0.0,35905.0
1719347331.4178076,0.0,35905.0
1719347331.624224,0.0,35905.0
1719347331.8342016,0.0,35905.0
1719347332.0395472,0.0,35905.0
1719347332.2404823,0.0,35905.0
1719347332.4478064,0.0,35905.0
1719347332.6582086,0.0,35905.0
1719347332.862528,0.0,35905.0
1719347333.0740728,0.0,35905.0
1719347333.279377,0.0,35905.0
1719347333.486748,0.0,35905.0
1719347333.694401,0.0,35905.0
1719347333.9076211,0.0,35905.0
1719347334.1164236,0.0,35905.0
1719347334.3270648,0.0,35905.0
1719347334.5369854,0.0,35905.0
1719347334.7443485,0.0,35905.0
1719347334.958399,0.0,35905.0
1719347335.1662211,0.0,35905.0
1719347335.374367,0.0,35905.0
1719347335.5822299,0.0,35905.0
1719347335.7908459,0.0,35905.0
1719347336.0015764,0.0,35905.0
1719347336.2086184,0.0,35905.0
1719347336.4095857,0.0,35905.0
1719347336.6231084,0.0,35905.0
1719347336.834274,0.0,35905.0
1719347337.0439157,0.0,35905.0
1719347337.2499008,0.0,35905.0
1719347337.4521487,0.0,35905.0
1719347337.6617308,0.0,35905.0
1719347337.8725224,0.0,35905.0
1719347338.081997,0.0,35905.0
1719347338.2894337,0.0,35905.0
1719347338.4996784,0.0,35905.0
1719347338.710121,0.0,35905.0
1719347338.9214623,0.0,35905.0
1719347339.1295514,0.0,35905.0
1719347339.3367784,0.0,35905.0
1719347339.5459356,0.0,35905.0
1719347339.7545745,0.0,35905.0
1719347339.9641192,0.0,35905.0
1719347340.1765757,0.0,35905.0
1719347340.3903363,0.0,35905.0
1719347340.6002424,0.0,35905.0
1719347340.8081212,0.0,35905.0
1719347341.0171754,0.0,35905.0
1719347341.226287,0.0,35905.0
1719347341.4338875,0.0,35905.0
1719347341.6416676,0.0,35905.0
1719347341.8474526,0.0,35905.0
1719347342.0603895,0.0,35905.0
1719347342.268016,0.0,35905.0
1719347342.478636,0.0,35905.0
1719347342.679984,0.0,35905.0
1719347342.8863013,0.0,35905.0
1719347343.093356,0.0,35905.0
1719347343.2977872,0.0,35905.0
1719347343.5121331,0.0,35905.0
1719347343.7223487,0.0,35905.0
1719347343.931979,0.0,35905.0
1719347344.140262,0.0,35905.0
1719347344.3478692,0.0,35905.0
1719347344.5527263,0.0,35905.0
1719347344.7613707,0.0,35905.0
1719347344.9704244,0.0,35905.0
1719347345.1806562,0.0,35905.0
1719347345.3898172,0.0,35905.0
1719347345.5986595,0.0,35905.0
1719347345.8115351,0.0,35905.0
1719347346.0239322,0.0,35905.0
1719347346.2291327,0.0,35905.0
1719347346.4373622,0.0,35905.0
1719347346.6404445,0.0,35905.0
1719347346.850395,0.0,35905.0
1719347347.0595415,0.0,35905.0
1719347347.2695155,0.0,35905.0
1719347347.479951,0.0,35905.0
1719347347.6857529,0.0,35905.0
1719347347.893091,0.0,35905.0
1719347348.0945404,0.0,35905.0
1719347348.302391,0.0,35905.0
1719347348.5103648,0.0,35905.0
1719347348.7184398,0.0,35905.0
1719347348.9290206,0.0,35905.0
1719347349.1416461,0.0,35905.0
1719347349.3513432,0.0,35905.0
1719347349.5640361,0.0,35905.0
1719347349.7728066,0.0,35905.0
1719347349.9791434,0.0,35905.0
1719347350.1881015,0.0,35905.0
1719347350.3970401,0.0,35905.0
1719347350.5996299,0.0,35905.0
1719347350.8081155,0.0,35905.0
1719347351.0127678,0.0,35905.0
1719347351.2195625,0.0,35905.0
1719347351.4243054,0.0,35905.0
1719347351.6305306,0.0,35905.0
1719347351.8352616,0.0,35905.0
1719347352.040495,0.0,35905.0
1719347352.2479525,0.0,35905.0
1719347352.4553313,0.0,35905.0
1719347352.6670568,0.0,35905.0
1719347352.876182,0.0,35905.0
1719347353.0813258,0.0,35905.0
1719347353.282607,0.0,35905.0
1719347353.492422,0.0,35905.0
1719347353.7024522,0.0,35905.0
1719347353.912255,0.0,35905.0
1719347354.1278157,0.0,35905.0
1719347354.3394654,0.0,35905.0
1719347354.5497966,0.0,35905.0
1719347354.7595804,0.0,35905.0
1719347354.9668915,0.0,35905.0
1719347355.1767225,0.0,35905.0
1719347355.3858676,0.0,35905.0
1719347355.5947032,0.0,35905.0
1719347355.8044028,0.0,35905.0
1719347356.0133092,0.0,35905.0
1719347356.2196631,0.0,35905.0
1719347356.4322665,0.0,35905.0
1719347356.6481628,0.0,35905.0
1719347356.8582766,0.0,35905.0
1719347357.074418,0.0,35905.0
1719347357.282005,0.0,35905.0
1719347357.4841533,0.0,35905.0
1719347357.6931994,0.0,35905.0
1719347357.904804,0.0,35905.0
1719347358.1098542,0.0,35905.0
1719347358.3187745,0.0,35905.0
1719347358.5205312,0.0,35905.0
1719347358.7295158,0.0,35905.0
1719347358.9312787,0.0,35905.0
1719347359.133346,0.0,35905.0
1719347359.341984,0.0,35905.0
1719347359.5539074,0.0,35905.0
1719347359.762056,0.0,35905.0
1719347359.970738,0.0,35905.0
1719347360.18199,0.0,35905.0
1719347360.390304,0.0,35905.0
1719347360.5976973,0.0,35905.0
1719347360.805594,0.0,35905.0
1719347361.017406,0.0,35905.0
1719347361.2232554,0.0,35905.0
1719347361.43222,0.0,35905.0
1719347361.64242,0.0,35905.0
1719347361.8519046,0.0,35905.0
1719347362.062134,0.0,35905.0
1719347362.264764,0.0,35905.0
1719347362.4699473,0.0,35905.0
1719347362.6786957,0.0,35905.0
1719347362.8874612,0.0,35905.0
1719347363.094548,0.0,35905.0
1719347363.3049314,0.0,35905.0
1719347363.5139813,0.0,35905.0
1719347363.7231026,0.0,35905.0
1719347363.9326723,0.0,35905.0
1719347364.1623225,0.0,35905.0
1719347364.3697376,0.0,35905.0
1719347364.5772834,0.0,35905.0
1719347364.7869267,0.0,35905.0
1719347365.0374331,0.0,35905.0
1719347365.2478771,0.0,35905.0
1719347365.4579918,0.0,35905.0
1719347365.6673179,0.0,35905.0
1719347365.9058115,0.0,35905.0
1719347366.1149554,0.0,35905.0
1719347366.3224058,0.0,35905.0
1719347366.5455759,0.0,35905.0
1719347366.7528138,0.0,35905.0
1719347366.9780486,0.0,35905.0
1719347367.1828315,0.0,35905.0
1719347367.391679,0.0,35905.0
1719347367.5984812,0.0,35905.0
1719347367.8055508,0.0,35905.0
1719347368.0127037,0.0,35905.0
1719347368.217179,0.0,35905.0
1719347368.4255636,0.0,35905.0
1719347368.6366959,0.0,35905.0
1719347368.8468535,0.0,35905.0
1719347369.0513873,0.0,35905.0
1719347369.2650342,0.0,35905.0
1719347369.4724705,0.0,35905.0
1719347369.677814,0.0,35905.0
1719347369.8866057,0.0,35905.0
1719347370.0960417,0.0,35905.0
1719347370.306374,0.0,35905.0
1719347370.5170386,0.0,35905.0
1719347370.7260563,0.0,35905.0
1719347370.9271216,0.0,35905.0
1719347371.1303608,0.0,35905.0
1719347371.3394284,0.0,35905.0
1719347371.5501826,0.0,35905.0
1719347371.7535658,0.0,35905.0
1719347371.95948,0.0,35905.0
1719347372.1710305,0.0,35905.0
1719347372.385511,0.0,35905.0
1719347372.588379,0.0,35905.0
1719347372.7903914,0.0,35905.0
1719347372.9907527,0.0,35905.0
1719347373.1962826,0.0,35905.0
1719347373.4094937,0.0,35905.0
1719347373.6150167,0.0,35905.0
1719347373.8222482,0.0,35905.0
1719347374.02598,0.0,35905.0
1719347374.2346828,0.0,35905.0
1719347374.4406848,0.0,35905.0
1719347374.6522164,0.0,35905.0
1719347374.8577769,0.0,35905.0
1719347375.0678458,0.0,35905.0
1719347375.2738779,0.0,35905.0
1719347375.4829412,0.0,35905.0
1719347375.691566,0.0,35905.0
1719347375.9040353,0.0,35905.0
1719347376.113296,0.0,35905.0
1719347376.3141282,0.0,35905.0
1719347376.5188508,0.0,35905.0
1719347376.7264113,0.0,35905.0
1719347376.9379435,0.0,35905.0
1719347377.1503794,0.0,35905.0
1719347377.3595076,0.0,35905.0
1719347377.570125,0.0,35905.0
1719347377.7772253,0.0,35905.0
1719347377.9860313,0.0,35905.0
1719347378.1927273,0.0,35905.0
1719347378.4014623,0.0,35905.0
1719347378.616452,0.0,35905.0
1719347378.8217843,0.0,35905.0
1719347379.0296824,0.0,35905.0
1719347379.234307,0.0,35905.0
1719347379.44322,0.0,35905.0
1719347379.6504858,0.0,35905.0
1719347379.859544,0.0,35905.0
1719347380.0693774,0.0,35905.0
1719347380.2785528,0.0,35905.0
1719347380.48658,0.0,35905.0
1719347380.6968102,0.0,35905.0
1719347380.912854,0.0,35905.0
1719347381.122957,0.0,35905.0
1719347381.3284369,0.0,35905.0
1719347381.5390763,0.0,35905.0
1719347381.7469695,0.0,35905.0
1719347381.9540887,0.0,35905.0
1719347382.155815,0.0,35905.0
1719347382.3675747,0.0,35905.0
1719347382.576276,0.0,35905.0
1719347382.7887607,0.0,35905.0
1719347382.9986115,0.0,35905.0
1719347383.2055202,0.0,35905.0
1719347383.4139745,0.0,35905.0
1719347383.6200757,0.0,35905.0
1719347383.8265326,0.0,35905.0
1719347384.0371246,0.0,35905.0
1719347384.241907,0.0,35905.0
1719347384.45087,0.0,35905.0
1719347384.6639457,0.0,35905.0
1719347384.87455,0.0,35905.0
1719347385.0816898,0.0,35905.0
1719347385.2909102,0.0,35905.0
1719347385.501921,0.0,35905.0
1719347385.7077107,0.0,35905.0
1719347385.9169488,0.0,35905.0
1719347386.1208026,0.0,35905.0
1719347386.3351512,0.0,35905.0
1719347386.5443358,0.0,35905.0
1719347386.7535572,0.0,35905.0
1719347386.9585326,0.0,35905.0
1719347387.16366,0.0,35905.0
1719347387.3726635,0.0,35905.0
1719347387.5777342,0.0,35905.0
1719347387.786125,0.0,35905.0
1719347387.9939046,0.0,35905.0
1719347388.2033122,0.0,35905.0
1719347388.4157434,0.0,35905.0
1719347388.619893,0.0,35905.0
1719347388.8229165,0.0,35905.0
1719347389.0299187,0.0,35905.0
1719347389.2383041,0.0,35905.0
1719347389.4498754,0.0,35905.0
1719347389.6591191,0.0,35905.0
1719347389.87024,0.0,35905.0
1719347390.0796103,0.0,35905.0
1719347390.2775872,0.0,35905.0
1719347390.4853356,0.0,35905.0
1719347390.6907165,0.0,35905.0
1719347390.9003367,0.0,35905.0
1719347391.1000276,0.0,35905.0
1719347391.3081744,0.0,35905.0
1719347391.5202248,0.0,35905.0
1719347391.7318997,0.0,35905.0
1719347391.944265,0.0,35905.0
1719347392.1507454,0.0,35905.0
1719347392.3571734,0.0,35905.0
1719347392.5669239,0.0,35905.0
1719347392.776853,0.0,35905.0
1719347392.986339,0.0,35905.0
1719347393.1934366,0.0,35905.0
1719347393.4022973,0.0,35905.0
1719347393.6095572,0.0,35905.0
1719347393.8181481,0.0,35905.0
1719347394.0253873,0.0,35905.0
1719347394.2335284,0.0,35905.0
1719347394.441758,0.0,35905.0
1719347394.6537602,0.0,35905.0
1719347394.8651588,0.0,35905.0
1719347395.0743313,0.0,35905.0
1719347395.2870293,0.0,35905.0
1719347395.49561,0.0,35905.0
1719347395.7013588,0.0,35905.0
1719347395.902376,0.0,35905.0
1719347396.1102734,0.0,35905.0
1719347396.3140368,0.0,35905.0
1719347396.522285,0.0,35905.0
1719347396.7307377,0.0,35905.0
1719347396.9421744,0.0,35905.0
1719347397.1515744,0.0,35905.0
1719347397.3561256,0.0,35905.0
1719347397.5683973,0.0,35905.0
1719347397.7781692,0.0,35905.0
1719347397.9854333,0.0,35905.0
1719347398.1945083,0.0,35905.0
1719347398.4047985,0.0,35905.0
1719347398.610675,0.0,35905.0
1719347398.8216426,0.0,35905.0
1719347399.0343726,0.0,35905.0
1719347399.24019,0.0,35905.0
1719347399.4405828,0.0,35905.0
1719347399.646211,0.0,35905.0
1719347399.8514788,0.0,35905.0
1719347400.0559688,0.0,35905.0
1719347400.2666547,0.0,35905.0
1719347400.4724708,0.0,35905.0
1719347400.6798081,0.0,35905.0
1719347400.8894293,0.0,35905.0
1719347401.1437688,0.0,35905.0
1719347401.3478336,0.0,35905.0
1719347401.5619788,0.0,35905.0
1719347401.7660546,0.0,35905.0
1719347401.9708607,0.0,35905.0
1719347402.191682,0.0,35905.0
1719347402.397976,0.0,35905.0
1719347402.6328104,0.0,35905.0
1719347402.8416502,0.0,35905.0
1719347403.043781,0.0,35905.0
1719347403.2495284,0.0,35905.0
1719347403.4611533,0.0,35905.0
1719347403.6694522,0.0,35905.0
1719347403.8791387,0.0,35905.0
1719347404.0900505,0.0,35905.0
1719347404.2982767,0.0,35905.0
1719347404.5072725,0.0,35905.0
1719347404.7175832,0.0,35905.0
1719347404.9292378,0.0,35905.0
1719347405.1375446,0.0,35905.0
1719347405.34228,0.0,35905.0
1719347405.5528817,0.0,35905.0
1719347405.7595127,0.0,35905.0
1719347405.967871,0.0,35905.0
1719347406.1787038,0.0,35905.0
1719347406.3826673,0.0,35905.0
1719347406.5887532,0.0,35905.0
1719347406.7916365,0.0,35905.0
1719347407.0076265,0.0,35905.0
1719347407.2180161,0.0,35905.0
1719347407.426497,0.0,35905.0
1719347407.6390612,0.0,35905.0
1719347407.8467627,0.0,35905.0
1719347408.0511696,0.0,35905.0
1719347408.2604465,0.0,35905.0
1719347408.4696,0.0,35905.0
1719347408.6708016,0.0,35905.0
1719347408.8742783,0.0,35905.0
1719347409.0785892,0.0,35905.0
1719347409.2896366,0.0,35905.0
1719347409.4974217,0.0,35905.0
1719347409.7066596,0.0,35905.0
1719347409.9138117,0.0,35905.0
1719347410.1701252,0.0,35905.0
1719347410.37246,0.0,35905.0
1719347410.5900617,0.0,35905.0
1719347410.7966487,0.0,35905.0
1719347411.004807,0.0,35905.0
1719347411.213631,0.0,35905.0
1719347411.42531,0.0,35905.0
1719347411.638476,0.0,35905.0
1719347411.8478105,0.0,35905.0
1719347412.0570185,0.0,35905.0
1719347412.259605,0.0,35905.0
1719347412.468829,0.0,35905.0
1719347412.6756334,0.0,35905.0
1719347412.8786106,0.0,35905.0
1719347413.0885983,0.0,35905.0
1719347413.299477,0.0,35905.0
1719347413.5116887,0.0,35905.0
1719347413.7167625,0.0,35905.0
1719347413.9247818,0.0,35905.0
1719347414.1323636,0.0,35905.0
1719347414.33945,0.0,35905.0
1719347414.542456,0.0,35905.0
1719347414.7487092,0.0,35905.0
1719347414.9588547,0.0,35905.0
1719347415.1645122,0.0,35905.0
1719347415.368671,0.0,35905.0
1719347415.5748014,0.0,35905.0
1719347415.7733362,0.0,35905.0
1719347415.9800634,0.0,35905.0
1719347416.189675,0.0,35905.0
1719347416.3997276,0.0,35905.0
1719347416.6103528,0.0,35905.0
1719347416.8201697,0.0,35905.0
1719347417.0260444,0.0,35905.0
1719347417.2310295,0.0,35905.0
1719347417.4415061,0.0,35905.0
1719347417.6483545,0.0,35905.0
1719347417.8564322,0.0,35905.0
1719347418.0590315,0.0,35905.0
1719347418.2705348,0.0,35905.0
1719347418.4824386,0.0,35905.0
1719347418.6862752,0.0,35905.0
1719347418.8926563,0.0,35905.0
1719347419.0999384,0.0,35905.0
1719347419.3090487,0.0,35905.0
1719347419.5180326,0.0,35905.0
1719347419.7303743,0.0,35905.0
1719347419.9322615,0.0,35905.0
1719347420.1415646,0.0,35905.0
1719347420.352528,0.0,35905.0
1719347420.5625646,0.0,35905.0
1719347420.762225,0.0,35905.0
1719347420.968796,0.0,35905.0
1719347421.1786866,0.0,35905.0
1719347421.3883276,0.0,35905.0
1719347421.5962663,0.0,35905.0
1719347421.8059974,0.0,35905.0
1719347422.0129871,0.0,35905.0
1719347422.2220862,0.0,35905.0
1719347422.4295135,0.0,35905.0
1719347422.6302845,0.0,35905.0
1719347422.8379111,0.0,35905.0
1719347423.0401099,0.0,35905.0
1719347423.2500765,0.0,35905.0
1719347423.4590178,0.0,35905.0
1719347423.6701648,0.0,35905.0
1719347423.8780808,0.0,35905.0
1719347424.087918,0.0,35905.0
1719347424.2968066,0.0,35905.0
1719347424.5020387,0.0,35905.0
1719347424.7121036,0.0,35905.0
1719347424.9224691,0.0,35905.0
1719347425.1335468,0.0,35905.0
1719347425.3536572,0.0,35905.0
1719347425.5593052,0.0,35905.0
1719347425.7711713,0.0,35905.0
1719347425.9814785,0.0,35905.0
1719347426.1917968,0.0,35905.0
1719347426.4029512,0.0,35905.0
1719347426.6093776,0.0,35905.0
1719347426.812001,0.0,35905.0
1719347427.0214534,0.0,35905.0
1719347427.231884,0.0,35905.0
1719347427.4391682,0.0,35905.0
1719347427.6454625,0.0,35905.0
1719347427.8531284,0.0,35905.0
1719347428.0613146,0.0,35905.0
1719347428.2682185,0.0,35905.0
1719347428.4727626,0.0,35905.0
1719347428.6763172,0.0,35905.0
1719347428.8865829,0.0,35905.0
1719347429.1008348,0.0,35905.0
1719347429.3151689,0.0,35905.0
1719347429.52643,0.0,35905.0
1719347429.7358134,0.0,35905.0
1719347429.9461694,0.0,35905.0
1719347430.1537724,0.0,35905.0
1719347430.3625817,0.0,35905.0
1719347430.5726466,0.0,35905.0
1719347430.7828033,0.0,35905.0
1719347430.9895039,0.0,35905.0
1719347431.2028947,0.0,35905.0
1719347431.4136293,0.0,35905.0
1719347431.6234913,0.0,35905.0
1719347431.826595,0.0,35905.0
1719347432.0278418,0.0,35905.0
1719347432.2370446,0.0,35905.0
1719347432.4483197,0.0,35905.0
1719347432.6561441,0.0,35905.0
1719347432.8634272,0.0,35905.0
1719347433.0741744,0.0,35905.0
1719347433.282543,0.0,35905.0
1719347433.4906082,0.0,35905.0
1719347433.696898,0.0,35905.0
1719347433.9061441,0.0,35905.0
1719347434.1094265,0.0,35905.0
1719347434.318818,0.0,35905.0
1719347434.5256178,0.0,35905.0
1719347434.732981,0.0,35905.0
1719347434.9437366,0.0,35905.0
1719347435.1477392,0.0,35905.0
1719347435.3576324,0.0,35905.0
1719347435.5593672,0.0,35905.0
1719347435.760575,0.0,35905.0
1719347435.9651797,0.0,35905.0
1719347436.1747458,0.0,35905.0
1719347436.4191265,0.0,35905.0
1719347436.6237774,0.0,35905.0
1719347436.8565369,0.0,35905.0
1719347437.064572,0.0,35905.0
1719347437.2703588,0.0,35905.0
1719347437.5115304,0.0,35905.0
1719347437.713992,0.0,35905.0
1719347437.9234679,0.0,35905.0
1719347438.1330986,0.0,35905.0
1719347438.3391104,0.0,35905.0
1719347438.549348,0.0,35905.0
1719347438.7515776,0.0,35905.0
1719347438.9608996,0.0,35905.0
1719347439.164993,0.0,35905.0
1719347439.3732867,0.0,35905.0
1719347439.5757983,0.0,35905.0
1719347439.7855058,0.0,35905.0
1719347439.998882,0.0,35905.0
1719347440.2090456,0.0,35905.0
1719347440.4118247,0.0,35905.0
1719347440.620804,0.0,35905.0
1719347440.8277984,0.0,35905.0
1719347441.034964,0.0,35905.0
1719347441.2453673,0.0,35905.0
1719347441.459004,0.0,35905.0
1719347441.665652,0.0,35905.0
1719347441.8759336,0.0,35905.0
1719347442.0813105,0.0,35905.0
1719347442.2893724,0.0,35905.0
1719347442.492497,0.0,35905.0
1719347442.701612,0.0,35905.0
1719347442.9070294,0.0,35905.0
1719347443.1161652,0.0,35905.0
1719347443.326134,0.0,35905.0
1719347443.53615,0.0,35905.0
1719347443.745666,0.0,35905.0
1719347443.9491532,0.0,35905.0
1719347444.1524847,0.0,35905.0
1719347444.354509,0.0,35905.0
1719347444.5602226,0.0,35905.0
1719347444.7681441,0.0,35905.0
1719347444.9686081,0.0,35905.0
1719347445.1788,0.0,35905.0
1719347445.3843296,0.0,35905.0
1719347445.5944228,0.0,35905.0
1719347445.797159,0.0,35905.0
1719347445.9987235,0.0,35905.0
1719347446.21005,0.0,35905.0
1719347446.4185667,0.0,35905.0
1719347446.6260688,0.0,35905.0
1719347446.8353455,0.0,35905.0
1719347447.0349991,0.0,35905.0
1719347447.242098,0.0,35905.0
1719347447.4431322,0.0,35905.0
1719347447.6447313,0.0,35905.0
1719347447.8468502,0.0,35905.0
1719347448.0512636,0.0,35905.0
1719347448.267734,0.0,35905.0
1719347448.478533,0.0,35905.0
1719347448.6839159,0.0,35905.0
1719347448.8864033,0.0,35905.0
1719347449.097884,0.0,35905.0
1719347449.3060684,0.0,35905.0
1719347449.5108232,0.0,35905.0
1719347449.7163367,0.0,35905.0
1719347449.9252536,0.0,35905.0
1719347450.1353428,0.0,35905.0
1719347450.3482707,0.0,35905.0
1719347450.554089,0.0,35905.0
1719347450.7574635,0.0,35905.0
1719347450.9670706,0.0,35905.0
1719347451.169717,0.0,35905.0
1719347451.3741734,0.0,35905.0
1719347451.5833383,0.0,35905.0
1719347451.793533,0.0,35905.0
1719347451.9998994,0.0,35905.0
1719347452.210103,0.0,35905.0
1719347452.4117515,0.0,35905.0
1719347452.621376,0.0,35905.0
1719347452.82581,0.0,35905.0
1719347453.0296574,0.0,35905.0
1719347453.236029,0.0,35905.0
1719347453.4472148,0.0,35905.0
1719347453.6573415,0.0,35905.0
1719347453.8611321,0.0,35905.0
1719347454.0638444,0.0,35905.0
1719347454.2654638,0.0,35905.0
1719347454.4702377,0.0,35905.0
1719347454.6802902,0.0,35905.0
1719347454.8877685,0.0,35905.0
1719347455.0979202,0.0,35905.0
1719347455.3036318,0.0,35905.0
1719347455.5116203,0.0,35905.0
1719347455.717259,0.0,35905.0
1719347455.9255292,0.0,35905.0
1719347456.1339972,0.0,35905.0
1719347456.3393857,0.0,35905.0
1719347456.545985,0.0,35905.0
1719347456.7567706,0.0,35905.0
1719347456.9662611,0.0,35905.0
1719347457.177835,0.0,35905.0
1719347457.3858507,0.0,35905.0
1719347457.5924735,0.0,35905.0
1719347457.7936478,0.0,35905.0
1719347458.0001721,0.0,35905.0
1719347458.2056255,0.0,35905.0
1719347458.4154055,0.0,35905.0
1719347458.6219757,0.0,35905.0
1719347458.8307886,0.0,35905.0
1719347459.0335681,0.0,35905.0
1719347459.2397196,0.0,35905.0
1719347459.4432795,0.0,35905.0
1719347459.6528325,0.0,35905.0
1719347459.8576303,0.0,35905.0
1719347460.0605268,0.0,35905.0
1719347460.2724533,0.0,35905.0
1719347460.4837034,0.0,35905.0
1719347460.6895394,0.0,35905.0
1719347460.897795,0.0,35905.0
1719347461.1071467,0.0,35905.0
1719347461.3145578,0.0,35905.0
1719347461.5225847,0.0,35905.0
1719347461.7319741,0.0,35905.0
1719347461.9443364,0.0,35905.0
1719347462.1552262,0.0,35905.0
1719347462.3652601,0.0,35905.0
1719347462.5680368,0.0,35905.0
1719347462.7696054,0.0,35905.0
1719347462.9725442,0.0,35905.0
1719347463.1856248,0.0,35905.0
1719347463.3938684,0.0,35905.0
1719347463.6016862,0.0,35905.0
1719347463.816025,0.0,35905.0
1719347464.0231147,0.0,35905.0
1719347464.2307107,0.0,35905.0
1719347464.4348478,0.0,35905.0
1719347464.632553,0.0,35905.0
1719347464.842166,0.0,35905.0
1719347465.0526488,0.0,35905.0
1719347465.2613285,0.0,35905.0
1719347465.470898,0.0,35905.0
1719347465.6831188,0.0,35905.0
1719347465.8910315,0.0,35905.0
1719347466.0974638,0.0,35905.0
1719347466.305291,0.0,35905.0
1719347466.5150833,0.0,35905.0
1719347466.7253256,0.0,35905.0
1719347466.9340017,0.0,35905.0
1719347467.1434827,0.0,35905.0
1719347467.3447104,0.0,35905.0
1719347467.554101,0.0,35905.0
1719347467.7648,0.0,35905.0
1719347467.9704328,0.0,35905.0
1719347468.1794102,0.0,35905.0
1719347468.3820906,0.0,35905.0
1719347468.5901814,0.0,35905.0
1719347468.7969873,0.0,35905.0
1719347469.0176437,0.0,35905.0
1719347469.2271302,0.0,35905.0
1719347469.4361618,0.0,35905.0
1719347469.6473303,0.0,35905.0
1719347469.8532677,0.0,35905.0
1719347470.057881,0.0,35905.0
1719347470.2673068,0.0,35905.0
1719347470.4780908,0.0,35905.0
1719347470.6886415,0.0,35905.0
1719347470.9175093,0.0,35905.0
1719347471.1253793,0.0,35905.0
1719347471.3333917,0.0,35905.0
1719347471.5705998,0.0,35905.0
1719347471.814678,0.0,35905.0
1719347472.0184507,0.0,35905.0
1719347472.221812,0.0,35905.0
1719347472.4595993,0.0,35905.0
1719347472.6638534,0.0,35905.0
1719347472.8697789,0.0,35905.0
1719347473.0695665,0.0,35905.0
1719347473.3073807,0.0,35905.0
1719347473.510723,0.0,35905.0
1719347473.71765,0.0,35905.0
1719347473.9208062,0.0,35905.0
1719347474.1527116,0.0,35905.0
1719347474.3561234,0.0,35905.0
1719347474.5608022,0.0,35905.0
1719347474.7658374,0.0,35905.0
1719347474.974084,0.0,35905.0
1719347475.1784043,0.0,35905.0
1719347475.3812313,0.0,35905.0
1719347475.585624,0.0,35905.0
1719347475.8039658,0.0,35905.0
1719347476.0149207,0.0,35905.0
1719347476.2253337,0.0,35905.0
1719347476.434944,0.0,35905.0
1719347476.6486113,0.0,35905.0
1719347476.8527067,0.0,35905.0
1719347477.0607743,0.0,35905.0
1719347477.264778,0.0,35905.0
1719347477.4740539,0.0,35905.0
1719347477.6811755,0.0,35905.0
1719347477.8906045,0.0,35905.0
1719347478.101522,0.0,35905.0
1719347478.3097603,0.0,35905.0
1719347478.5141923,0.0,35905.0
1719347478.7215073,0.0,35905.0
1719347478.9260871,0.0,35905.0
1719347479.1331074,0.0,35905.0
1719347479.3361475,0.0,35905.0
1719347479.5454423,0.0,35905.0
1719347479.7540126,0.0,35905.0
1719347479.9653177,0.0,35905.0
1719347480.170161,0.0,35905.0
1719347480.3785138,0.0,35905.0
1719347480.5822408,0.0,35905.0
1719347480.7886076,0.0,35905.0
1719347480.995055,0.0,35905.0
1719347481.2097235,0.0,35905.0
1719347481.4122043,0.0,35905.0
1719347481.6220958,0.0,35905.0
1719347481.8300552,0.0,35905.0
1719347482.0376422,0.0,35905.0
1719347482.241487,0.0,35905.0
1719347482.4494283,0.0,35905.0
1719347482.6528962,0.0,35905.0
1719347482.8625367,0.0,35905.0
1719347483.0698004,0.0,35905.0
1719347483.2742782,0.0,35905.0
1719347483.4845004,0.0,35905.0
1719347483.6947234,0.0,35905.0
1719347483.908447,0.0,35905.0
1719347484.1154828,0.0,35905.0
1719347484.3257122,0.0,35905.0
1719347484.5333421,0.0,35905.0
1719347484.7405615,0.0,35905.0
1719347484.957063,0.0,35905.0
1719347485.1683366,0.0,35905.0
1719347485.3731995,0.0,35905.0
1719347485.5817704,0.0,35905.0
1719347485.784508,0.0,35905.0
1719347485.9927156,0.0,35905.0
1719347486.1953108,0.0,35905.0
1719347486.4051616,0.0,35905.0
1719347486.6181734,0.0,35905.0
1719347486.8271098,0.0,35905.0
1719347487.0360942,0.0,35905.0
1719347487.2498074,0.0,35905.0
1719347487.4588685,0.0,35905.0
1719347487.6669059,0.0,35905.0
1719347487.877225,0.0,35905.0
1719347488.0872915,0.0,35905.0
1719347488.2951434,0.0,35905.0
1719347488.504814,0.0,35905.0
1719347488.714078,0.0,35905.0
1719347488.92533,0.0,35905.0
1719347489.1366136,0.0,35905.0
1719347489.3451102,0.0,35905.0
1719347489.554718,0.0,35905.0
1719347489.7619607,0.0,35905.0
1719347489.9697335,0.0,35905.0
1719347490.1796672,0.0,35905.0
1719347490.390098,0.0,35905.0
1719347490.598461,0.0,35905.0
1719347490.8107934,0.0,35905.0
1719347491.0294764,0.0,35905.0
1719347491.2371173,0.0,35905.0
1719347491.4459453,0.0,35905.0
1719347491.653929,0.0,35905.0
1719347491.868056,0.0,35905.0
1719347492.0749555,0.0,35905.0
1719347492.2776783,0.0,35905.0
1719347492.4863367,0.0,35905.0
1719347492.695466,0.0,35905.0
1719347492.9030843,0.0,35905.0
1719347493.1011271,0.0,35905.0
1719347493.3066866,0.0,35905.0
1719347493.508677,0.0,35905.0
1719347493.7175546,0.0,35905.0
1719347493.929117,0.0,35905.0
1719347494.1388214,0.0,35905.0
1719347494.3442996,0.0,35905.0
1719347494.556844,0.0,35905.0
1719347494.759837,0.0,35905.0
1719347494.9659553,0.0,35905.0
1719347495.1705859,0.0,35905.0
1719347495.3794742,0.0,35905.0
1719347495.5894487,0.0,35905.0
1719347495.798286,0.0,35905.0
1719347496.0122845,0.0,35905.0
1719347496.2217472,0.0,35905.0
1719347496.4294925,0.0,35905.0
1719347496.6385393,0.0,35905.0
1719347496.8402703,0.0,35905.0
1719347497.046034,0.0,35905.0
1719347497.2472885,0.0,35905.0
1719347497.4530485,0.0,35905.0
1719347497.6574192,0.0,35905.0
1719347497.8710098,0.0,35905.0
1719347498.0755224,0.0,35905.0
1719347498.2771757,0.0,35905.0
1719347498.4812675,0.0,35905.0
1719347498.6888504,0.0,35905.0
1719347498.8929827,0.0,35905.0
1719347499.1026685,0.0,35905.0
1719347499.3113077,0.0,35905.0
1719347499.5205364,0.0,35905.0
1719347499.7248168,0.0,35905.0
1719347499.935812,0.0,35905.0
1719347500.1392584,0.0,35905.0
1719347500.3461633,0.0,35905.0
1719347500.5561056,0.0,35905.0
1719347501.0603628,0.0,35905.0
1719347501.6020155,0.0,35905.0
1719347502.2638795,0.0,35905.0
1719347502.8998482,0.0,35905.0
1719347503.470475,0.0,35905.0
1719347504.0866663,0.0,35905.0
1719347504.3220384,0.0,35905.0
1719347504.785877,0.0,35905.0
1719347505.423241,0.0,35905.0
1719347505.634881,0.0,35905.0
1719347505.8456082,0.0,35905.0
1719347506.054907,0.0,35905.0
1719347506.2564666,0.0,35905.0
1719347506.4626093,0.0,35905.0
1719347506.670046,0.0,35905.0
1719347506.8802407,0.0,35905.0
1719347507.089427,0.0,35905.0
1719347507.2972558,0.0,35905.0
1719347507.5088208,0.0,35905.0
1719347507.718241,0.0,35905.0
1719347507.9293244,0.0,35905.0
1719347508.1386523,0.0,35905.0
1719347508.3804083,0.0,35905.0
1719347508.5853167,0.0,35905.0
1719347508.8302162,0.0,35905.0
1719347509.031535,0.0,35905.0
1719347509.2394197,0.0,35905.0
1719347509.4689476,0.0,35905.0
1719347509.6768875,0.0,35905.0
1719347509.8789477,0.0,35905.0
1719347510.0882254,0.0,35905.0
1719347510.295175,0.0,35905.0
1719347510.5059745,0.0,35905.0
1719347510.7114277,0.0,35905.0
1719347510.913545,0.0,35905.0
1719347511.122467,0.0,35905.0
1719347511.3272872,0.0,35905.0
1719347511.5389335,0.0,35905.0
1719347511.7487671,0.0,35905.0
1719347511.9530344,0.0,35905.0
1719347512.1642988,0.0,35905.0
1719347512.3739002,0.0,35905.0
1719347512.5781045,0.0,35905.0
1719347512.7857327,0.0,35905.0
1719347512.994282,0.0,35905.0
1719347513.200431,0.0,35905.0
1719347513.4158084,0.0,35905.0
1719347513.626743,0.0,35905.0
1719347513.8414133,0.0,35905.0
1719347514.0514684,0.0,35905.0
1719347514.2607503,0.0,35905.0
1719347514.4736555,0.0,35905.0
1719347514.6759593,0.0,35905.0
1719347514.8844717,0.0,35905.0
1719347515.0886474,0.0,35905.0
1719347515.2938056,0.0,35905.0
1719347515.5021415,0.0,35905.0
1719347515.710607,0.0,35905.0
1719347515.9223464,0.0,35905.0
1719347516.1319935,0.0,35905.0
1719347516.335756,0.0,35905.0
1719347516.5493338,0.0,35905.0
1719347516.7541687,0.0,35905.0
1719347516.96527,0.0,35905.0
1719347517.1740198,0.0,35905.0
1719347517.3823185,0.0,35905.0
1719347517.5870245,0.0,35905.0
1719347517.790621,0.0,35905.0
1719347517.9979217,0.0,35905.0
1719347518.2061267,0.0,35905.0
1719347518.408388,0.0,35905.0
1719347518.6126392,0.0,35905.0
1719347518.8149633,0.0,35905.0
1719347519.0289981,0.0,35905.0
1719347519.2362509,0.0,35905.0
1719347519.449595,0.0,35905.0
1719347519.6587725,0.0,35905.0
1719347519.8664212,0.0,35905.0
1719347520.0733707,0.0,35905.0
1719347520.2762213,0.0,35905.0
1719347520.4794717,0.0,35905.0
1719347520.683307,0.0,35905.0
1719347520.890526,0.0,35905.0
1719347521.0998294,0.0,35905.0
1719347521.310479,0.0,35905.0
1719347521.5187626,0.0,35905.0
1719347521.726097,0.0,35905.0
1719347521.9333308,0.0,35905.0
1719347522.1413863,0.0,35905.0
1719347522.352596,0.0,35905.0
1719347522.5529702,0.0,35905.0
1719347522.757916,0.0,35905.0
1719347522.963923,0.0,35905.0
1719347523.1603494,0.0,35905.0
1719347523.3658233,0.0,35905.0
1719347523.567669,0.0,35905.0
1719347523.7735388,0.0,35905.0
1719347523.9764764,0.0,35905.0
1719347524.1832979,0.0,35905.0
1719347524.3880534,0.0,35905.0
1719347524.5979335,0.0,35905.0
1719347524.7991939,0.0,35905.0
1719347525.0065286,0.0,35905.0
1719347525.2094407,0.0,35905.0
1719347525.4204028,0.0,35905.0
1719347525.6305628,0.0,35905.0
1719347525.8420773,0.0,35905.0
1719347526.0505137,0.0,35905.0
1719347526.260069,0.0,35905.0
1719347526.4642234,0.0,35905.0
1719347526.6698353,0.0,35905.0
1719347526.8712182,0.0,35905.0
1719347527.080227,0.0,35905.0
1719347527.2932737,0.0,35905.0
1719347527.5053186,0.0,35905.0
1719347527.7101877,0.0,35905.0
1719347527.9184554,0.0,35905.0
1719347528.1209455,0.0,35905.0
1719347528.3286836,0.0,35905.0
1719347528.5294557,0.0,35905.0
1719347528.7381845,0.0,35905.0
1719347528.9456184,0.0,35905.0
1719347529.1491969,0.0,35905.0
1719347529.359229,0.0,35905.0
1719347529.5656219,0.0,35905.0
1719347529.7779295,0.0,35905.0
1719347529.9803681,0.0,35905.0
1719347530.1819637,0.0,35905.0
1719347530.3889663,0.0,35905.0
1719347530.5975237,0.0,35905.0
1719347530.8051476,0.0,35905.0
1719347531.0144207,0.0,35905.0
1719347531.22387,0.0,35905.0
1719347531.4356532,0.0,35905.0
1719347531.6423128,0.0,35905.0
1719347531.849536,0.0,35905.0
1719347532.058164,0.0,35905.0
1719347532.266782,0.0,35905.0
1719347532.4761405,0.0,35905.0
1719347532.6843135,0.0,35905.0
1719347532.9001422,0.0,35905.0
1719347533.1112776,0.0,35905.0
1719347533.321666,0.0,35905.0
1719347533.5281649,0.0,35905.0
1719347533.736022,0.0,35905.0
1719347533.9395232,0.0,35905.0
1719347534.146322,0.0,35905.0
1719347534.3543198,0.0,35905.0
1719347534.5644848,0.0,35905.0
1719347534.7766385,0.0,35905.0
1719347534.9866452,0.0,35905.0
1719347535.1937509,0.0,35905.0
1719347535.402886,0.0,35905.0
1719347535.6112,0.0,35905.0
1719347535.821344,0.0,35905.0
1719347536.0317626,0.0,35905.0
1719347536.2404304,0.0,35905.0
1719347536.4492447,0.0,35905.0
1719347536.6700583,0.0,35905.0
1719347536.8821507,0.0,35905.0
1719347537.0909686,0.0,35905.0
1719347537.333556,0.0,35905.0
1719347537.5432997,0.0,35905.0
1719347537.7484283,0.0,35905.0
1719347537.9592562,0.0,35905.0
1719347538.1669366,0.0,35905.0
1719347538.3784642,0.0,35905.0
1719347538.588949,0.0,35905.0
1719347538.7929673,0.0,35905.0
1719347539.004128,0.0,35905.0
1719347539.2148983,0.0,35905.0
1719347539.425437,0.0,35905.0
1719347539.6272042,0.0,35905.0
1719347539.8364172,0.0,35905.0
1719347540.0452108,0.0,35905.0
1719347540.2583723,0.0,35905.0
1719347540.467089,0.0,35905.0
1719347540.6875474,0.0,35905.0
1719347540.8974607,0.0,35905.0
1719347541.1082025,0.0,35905.0
1719347541.3103073,0.0,35905.0
1719347541.5190372,0.0,35905.0
1719347541.7256005,0.0,35905.0
1719347541.9317935,0.0,35905.0
1719347542.1422825,0.0,35905.0
1719347542.3494895,0.0,35905.0
1719347542.559273,0.0,35905.0
1719347542.7741585,0.0,35905.0
1719347543.0375779,0.0,35905.0
1719347543.248048,0.0,35905.0
1719347543.4630241,0.0,35905.0
1719347543.6689918,0.0,35905.0
1719347543.883167,0.0,35905.0
1719347544.0907757,0.0,35905.0
1719347544.3203394,0.0,35905.0
1719347544.5316734,0.0,35905.0
1719347544.7356777,0.0,35905.0
1719347544.9335482,0.0,35905.0
1719347545.136163,0.0,35905.0
1719347545.336996,0.0,35905.0
1719347545.5446928,0.0,35905.0
1719347545.754508,0.0,35905.0
1719347545.9626665,0.0,35905.0
1719347546.169646,0.0,35905.0
1719347546.379074,0.0,35905.0
1719347546.582341,0.0,35905.0
1719347546.7885025,0.0,35905.0
1719347546.9856093,0.0,35905.0
1719347547.1900916,0.0,35905.0
1719347547.397961,0.0,35905.0
1719347547.606361,0.0,35905.0
1719347547.814425,0.0,35905.0
1719347548.0233946,0.0,35905.0
1719347548.2276936,0.0,35905.0
1719347548.4340286,0.0,35905.0
1719347548.643249,0.0,35905.0
1719347548.8505304,0.0,35905.0
1719347549.0591924,0.0,35905.0
1719347549.2685363,0.0,35905.0
1719347549.4821796,0.0,35905.0
1719347549.6939209,0.0,35905.0
1719347549.903062,0.0,35905.0
1719347550.109209,0.0,35905.0
1719347550.3162484,0.0,35905.0
1719347550.521633,0.0,35905.0
1719347550.7301834,0.0,35905.0
1719347550.9358513,0.0,35905.0
1719347551.1390767,0.0,35905.0
1719347551.3484669,0.0,35905.0
1719347551.5582488,0.0,35905.0
1719347551.766911,0.0,35905.0
1719347551.9725254,0.0,35905.0
1719347552.179594,0.0,35905.0
1719347552.3891726,0.0,35905.0
1719347552.598346,0.0,35905.0
1719347552.8102536,0.0,35905.0
1719347553.0188954,0.0,35905.0
1719347553.2312288,0.0,35905.0
1719347553.445396,0.0,35905.0
1719347553.65521,0.0,35905.0
1719347553.8624475,0.0,35905.0
1719347554.0665143,0.0,35905.0
1719347554.2687995,0.0,35905.0
1719347554.4737504,0.0,35905.0
1719347554.6814632,0.0,35905.0
1719347554.8855681,0.0,35905.0
1719347555.0956047,0.0,35905.0
1719347555.303145,0.0,35905.0
1719347555.513444,0.0,35905.0
1719347555.7218323,0.0,35905.0
1719347555.930361,0.0,35905.0
1719347556.1372402,0.0,35905.0
1719347556.3450332,0.0,35905.0
1719347556.5495746,0.0,35905.0
1719347556.758128,0.0,35905.0
1719347556.970212,0.0,35905.0
1719347557.1802335,0.0,35905.0
1719347557.386511,0.0,35905.0
1719347557.5909312,0.0,35905.0
1719347557.7927306,0.0,35905.0
1719347557.9980428,0.0,35905.0
1719347558.20635,0.0,35905.0
1719347558.4102287,0.0,35905.0
1719347558.6194599,0.0,35905.0
1719347558.8304882,0.0,35905.0
1719347559.043181,0.0,35905.0
1719347559.2512748,0.0,35905.0
1719347559.4584365,0.0,35905.0
1719347559.6637843,0.0,35905.0
1719347559.8741767,0.0,35905.0
1719347560.084427,0.0,35905.0
1719347560.2950153,0.0,35905.0
1719347560.508237,0.0,35905.0
1719347560.7191176,0.0,35905.0
1719347560.9278202,0.0,35905.0
1719347561.1393855,0.0,35905.0
1719347561.345343,0.0,35905.0
1719347561.5489721,0.0,35905.0
1719347561.7575293,0.0,35905.0
1719347561.9604664,0.0,35905.0
1719347562.1676805,0.0,35905.0
1719347562.376543,0.0,35905.0
1719347562.580222,0.0,35905.0
1719347562.7851527,0.0,35905.0
1719347562.992695,0.0,35905.0
1719347563.1971757,0.0,35905.0
1719347563.4028234,0.0,35905.0
1719347563.6027367,0.0,35905.0
1719347563.8126676,0.0,35905.0
1719347564.0257936,0.0,35905.0
1719347564.2353039,0.0,35905.0
1719347564.443505,0.0,35905.0
1719347564.6500711,0.0,35905.0
1719347564.858161,0.0,35905.0
1719347565.0609913,0.0,35905.0
1719347565.2704449,0.0,35905.0
1719347565.475884,0.0,35905.0
1719347565.6847498,0.0,35905.0
1719347565.8895195,0.0,35905.0
1719347566.0978422,0.0,35905.0
1719347566.301965,0.0,35905.0
1719347566.507523,0.0,35905.0
1719347566.7154374,0.0,35905.0
1719347566.9258356,0.0,35905.0
1719347567.1337585,0.0,35905.0
1719347567.3420055,0.0,35905.0
1719347567.5546155,0.0,35905.0
1719347567.761089,0.0,35905.0
1719347567.9673789,0.0,35905.0
1719347568.1782122,0.0,35905.0
1719347568.390068,0.0,35905.0
1719347568.5978181,0.0,35905.0
1719347568.8036182,0.0,35905.0
1719347569.0131333,0.0,35905.0
1719347569.2251568,0.0,35905.0
1719347569.4381852,0.0,35905.0
1719347569.648,0.0,35905.0
1719347569.857606,0.0,35905.0
1719347570.0664175,0.0,35905.0
1719347570.2763753,0.0,35905.0
1719347570.4855127,0.0,35905.0
1719347570.6939352,0.0,35905.0
1719347570.9019773,0.0,35905.0
1719347571.108288,0.0,35905.0
1719347571.3189332,0.0,35905.0
1719347571.5284092,0.0,35905.0
1719347571.730173,0.0,35905.0
1719347571.9339519,0.0,35905.0
1719347572.1385438,0.0,35905.0
1719347572.347139,0.0,35905.0
1719347572.552508,0.0,35905.0
1719347572.7586439,0.0,35905.0
1719347572.9628413,0.0,35905.0
1719347573.1753068,0.0,35905.0
1719347573.38214,0.0,35905.0
1719347573.5861683,0.0,35905.0
1719347573.7891674,0.0,35905.0
1719347573.9893026,0.0,35905.0
1719347574.1992626,0.0,35905.0
1719347574.4078991,0.0,35905.0
1719347574.616172,0.0,35905.0
1719347574.8273718,0.0,35905.0
1719347575.0361805,0.0,35905.0
1719347575.2408926,0.0,35905.0
1719347575.4504178,0.0,35905.0
1719347575.6588602,0.0,35905.0
1719347575.8680072,0.0,35905.0
1719347576.0738158,0.0,35905.0
1719347576.2838423,0.0,35905.0
1719347576.4879189,0.0,35905.0
1719347576.6952453,0.0,35905.0
1719347576.8977447,0.0,35905.0
1719347577.1011512,0.0,35905.0
1719347577.30618,0.0,35905.0
1719347577.512551,0.0,35905.0
1719347577.721292,0.0,35905.0
1719347577.934088,0.0,35905.0
1719347578.1398492,0.0,35905.0
1719347578.3463855,0.0,35905.0
1719347578.5869572,0.0,35905.0
1719347578.8214986,0.0,35905.0
1719347579.0247335,0.0,35905.0
1719347579.2274032,0.0,35905.0
1719347579.4541845,0.0,35905.0
1719347579.6629138,0.0,35905.0
1719347579.9007542,0.0,35905.0
1719347580.103999,0.0,35905.0
1719347580.3210297,0.0,35905.0
1719347580.5290775,0.0,35905.0
1719347580.74077,0.0,35905.0
1719347580.949639,0.0,35905.0
1719347581.1589315,0.0,35905.0
1719347581.366325,0.0,35905.0
1719347581.5736275,0.0,35905.0
1719347581.7835336,0.0,35905.0
1719347581.9974995,0.0,35905.0
1719347582.2061467,0.0,35905.0
1719347582.4127963,0.0,35905.0
1719347582.614455,0.0,35905.0
1719347582.8256133,0.0,35905.0
1719347583.0294292,0.0,35905.0
1719347583.2394502,0.0,35905.0
1719347583.44413,0.0,35905.0
1719347583.651091,0.0,35905.0
1719347583.8585727,0.0,35905.0
1719347584.0659695,0.0,35905.0
1719347584.2709491,0.0,35905.0
1719347584.4824243,0.0,35905.0
1719347584.693745,0.0,35905.0
1719347584.8999784,0.0,35905.0
1719347585.10937,0.0,35905.0
1719347585.3202713,0.0,35905.0
1719347585.5289676,0.0,35905.0
1719347585.7331443,0.0,35905.0
1719347585.940419,0.0,35905.0
1719347586.1489723,0.0,35905.0
1719347586.3603585,0.0,35905.0
1719347586.5688062,0.0,35905.0
1719347586.774588,0.0,35905.0
1719347586.983303,0.0,35905.0
1719347587.193419,0.0,35905.0
1719347587.3908932,0.0,35905.0
1719347587.6001847,0.0,35905.0
1719347587.826883,0.0,35905.0
1719347588.0313993,0.0,35905.0
1719347588.2418108,0.0,35905.0
1719347588.454505,0.0,35905.0
1719347588.6668248,0.0,35905.0
1719347588.875029,0.0,35905.0
1719347589.08648,0.0,35905.0
1719347589.2913468,0.0,35905.0
1719347589.498191,0.0,35905.0
1719347589.707037,0.0,35905.0
1719347589.9162529,0.0,35905.0
1719347590.1225927,0.0,35905.0
1719347590.3332076,0.0,35905.0
1719347590.543214,0.0,35905.0
1719347590.7513788,0.0,35905.0
1719347590.9593098,0.0,35905.0
1719347591.1640823,0.0,35905.0
1719347591.370325,0.0,35905.0
1719347591.5821621,0.0,35905.0
1719347591.7924442,0.0,35905.0
1719347592.0018184,0.0,35905.0
1719347592.2135386,0.0,35905.0
1719347592.4256027,0.0,35905.0
1719347592.6334217,0.0,35905.0
1719347592.8419497,0.0,35905.0
1719347593.0485885,0.0,35905.0
1719347593.2540505,0.0,35905.0
1719347593.467809,0.0,35905.0
1719347593.6743298,0.0,35905.0
1719347593.8766897,0.0,35905.0
1719347594.0875719,0.0,35905.0
1719347594.291131,0.0,35905.0
1719347594.4979906,0.0,35905.0
1719347594.7042124,0.0,35905.0
1719347594.905798,0.0,35905.0
1719347595.1075976,0.0,35905.0
1719347595.3166053,0.0,35905.0
1719347595.5302458,0.0,35905.0
1719347595.7405555,0.0,35905.0
1719347595.9498692,0.0,35905.0
1719347596.1625504,0.0,35905.0
1719347596.371406,0.0,35905.0
1719347596.5905354,0.0,35905.0
1719347596.7976766,0.0,35905.0
1719347597.0071707,0.0,35905.0
1719347597.2170873,0.0,35905.0
1719347597.4282453,0.0,35905.0
1719347597.6375182,0.0,35905.0
1719347597.8477292,0.0,35905.0
1719347598.0532231,0.0,35905.0
1719347598.2556906,0.0,35905.0
1719347598.4607394,0.0,35905.0
1719347598.6656976,0.0,35905.0
1719347598.8719323,0.0,35905.0
1719347599.0789149,0.0,35905.0
1719347599.2884042,0.0,35905.0
1719347599.4963443,0.0,35905.0
1719347599.703995,0.0,35905.0
1719347599.9145582,0.0,35905.0
1719347600.1199975,0.0,35905.0
1719347600.3294013,0.0,35905.0
1719347600.539339,0.0,35905.0
1719347600.7480125,0.0,35905.0
1719347600.9561458,0.0,35905.0
1719347601.1656108,0.0,35905.0
1719347601.3761315,0.0,35905.0
1719347601.5838037,0.0,35905.0
1719347601.7902884,0.0,35905.0
1719347601.997487,0.0,35905.0
1719347602.2076523,0.0,35905.0
1719347602.4133008,0.0,35905.0
1719347602.6218553,0.0,35905.0
1719347602.8264842,0.0,35905.0
1719347603.0318694,0.0,35905.0
1719347603.2423434,0.0,35905.0
1719347603.451464,0.0,35905.0
1719347603.658322,0.0,35905.0
