timestamp,gpu_util,gpu_mem
1719326836.0888917,0.0,4.0
1719326836.2237294,0.0,4.0
1719326836.3594809,0.0,4.0
1719326836.496164,0.0,21.0
1719326836.6472995,0.0,633.0
1719326836.7815678,7.0,633.0
1719326836.984982,0.0,633.0
1719326837.123527,0.0,633.0
1719326837.2628825,0.0,633.0
1719326837.399927,0.0,633.0
1719326837.5339592,0.0,633.0
1719326837.669732,0.0,633.0
1719326837.8008726,0.0,633.0
1719326837.9333627,0.0,633.0
1719326838.0672698,0.0,633.0
1719326838.2002375,0.0,633.0
1719326838.3320556,0.0,633.0
1719326838.4656231,0.0,633.0
1719326838.5984523,0.0,633.0
1719326838.7287288,0.0,633.0
1719326838.8594682,0.0,633.0
1719326838.9929657,0.0,633.0
1719326839.1291602,0.0,633.0
1719326839.2628114,0.0,633.0
1719326839.39445,0.0,633.0
1719326839.52445,0.0,633.0
1719326839.6602476,0.0,633.0
1719326839.7957118,0.0,633.0
1719326839.930392,0.0,633.0
1719326840.062222,0.0,633.0
1719326840.1956496,0.0,633.0
1719326840.3309643,0.0,633.0
1719326840.4640698,0.0,633.0
1719326840.6000838,0.0,633.0
1719326840.7355468,0.0,633.0
1719326840.869892,0.0,633.0
1719326841.007694,0.0,633.0
1719326841.141357,0.0,633.0
1719326841.2764623,0.0,633.0
1719326841.4110105,0.0,633.0
1719326841.5495603,0.0,633.0
1719326841.6859088,0.0,633.0
1719326841.8230581,0.0,633.0
1719326841.9588027,0.0,633.0
1719326842.0961502,0.0,633.0
1719326842.2308521,0.0,633.0
1719326842.364481,0.0,633.0
1719326842.4985926,0.0,633.0
1719326842.6320662,0.0,633.0
1719326842.766092,0.0,633.0
1719326842.899447,0.0,633.0
1719326843.0338194,0.0,633.0
1719326843.1688528,0.0,633.0
1719326843.3043096,0.0,633.0
1719326843.4384778,0.0,633.0
1719326843.571827,0.0,633.0
1719326843.7057712,0.0,633.0
1719326843.841266,0.0,633.0
1719326843.9774022,0.0,633.0
1719326844.111159,0.0,633.0
1719326844.2451239,0.0,633.0
1719326844.37958,0.0,633.0
1719326844.5153832,0.0,633.0
1719326844.6491084,0.0,633.0
1719326844.7828126,0.0,633.0
1719326844.916273,0.0,633.0
1719326845.047676,0.0,633.0
1719326845.182292,0.0,633.0
1719326845.3180969,0.0,633.0
1719326845.453606,0.0,633.0
1719326845.5872643,0.0,633.0
1719326845.7225194,0.0,633.0
1719326845.8606896,0.0,633.0
1719326845.99452,0.0,633.0
1719326846.1289525,0.0,633.0
1719326846.2612805,0.0,633.0
1719326846.3945394,0.0,633.0
1719326846.526375,0.0,633.0
1719326846.6607382,0.0,633.0
1719326846.79239,0.0,633.0
1719326846.925109,0.0,633.0
1719326847.0603917,0.0,633.0
1719326847.1978621,0.0,633.0
1719326847.3339882,0.0,633.0
1719326847.4690871,0.0,633.0
1719326847.605127,0.0,633.0
1719326847.7382379,0.0,633.0
1719326847.8737495,0.0,633.0
1719326848.0095093,0.0,633.0
1719326848.143186,0.0,633.0
1719326848.2776458,0.0,633.0
1719326848.4118965,0.0,633.0
1719326848.5483315,0.0,633.0
1719326848.6870236,0.0,633.0
1719326848.8208475,0.0,633.0
1719326848.9546127,0.0,633.0
1719326849.0871847,0.0,633.0
1719326849.220991,0.0,633.0
1719326849.353085,0.0,633.0
1719326849.486211,0.0,633.0
1719326849.6213334,0.0,633.0
1719326849.7577462,0.0,633.0
1719326849.8946102,0.0,633.0
1719326850.0306668,0.0,633.0
1719326850.1667638,0.0,633.0
1719326850.3016644,0.0,633.0
1719326850.434589,0.0,633.0
1719326850.5732887,0.0,633.0
1719326850.707598,0.0,633.0
1719326850.8422408,0.0,633.0
1719326850.9771893,0.0,633.0
1719326851.1111765,0.0,633.0
1719326851.2441356,0.0,633.0
1719326851.3758955,0.0,633.0
1719326851.5089488,0.0,633.0
1719326851.640877,0.0,633.0
1719326851.7732763,0.0,633.0
1719326851.9058,0.0,633.0
1719326852.036966,0.0,633.0
1719326852.1683512,0.0,633.0
1719326852.2985377,0.0,633.0
1719326852.429118,0.0,633.0
1719326852.5620968,0.0,633.0
1719326852.692779,0.0,633.0
1719326852.8250954,0.0,633.0
1719326852.9556231,0.0,633.0
1719326853.0890512,0.0,633.0
1719326853.222017,0.0,633.0
1719326853.3552072,0.0,633.0
1719326853.4880798,0.0,633.0
1719326853.6225526,0.0,633.0
1719326853.762435,0.0,633.0
1719326853.8979468,0.0,633.0
1719326854.033372,0.0,633.0
1719326854.1664054,0.0,633.0
1719326854.3001845,0.0,633.0
1719326854.4336605,0.0,633.0
1719326854.5673466,0.0,633.0
1719326854.6990042,0.0,633.0
1719326854.8326693,0.0,633.0
1719326854.965059,0.0,633.0
1719326855.0974858,0.0,633.0
1719326855.229363,0.0,633.0
1719326855.3661005,0.0,633.0
1719326855.5013807,0.0,633.0
1719326855.6371632,0.0,633.0
1719326855.773654,0.0,633.0
1719326855.9078376,0.0,633.0
1719326856.0409324,0.0,633.0
1719326856.1736546,0.0,633.0
1719326856.3109734,0.0,633.0
1719326856.446672,0.0,633.0
1719326856.5830607,0.0,633.0
1719326856.7195137,0.0,633.0
1719326856.85528,0.0,633.0
1719326856.9900804,0.0,633.0
1719326857.1258597,0.0,633.0
1719326857.258294,0.0,633.0
1719326857.391363,0.0,633.0
1719326857.525366,0.0,633.0
1719326857.6601553,0.0,633.0
1719326857.7922952,0.0,633.0
1719326857.9442751,0.0,633.0
1719326858.07972,0.0,633.0
1719326858.216274,0.0,633.0
1719326858.3546596,0.0,633.0
1719326858.4890301,0.0,633.0
1719326858.6242943,0.0,633.0
1719326858.759455,0.0,633.0
1719326858.8940327,0.0,633.0
1719326859.0291789,0.0,633.0
1719326859.163765,0.0,633.0
1719326859.2986267,0.0,633.0
1719326859.43338,0.0,633.0
1719326859.5655303,0.0,633.0
1719326859.6984248,0.0,633.0
1719326859.830441,0.0,633.0
1719326859.9614844,0.0,633.0
1719326860.0935688,0.0,633.0
1719326860.2247763,0.0,633.0
1719326860.3566315,0.0,633.0
1719326860.4858887,0.0,633.0
1719326860.6162236,0.0,633.0
1719326860.7465317,0.0,633.0
1719326860.8767765,0.0,633.0
1719326861.0066826,0.0,633.0
1719326861.1370926,0.0,633.0
1719326861.265004,0.0,633.0
1719326861.3946657,0.0,633.0
1719326861.5253725,0.0,633.0
1719326861.6557333,0.0,633.0
1719326861.7875366,0.0,633.0
1719326861.9216354,0.0,633.0
1719326862.0556638,0.0,633.0
1719326862.2061222,0.0,633.0
1719326862.3641498,0.0,633.0
1719326862.517508,0.0,633.0
1719326862.6824424,0.0,633.0
1719326862.8471656,0.0,633.0
1719326863.0185452,0.0,633.0
1719326863.1791742,0.0,633.0
1719326863.3226862,0.0,633.0
1719326863.4933636,0.0,633.0
1719326863.6547527,0.0,633.0
1719326863.8011727,0.0,633.0
1719326863.9518383,0.0,633.0
1719326864.1104043,0.0,633.0
1719326864.2655272,0.0,633.0
1719326864.4102623,0.0,633.0
1719326864.624523,0.0,633.0
1719326864.8371289,0.0,633.0
1719326865.0390408,0.0,633.0
1719326865.2036834,0.0,633.0
1719326865.3931239,0.0,633.0
1719326865.5534232,0.0,633.0
1719326865.7013185,0.0,633.0
1719326865.8613827,0.0,633.0
1719326866.0286143,0.0,633.0
1719326866.1703565,0.0,633.0
1719326866.3070517,0.0,633.0
1719326866.4422543,0.0,633.0
1719326866.5776422,0.0,633.0
1719326866.7064219,0.0,633.0
1719326866.8373373,0.0,633.0
1719326866.9728308,0.0,633.0
1719326867.105931,0.0,633.0
1719326867.240573,0.0,633.0
1719326867.4184523,0.0,633.0
1719326867.581758,0.0,633.0
1719326867.7398252,0.0,633.0
1719326867.9051223,0.0,633.0
1719326868.063339,0.0,633.0
1719326868.2148194,0.0,633.0
1719326868.3639524,0.0,633.0
1719326868.5229602,0.0,633.0
1719326868.6694314,0.0,633.0
1719326868.8092206,0.0,633.0
1719326868.9602783,0.0,633.0
1719326869.120832,0.0,633.0
1719326869.2687733,0.0,633.0
1719326869.4173288,0.0,633.0
1719326869.6163502,0.0,633.0
1719326869.8078208,0.0,633.0
1719326870.0088139,0.0,633.0
1719326870.2086635,0.0,633.0
1719326870.3975134,0.0,633.0
1719326870.5368648,0.0,633.0
1719326870.693289,0.0,633.0
1719326870.8467948,0.0,633.0
1719326870.9951725,0.0,633.0
1719326871.1344757,0.0,633.0
1719326871.2699277,0.0,633.0
1719326871.405156,0.0,633.0
1719326871.5389507,0.0,633.0
1719326871.6727545,0.0,633.0
1719326871.8085923,0.0,633.0
1719326871.9443223,0.0,633.0
1719326872.0817652,0.0,633.0
1719326872.2445028,0.0,633.0
1719326872.4117987,0.0,633.0
1719326872.5708346,0.0,633.0
1719326872.726685,0.0,633.0
1719326872.8950362,0.0,633.0
1719326873.06579,0.0,633.0
1719326873.224651,0.0,633.0
1719326873.381457,0.0,633.0
1719326873.5248902,0.0,633.0
1719326873.6674478,0.0,633.0
1719326873.842373,0.0,633.0
1719326873.9943562,0.0,633.0
1719326874.157984,0.0,633.0
1719326874.3030362,0.0,633.0
1719326874.5071785,0.0,633.0
1719326874.711216,0.0,633.0
1719326874.893405,0.0,633.0
1719326875.057226,0.0,633.0
1719326875.2458007,0.0,633.0
1719326875.4043963,0.0,633.0
1719326875.5549157,0.0,633.0
1719326875.7153487,0.0,633.0
1719326875.8898215,0.0,633.0
1719326876.024823,0.0,633.0
1719326876.1612833,0.0,633.0
1719326876.2969546,0.0,633.0
1719326876.4299448,0.0,633.0
1719326876.5624592,0.0,633.0
1719326876.6957595,0.0,633.0
1719326876.8313353,0.0,633.0
1719326876.9670901,0.0,633.0
1719326877.1020448,0.0,633.0
1719326877.2554562,0.0,633.0
1719326877.4310346,0.0,633.0
1719326877.5913851,0.0,633.0
1719326877.7666922,0.0,633.0
1719326877.9303703,0.0,633.0
1719326878.09677,0.0,633.0
1719326878.2363465,0.0,633.0
1719326878.4088116,0.0,633.0
1719326878.5439875,0.0,633.0
1719326878.6968267,0.0,633.0
1719326878.854541,0.0,633.0
1719326879.0199988,0.0,633.0
1719326879.1792269,0.0,633.0
1719326879.3437004,0.0,633.0
1719326879.5278394,0.0,633.0
1719326879.7292001,0.0,633.0
1719326879.9050803,0.0,633.0
1719326880.1098957,0.0,633.0
1719326880.3091507,0.0,633.0
1719326880.4605591,0.0,633.0
1719326880.6093025,0.0,633.0
1719326880.790159,0.0,633.0
1719326880.9414263,0.0,633.0
1719326881.089706,0.0,633.0
1719326881.2239964,0.0,633.0
1719326881.3618517,0.0,633.0
1719326881.49819,0.0,633.0
1719326881.6298084,0.0,633.0
1719326881.7664888,0.0,633.0
1719326881.9007983,0.0,633.0
1719326882.0362916,0.0,633.0
1719326882.1766984,0.0,633.0
1719326882.340287,0.0,633.0
1719326882.5327275,0.0,633.0
1719326882.6946626,0.0,633.0
1719326882.8602927,0.0,633.0
1719326883.0178685,0.0,633.0
1719326883.1659718,0.0,633.0
1719326883.3311017,0.0,633.0
1719326883.4747534,0.0,633.0
1719326883.6313884,0.0,633.0
1719326883.7817502,0.0,633.0
1719326883.9383194,0.0,633.0
1719326884.085185,0.0,633.0
1719326884.231388,0.0,633.0
1719326884.4229922,0.0,633.0
1719326884.6212282,0.0,633.0
1719326884.8125823,0.0,633.0
1719326885.008043,0.0,633.0
1719326885.209991,0.0,633.0
1719326885.410853,0.0,633.0
1719326885.5556803,0.0,633.0
1719326885.7037313,0.0,633.0
1719326885.8527107,0.0,633.0
1719326885.9890935,0.0,633.0
1719326886.1243434,0.0,633.0
1719326886.2586887,0.0,633.0
1719326886.3933117,0.0,633.0
1719326886.5225701,0.0,633.0
1719326886.6554697,0.0,633.0
1719326886.7910001,0.0,633.0
1719326886.9473908,0.0,633.0
1719326887.0818107,0.0,633.0
1719326887.2484035,0.0,633.0
1719326887.3959808,0.0,633.0
1719326887.5445368,0.0,633.0
1719326887.7031896,0.0,633.0
1719326887.8606634,0.0,633.0
1719326888.0258293,0.0,633.0
1719326888.173539,0.0,633.0
1719326888.3194177,0.0,633.0
1719326888.465399,0.0,633.0
1719326888.612079,0.0,633.0
1719326888.7810512,0.0,633.0
1719326888.9516146,0.0,633.0
1719326889.1297817,0.0,633.0
1719326889.2775168,0.0,633.0
1719326889.4877477,0.0,633.0
1719326889.6894727,0.0,633.0
1719326889.8800712,0.0,633.0
1719326890.0702312,0.0,633.0
1719326890.2542984,0.0,633.0
1719326890.4254506,0.0,633.0
1719326890.5698755,0.0,633.0
1719326890.739035,0.0,633.0
1719326890.8968296,0.0,633.0
1719326891.0322168,0.0,633.0
1719326891.1706736,0.0,633.0
1719326891.3064132,0.0,633.0
1719326891.4394805,0.0,633.0
1719326891.5785077,0.0,633.0
1719326891.7160683,0.0,633.0
1719326891.8542905,0.0,633.0
1719326892.0295055,0.0,633.0
1719326892.199135,0.0,633.0
1719326892.3652031,0.0,633.0
1719326892.534933,0.0,633.0
1719326892.690024,0.0,633.0
1719326892.8738291,0.0,633.0
1719326893.0183058,0.0,633.0
1719326893.181154,0.0,633.0
1719326893.3415196,0.0,633.0
1719326893.4896033,0.0,633.0
1719326893.6318393,0.0,633.0
1719326893.785905,0.0,633.0
1719326893.9468145,0.0,633.0
1719326894.10022,0.0,633.0
1719326894.2410045,0.0,633.0
1719326894.4385574,0.0,633.0
1719326894.6421602,0.0,633.0
1719326894.8270252,0.0,633.0
1719326894.9997876,0.0,633.0
1719326895.191837,0.0,633.0
1719326895.3732674,0.0,633.0
1719326895.5158467,0.0,633.0
1719326895.668732,0.0,633.0
1719326895.8133066,0.0,633.0
1719326895.9557502,0.0,633.0
1719326896.0929258,0.0,633.0
1719326896.2285585,0.0,633.0
1719326896.3632112,0.0,633.0
1719326896.4943416,0.0,633.0
1719326896.628848,0.0,633.0
1719326896.7648127,0.0,633.0
1719326896.8988419,0.0,633.0
1719326897.0421407,0.0,633.0
1719326897.2309163,0.0,633.0
1719326897.3798344,0.0,633.0
1719326897.533382,0.0,633.0
1719326897.691649,0.0,633.0
1719326897.8397481,0.0,633.0
1719326898.0561032,0.0,633.0
1719326898.2082243,0.0,633.0
1719326898.3552382,0.0,633.0
1719326898.4987152,0.0,633.0
1719326898.6454773,0.0,633.0
1719326898.8008733,0.0,633.0
1719326898.9681957,0.0,633.0
1719326899.1263366,0.0,633.0
1719326899.2730346,0.0,633.0
1719326899.479045,0.0,633.0
1719326899.6814096,0.0,633.0
1719326899.8776731,0.0,633.0
1719326900.067681,0.0,633.0
1719326900.2652452,0.0,633.0
1719326900.4410777,0.0,633.0
1719326900.5991628,0.0,633.0
1719326900.7505007,0.0,633.0
1719326900.9126723,0.0,633.0
1719326901.048021,0.0,633.0
1719326901.1841848,0.0,633.0
1719326901.3186462,0.0,633.0
1719326901.4495811,0.0,633.0
1719326901.5818617,0.0,633.0
1719326901.7163074,0.0,633.0
1719326901.8524163,0.0,633.0
1719326901.9897408,0.0,633.0
1719326902.183131,0.0,633.0
1719326902.3428276,0.0,633.0
1719326902.5024927,0.0,633.0
1719326902.6518474,0.0,633.0
1719326902.845284,0.0,633.0
1719326902.9868467,0.0,633.0
1719326903.1426735,0.0,633.0
1719326903.3018837,0.0,633.0
1719326903.450257,0.0,633.0
1719326903.5938115,0.0,633.0
1719326903.7446184,0.0,633.0
1719326903.9048693,0.0,633.0
1719326904.0507162,0.0,633.0
1719326904.1960838,0.0,633.0
1719326904.3917115,0.0,633.0
1719326904.5953956,0.0,633.0
1719326904.7987232,0.0,633.0
1719326904.967689,0.0,633.0
1719326905.1568365,0.0,633.0
1719326905.340184,0.0,633.0
1719326905.4998465,0.0,633.0
1719326905.6469839,0.0,633.0
1719326905.8067951,0.0,633.0
1719326905.942709,0.0,633.0
1719326906.0775516,0.0,633.0
1719326906.2175465,0.0,633.0
1719326906.3535285,0.0,633.0
1719326906.483876,0.0,633.0
1719326906.6166236,0.0,633.0
1719326906.7520711,0.0,633.0
1719326906.8866394,0.0,633.0
1719326907.01841,0.0,633.0
1719326907.1689012,0.0,633.0
1719326907.3338459,0.0,633.0
1719326907.488741,0.0,633.0
1719326907.6336756,0.0,633.0
1719326907.7925565,0.0,633.0
1719326907.941659,0.0,633.0
1719326908.0950732,0.0,633.0
1719326908.253345,0.0,633.0
1719326908.4029353,0.0,633.0
1719326908.5550172,0.0,633.0
1719326908.7063847,0.0,633.0
1719326908.8680656,0.0,633.0
1719326909.050986,0.0,633.0
1719326909.2100255,0.0,633.0
1719326909.355327,0.0,633.0
1719326909.554799,0.0,633.0
1719326909.7451434,0.0,633.0
1719326909.940612,0.0,633.0
1719326910.0904803,0.0,633.0
1719326910.2833314,0.0,633.0
1719326910.4739459,0.0,633.0
1719326910.6463475,0.0,633.0
1719326910.8078895,0.0,633.0
1719326910.946201,0.0,633.0
1719326911.0845056,0.0,633.0
1719326911.22274,0.0,633.0
1719326911.3561084,0.0,633.0
1719326911.4841104,0.0,633.0
1719326911.6129982,0.0,633.0
1719326911.7481306,0.0,633.0
1719326911.8826358,0.0,633.0
1719326912.0172029,0.0,633.0
1719326912.192132,0.0,633.0
1719326912.3677294,0.0,633.0
1719326912.5166798,0.0,633.0
1719326912.6673338,0.0,633.0
1719326912.8379958,0.0,633.0
1719326912.9896898,0.0,633.0
1719326913.1545863,0.0,633.0
1719326913.3131764,0.0,633.0
1719326913.4617634,0.0,633.0
1719326913.6078506,0.0,633.0
1719326913.762002,0.0,633.0
1719326913.9201865,0.0,633.0
1719326914.0797584,0.0,633.0
1719326914.2448454,0.0,633.0
1719326914.4484735,0.0,633.0
1719326914.6147494,0.0,633.0
1719326914.8067377,0.0,633.0
1719326914.9599898,0.0,633.0
1719326915.1465135,0.0,633.0
1719326915.332966,0.0,633.0
1719326915.5132236,0.0,633.0
1719326915.6756454,0.0,633.0
1719326915.815751,0.0,633.0
1719326915.9493046,0.0,633.0
1719326916.0846531,0.0,633.0
1719326916.2193701,0.0,633.0
1719326916.350964,0.0,633.0
1719326916.4836204,0.0,633.0
1719326916.6194026,0.0,633.0
1719326916.7543678,0.0,633.0
1719326916.8898284,0.0,633.0
1719326917.0367754,0.0,633.0
1719326917.1947136,0.0,633.0
1719326917.3419933,0.0,633.0
1719326917.5238152,0.0,633.0
1719326917.6770408,0.0,633.0
1719326917.8545647,0.0,633.0
1719326917.9996564,0.0,633.0
1719326918.1423922,0.0,633.0
1719326918.2863748,0.0,633.0
1719326918.4471915,0.0,633.0
1719326918.6055841,0.0,633.0
1719326918.7634878,0.0,633.0
1719326918.9240074,0.0,633.0
1719326919.0871716,0.0,633.0
1719326919.2741423,0.0,633.0
1719326919.4746034,0.0,633.0
1719326919.626667,0.0,633.0
1719326919.822481,0.0,633.0
1719326920.024134,0.0,633.0
1719326920.1801238,0.0,633.0
1719326920.3230562,0.0,633.0
1719326920.4789965,0.0,633.0
1719326920.636991,0.0,633.0
1719326920.7758,0.0,633.0
1719326920.9103072,0.0,633.0
1719326921.0444841,0.0,633.0
1719326921.178979,0.0,633.0
1719326921.308791,0.0,633.0
1719326921.4458458,0.0,633.0
1719326921.5810523,0.0,633.0
1719326921.7182322,0.0,633.0
1719326921.8867106,0.0,633.0
1719326922.0456793,0.0,633.0
1719326922.1969948,0.0,633.0
1719326922.3931706,0.0,633.0
1719326922.5558453,0.0,633.0
1719326922.7282863,0.0,633.0
1719326922.8756278,0.0,633.0
1719326923.0478523,0.0,633.0
1719326923.1908894,0.0,633.0
1719326923.3455858,0.0,633.0
1719326923.4971128,0.0,633.0
1719326923.6515484,0.0,633.0
1719326923.82627,0.0,633.0
1719326923.974206,0.0,633.0
1719326924.1125264,0.0,633.0
1719326924.3144696,0.0,633.0
1719326924.520907,0.0,633.0
1719326924.7226357,0.0,633.0
1719326924.8819733,0.0,633.0
1719326925.0858188,0.0,633.0
1719326925.2570908,0.0,633.0
1719326925.4129992,0.0,633.0
1719326925.570312,0.0,633.0
1719326925.7296112,0.0,633.0
1719326925.8650107,0.0,633.0
1719326926.0012681,0.0,633.0
1719326926.1377747,0.0,633.0
1719326926.271328,0.0,633.0
1719326926.404691,0.0,633.0
1719326926.5401602,0.0,633.0
1719326926.6745439,0.0,633.0
1719326926.8083482,0.0,633.0
1719326926.95431,0.0,633.0
1719326927.1087413,0.0,633.0
1719326927.2681653,0.0,633.0
1719326927.4231124,0.0,633.0
1719326927.6049807,0.0,633.0
1719326927.7647693,0.0,633.0
1719326927.908674,0.0,633.0
1719326928.0716438,0.0,633.0
1719326928.2100246,0.0,633.0
1719326928.3564806,0.0,633.0
1719326928.518682,0.0,633.0
1719326928.672707,0.0,633.0
1719326928.8266764,0.0,633.0
1719326929.0056493,0.0,633.0
1719326929.1906176,0.0,633.0
1719326929.3964837,0.0,633.0
1719326929.5475006,0.0,633.0
1719326929.7388535,0.0,633.0
1719326929.9216278,0.0,633.0
1719326930.1013799,0.0,633.0
1719326930.2478468,0.0,633.0
1719326930.4189699,0.0,633.0
1719326930.579741,0.0,633.0
1719326930.7195559,0.0,633.0
1719326930.8528113,0.0,633.0
1719326930.9874334,0.0,633.0
1719326931.1218808,0.0,633.0
1719326931.2535245,0.0,633.0
1719326931.3881812,0.0,633.0
1719326931.5233333,0.0,633.0
1719326931.6607678,0.0,633.0
1719326931.8229845,0.0,633.0
1719326931.985115,0.0,633.0
1719326932.1398463,0.0,633.0
1719326932.3070312,0.0,633.0
1719326932.4726655,0.0,633.0
1719326932.67003,0.0,633.0
1719326932.8088515,0.0,633.0
1719326932.9555829,0.0,633.0
1719326933.1007893,0.0,633.0
1719326933.262717,0.0,633.0
1719326933.419554,0.0,633.0
1719326933.5752888,0.0,633.0
1719326933.7435398,0.0,633.0
1719326933.9013667,0.0,633.0
1719326934.099577,0.0,633.0
1719326934.3036482,0.0,633.0
1719326934.4832258,0.0,633.0
1719326934.681655,0.0,633.0
1719326934.8883395,0.0,633.0
1719326935.0318272,0.0,633.0
1719326935.1704793,0.0,633.0
1719326935.3394825,0.0,633.0
1719326935.4842389,0.0,633.0
1719326935.6296895,0.0,633.0
1719326935.763669,0.0,633.0
1719326935.8988092,0.0,633.0
1719326936.0340729,0.0,633.0
1719326936.165503,0.0,633.0
1719326936.3024812,0.0,633.0
1719326936.444657,0.0,633.0
1719326936.585297,0.0,633.0
1719326936.726933,0.0,633.0
1719326936.8916993,0.0,633.0
1719326937.0609183,0.0,633.0
1719326937.20893,0.0,633.0
1719326937.3744621,0.0,633.0
1719326937.538965,0.0,633.0
1719326937.7013824,0.0,633.0
1719326937.8588996,0.0,633.0
1719326938.0073943,0.0,633.0
1719326938.158142,0.0,633.0
1719326938.30131,0.0,633.0
1719326938.464729,0.0,633.0
1719326938.6189632,0.0,633.0
1719326938.7806702,0.0,633.0
1719326938.938462,0.0,633.0
1719326939.1358817,0.0,633.0
1719326939.3019013,0.0,633.0
1719326939.4865265,0.0,633.0
1719326939.6362414,0.0,633.0
1719326939.825445,0.0,633.0
1719326939.9917283,0.0,633.0
1719326940.1618447,0.0,633.0
1719326940.3168845,0.0,633.0
1719326940.4698305,0.0,633.0
1719326940.6030939,0.0,633.0
1719326940.7409985,0.0,633.0
1719326940.874965,0.0,633.0
1719326941.006245,0.0,633.0
1719326941.1355143,0.0,633.0
1719326941.2725692,0.0,633.0
1719326941.4067643,0.0,633.0
1719326941.54402,0.0,633.0
1719326941.7274168,0.0,633.0
1719326941.8825672,0.0,633.0
1719326942.049731,0.0,633.0
1719326942.2138565,0.0,633.0
1719326942.3801868,0.0,633.0
1719326942.530788,0.0,633.0
1719326942.694387,0.0,633.0
1719326942.8392358,0.0,633.0
1719326943.0008597,0.0,633.0
1719326943.1758451,0.0,633.0
1719326943.3339632,0.0,633.0
1719326943.495007,0.0,633.0
1719326943.6520865,0.0,633.0
1719326943.8459387,0.0,633.0
1719326944.0520673,0.0,633.0
1719326944.2435374,0.0,633.0
1719326944.4420428,0.0,633.0
1719326944.622946,0.0,633.0
1719326944.7644496,0.0,633.0
1719326944.8979151,0.0,633.0
1719326945.0616574,0.0,633.0
1719326945.2128212,0.0,633.0
1719326945.3543563,0.0,633.0
1719326945.489822,0.0,633.0
1719326945.630963,0.0,633.0
1719326945.7679906,0.0,633.0
1719326945.898929,0.0,633.0
1719326946.0310128,0.0,633.0
1719326946.1653569,0.0,633.0
1719326946.2984385,0.0,633.0
1719326946.4312842,0.0,633.0
1719326946.5756552,0.0,633.0
1719326946.746067,0.0,633.0
1719326946.922461,0.0,633.0
1719326947.0680623,0.0,633.0
1719326947.2219584,0.0,633.0
1719326947.3888502,0.0,633.0
1719326947.5254786,0.0,633.0
1719326947.6818316,0.0,633.0
1719326947.835174,0.0,633.0
1719326947.9931643,0.0,633.0
1719326948.142686,0.0,633.0
1719326948.2997897,0.0,633.0
1719326948.451739,0.0,633.0
1719326948.622802,0.0,633.0
1719326948.759646,0.0,633.0
1719326948.9607496,0.0,633.0
1719326949.1646247,0.0,633.0
1719326949.3549607,0.0,633.0
1719326949.5300148,0.0,633.0
1719326949.7161195,0.0,633.0
1719326949.8986056,0.0,633.0
1719326950.043134,0.0,633.0
1719326950.2028806,0.0,633.0
1719326950.3509452,0.0,633.0
1719326950.4872468,0.0,633.0
1719326950.6273618,0.0,633.0
1719326950.7602332,0.0,633.0
1719326950.893465,0.0,633.0
1719326951.0275269,0.0,633.0
1719326951.162321,0.0,633.0
1719326951.303638,0.0,633.0
1719326951.4563344,0.0,633.0
1719326951.620836,0.0,633.0
1719326951.7673123,0.0,633.0
1719326951.919026,0.0,633.0
1719326952.1511447,0.0,633.0
1719326952.315403,0.0,633.0
1719326952.4602604,0.0,633.0
1719326952.6398416,0.0,633.0
1719326952.8071709,0.0,633.0
1719326952.9691906,0.0,633.0
1719326953.117138,0.0,633.0
1719326953.287641,0.0,633.0
1719326953.4331179,0.0,633.0
1719326953.57596,0.0,633.0
1719326953.7889023,0.0,633.0
1719326953.9714465,0.0,633.0
1719326954.1721647,0.0,633.0
1719326954.3261395,0.0,633.0
1719326954.523992,0.0,633.0
1719326954.6845746,0.0,633.0
1719326954.8268852,0.0,633.0
1719326954.9915373,0.0,633.0
1719326955.1603804,0.0,633.0
1719326955.296383,0.0,633.0
1719326955.4336488,0.0,633.0
1719326955.5709212,0.0,633.0
1719326955.7071927,0.0,633.0
1719326955.8403735,0.0,633.0
1719326955.9746065,0.0,633.0
1719326956.1090305,0.0,633.0
1719326956.2424877,0.0,633.0
1719326956.3818338,0.0,633.0
1719326956.5804143,0.0,633.0
1719326956.7774525,0.0,633.0
1719326956.9381533,0.0,633.0
1719326957.0868905,0.0,633.0
1719326957.2499225,0.0,633.0
1719326957.3933575,0.0,633.0
1719326957.5502079,0.0,633.0
1719326957.6981134,0.0,633.0
1719326957.8477485,0.0,633.0
1719326958.0096197,0.0,633.0
1719326958.1534748,0.0,633.0
1719326958.3166866,0.0,633.0
1719326958.4682608,0.0,633.0
1719326958.6277385,0.0,633.0
1719326958.818811,0.0,633.0
1719326958.9934418,0.0,633.0
1719326959.1879501,0.0,633.0
1719326959.3380778,0.0,633.0
1719326959.5255241,0.0,633.0
1719326959.6826684,0.0,633.0
1719326959.8271382,0.0,633.0
1719326959.9940176,0.0,633.0
1719326960.1544604,0.0,633.0
1719326960.2897983,0.0,633.0
1719326960.4261088,0.0,633.0
1719326960.5610545,0.0,633.0
1719326960.692885,0.0,633.0
1719326960.8245273,0.0,633.0
1719326960.959819,0.0,633.0
1719326961.095825,0.0,633.0
1719326961.2374473,0.0,633.0
1719326961.3969872,0.0,633.0
1719326961.5712097,0.0,633.0
1719326961.71841,0.0,633.0
1719326961.8793452,0.0,633.0
1719326962.0362177,0.0,633.0
1719326962.1966572,0.0,633.0
1719326962.353799,0.0,633.0
1719326962.4996543,0.0,633.0
1719326962.6541579,0.0,633.0
1719326962.8064847,0.0,633.0
1719326962.97214,0.0,633.0
1719326963.1266537,0.0,633.0
1719326963.275823,0.0,633.0
1719326963.41914,0.0,633.0
1719326963.6193268,0.0,633.0
1719326963.824775,0.0,633.0
1719326964.032397,0.0,633.0
1719326964.2048876,0.0,633.0
1719326964.4061453,0.0,633.0
1719326964.559031,0.0,633.0
1719326964.712209,0.0,633.0
1719326964.8757486,0.0,633.0
1719326965.0365212,0.0,633.0
1719326965.1713367,0.0,633.0
1719326965.3073027,0.0,633.0
1719326965.4446151,0.0,633.0
1719326965.5779126,0.0,633.0
1719326965.711224,0.0,633.0
1719326965.8476472,0.0,633.0
1719326965.9859285,0.0,633.0
1719326966.123112,0.0,633.0
1719326966.2671382,0.0,633.0
1719326966.435163,0.0,633.0
1719326966.632099,0.0,633.0
1719326966.83,0.0,633.0
1719326967.0404556,0.0,633.0
1719326967.177786,0.0,633.0
1719326967.3442729,0.0,633.0
1719326967.4902008,0.0,633.0
1719326967.6425815,0.0,633.0
1719326967.8091078,0.0,633.0
1719326967.9694915,0.0,633.0
1719326968.1332536,0.0,633.0
1719326968.2798262,0.0,633.0
1719326968.4315856,0.0,633.0
1719326968.627768,0.0,633.0
1719326968.7927146,0.0,633.0
1719326968.9943275,0.0,633.0
1719326969.1353567,0.0,633.0
1719326969.3275585,0.0,633.0
1719326969.4891503,0.0,633.0
1719326969.6500814,0.0,633.0
1719326969.800474,0.0,633.0
1719326969.956488,0.0,633.0
1719326970.0964494,0.0,633.0
1719326970.2325494,0.0,633.0
1719326970.365253,0.0,633.0
1719326970.499476,0.0,633.0
1719326970.6368778,0.0,633.0
1719326970.7738442,0.0,633.0
1719326970.91016,0.0,633.0
1719326971.07122,0.0,633.0
1719326971.2209635,0.0,633.0
1719326971.3702297,0.0,633.0
1719326971.540681,0.0,633.0
1719326971.7067943,0.0,633.0
1719326971.8616488,0.0,633.0
1719326972.0081823,0.0,633.0
1719326972.1608806,0.0,633.0
1719326972.3118377,0.0,633.0
1719326972.4739883,0.0,633.0
1719326972.642655,0.0,633.0
1719326972.8066347,0.0,633.0
1719326972.9603207,0.0,633.0
1719326973.1033385,0.0,633.0
1719326973.295118,0.0,633.0
1719326973.5063262,0.0,633.0
1719326973.711556,0.0,633.0
1719326973.9055157,0.0,633.0
1719326974.112357,0.0,633.0
1719326974.277378,0.0,633.0
1719326974.4194257,0.0,633.0
1719326974.5759678,0.0,633.0
1719326974.7368796,0.0,633.0
1719326974.8803198,0.0,633.0
1719326975.0189106,0.0,633.0
1719326975.1542242,0.0,633.0
1719326975.2886577,0.0,633.0
1719326975.4206033,0.0,633.0
1719326975.5563178,0.0,633.0
1719326975.6920762,0.0,633.0
1719326975.8250859,0.0,633.0
1719326975.990925,0.0,633.0
1719326976.1505253,0.0,633.0
1719326976.3051653,0.0,633.0
1719326976.4658763,0.0,633.0
1719326976.6231585,0.0,633.0
1719326976.7692423,0.0,633.0
1719326976.9149578,0.0,633.0
1719326977.0574498,0.0,633.0
1719326977.1984496,0.0,633.0
1719326977.3414097,0.0,633.0
1719326977.507846,0.0,633.0
1719326977.661726,0.0,633.0
1719326977.832414,0.0,633.0
1719326977.98938,0.0,633.0
1719326978.171696,0.0,633.0
1719326978.3705325,0.0,633.0
1719326978.5095305,0.0,633.0
1719326978.7185383,0.0,633.0
1719326978.8845716,0.0,633.0
1719326979.0811276,0.0,633.0
1719326979.2213423,0.0,633.0
1719326979.3764331,0.0,633.0
1719326979.5339904,0.0,633.0
1719326979.676498,0.0,633.0
1719326979.813017,0.0,633.0
1719326979.94782,0.0,633.0
1719326980.0836096,0.0,633.0
1719326980.2140858,0.0,633.0
1719326980.3458717,0.0,633.0
1719326980.4816375,0.0,633.0
1719326980.617471,0.0,633.0
1719326980.755169,0.0,633.0
1719326980.9164157,0.0,633.0
1719326981.0816166,0.0,633.0
1719326981.2267876,0.0,633.0
1719326981.3902597,0.0,633.0
1719326981.56285,0.0,633.0
1719326981.7223043,0.0,633.0
1719326981.8647997,0.0,633.0
1719326982.0244977,0.0,633.0
1719326982.1713204,0.0,633.0
1719326982.3284395,0.0,633.0
1719326982.495369,0.0,633.0
1719326982.646567,0.0,633.0
1719326982.8071437,0.0,633.0
1719326982.947829,0.0,633.0
1719326983.1513777,0.0,633.0
1719326983.3523972,0.0,633.0
1719326983.5642047,0.0,633.0
1719326983.7424204,0.0,633.0
1719326983.926262,0.0,633.0
1719326984.0938492,0.0,633.0
1719326984.2560625,0.0,633.0
1719326984.4289954,0.0,633.0
1719326984.5774903,0.0,633.0
1719326984.7131386,0.0,633.0
1719326984.850459,0.0,633.0
1719326984.987905,0.0,633.0
1719326985.1189854,0.0,633.0
1719326985.2519593,0.0,633.0
1719326985.3860476,0.0,633.0
1719326985.5219913,0.0,633.0
1719326985.6584144,0.0,633.0
1719326985.7943573,0.0,633.0
1719326985.9679995,0.0,633.0
1719326986.1411092,0.0,633.0
1719326986.3033729,0.0,633.0
1719326986.4659045,0.0,633.0
1719326986.6391838,0.0,633.0
1719326986.7792764,0.0,633.0
1719326986.9312644,0.0,633.0
1719326987.0817907,0.0,633.0
1719326987.225295,0.0,633.0
1719326987.3747528,0.0,633.0
1719326987.530186,0.0,633.0
1719326987.6917095,0.0,633.0
1719326987.8535156,0.0,633.0
1719326987.9970758,0.0,633.0
1719326988.1954222,0.0,633.0
1719326988.4125674,0.0,633.0
1719326988.6059806,0.0,633.0
1719326988.792657,0.0,633.0
1719326988.9828377,0.0,633.0
1719326989.147851,0.0,633.0
1719326989.2907119,0.0,633.0
1719326989.4490883,0.0,633.0
1719326989.590341,0.0,633.0
1719326989.728438,0.0,633.0
1719326989.8618517,0.0,633.0
1719326989.99765,0.0,633.0
1719326990.1328723,0.0,633.0
1719326990.2670858,0.0,633.0
1719326990.4042659,0.0,633.0
1719326990.5376136,0.0,633.0
1719326990.6853597,0.0,633.0
1719326990.8476317,0.0,633.0
1719326991.0021358,0.0,633.0
1719326991.148958,0.0,633.0
1719326991.3131661,0.0,633.0
1719326991.4780343,0.0,633.0
1719326991.619413,0.0,633.0
1719326991.772658,0.0,633.0
1719326991.927654,0.0,633.0
1719326992.0787427,0.0,633.0
1719326992.245948,0.0,633.0
1719326992.3850195,0.0,633.0
1719326992.5422392,0.0,633.0
1719326992.7052393,0.0,633.0
1719326992.8487935,0.0,633.0
1719326993.074751,0.0,633.0
1719326993.2476697,0.0,633.0
1719326993.43829,0.0,633.0
1719326993.5952287,0.0,633.0
1719326993.808294,0.0,633.0
1719326993.9630806,0.0,633.0
1719326994.120336,0.0,633.0
1719326994.2761533,0.0,633.0
1719326994.4216995,0.0,633.0
1719326994.5557654,0.0,633.0
1719326994.6914272,0.0,633.0
1719326994.8272803,0.0,633.0
1719326994.9589508,0.0,633.0
1719326995.0930893,0.0,633.0
1719326995.2308896,0.0,633.0
1719326995.3641343,0.0,633.0
1719326995.4970078,0.0,633.0
1719326995.6635616,0.0,633.0
1719326995.8210452,0.0,633.0
1719326995.9768903,0.0,633.0
1719326996.145745,0.0,633.0
1719326996.3062606,0.0,633.0
1719326996.4834445,0.0,633.0
1719326996.6197639,0.0,633.0
1719326996.7692497,0.0,633.0
1719326996.906586,0.0,633.0
1719326997.065397,0.0,633.0
1719326997.2381463,0.0,633.0
1719326997.3921537,0.0,633.0
1719326997.5563138,0.0,633.0
1719326997.7023358,0.0,633.0
1719326997.8949738,0.0,633.0
1719326998.101543,0.0,633.0
1719326998.3081195,0.0,633.0
1719326998.5158298,0.0,633.0
1719326998.7046309,0.0,633.0
1719326998.8898087,0.0,633.0
1719326999.0442557,0.0,633.0
1719326999.244099,0.0,633.0
1719326999.3817937,0.0,633.0
1719326999.5179882,0.0,633.0
1719326999.6534004,0.0,633.0
1719326999.7868822,0.0,633.0
1719326999.9200056,0.0,633.0
1719327000.0556223,0.0,633.0
1719327000.194206,0.0,633.0
1719327000.336994,0.0,633.0
1719327000.509421,0.0,633.0
1719327000.66385,0.0,633.0
1719327000.8163466,0.0,633.0
1719327000.978378,0.0,633.0
1719327001.1339135,0.0,633.0
1719327001.2748158,0.0,633.0
1719327001.4256852,0.0,633.0
1719327001.5700324,0.0,633.0
1719327001.715278,0.0,633.0
1719327001.8721254,0.0,633.0
1719327002.031221,0.0,633.0
1719327002.2026517,0.0,633.0
1719327002.364674,0.0,633.0
1719327002.512759,0.0,633.0
1719327002.6970837,0.0,633.0
1719327002.8856661,0.0,633.0
1719327003.0884762,0.0,633.0
1719327003.2886095,0.0,633.0
1719327003.473273,0.0,633.0
1719327003.6434753,0.0,633.0
1719327003.7947376,0.0,633.0
1719327003.9508724,0.0,633.0
1719327004.0967345,0.0,633.0
1719327004.2349372,0.0,633.0
1719327004.373667,0.0,633.0
1719327004.5137498,0.0,633.0
1719327004.6512728,0.0,633.0
1719327004.7847483,0.0,633.0
1719327004.9211223,0.0,633.0
1719327005.056906,0.0,633.0
1719327005.191339,0.0,633.0
1719327005.325579,0.0,633.0
1719327005.4886575,0.0,633.0
1719327005.6527784,0.0,633.0
1719327005.8143117,0.0,633.0
1719327005.9854677,0.0,633.0
1719327006.1404898,0.0,633.0
1719327006.2992387,0.0,633.0
1719327006.4408612,0.0,633.0
1719327006.5999696,0.0,633.0
1719327006.7358537,0.0,633.0
1719327006.9021587,0.0,633.0
1719327007.04783,0.0,633.0
1719327007.1938837,0.0,633.0
1719327007.3442588,0.0,633.0
1719327007.4989207,0.0,633.0
1719327007.692529,0.0,633.0
1719327007.8926513,0.0,633.0
1719327008.0403109,0.0,633.0
1719327008.2456555,0.0,633.0
1719327008.444398,0.0,633.0
1719327008.6103034,0.0,633.0
1719327008.7596347,0.0,633.0
1719327008.9254994,0.0,633.0
1719327009.0764537,0.0,633.0
1719327009.2153482,0.0,633.0
1719327009.3500962,0.0,633.0
1719327009.4848256,0.0,633.0
1719327009.6182766,0.0,633.0
1719327009.7555535,0.0,633.0
1719327009.8918457,0.0,633.0
1719327010.0271094,0.0,633.0
1719327010.1634967,0.0,633.0
1719327010.3254073,0.0,633.0
1719327010.4918466,0.0,633.0
1719327010.6613507,0.0,633.0
1719327010.8278532,0.0,633.0
1719327010.9878378,0.0,633.0
1719327011.1534886,0.0,633.0
1719327011.308161,0.0,633.0
1719327011.470112,0.0,633.0
1719327011.6221154,0.0,633.0
1719327011.7668104,0.0,633.0
1719327011.9389417,0.0,633.0
1719327012.1156402,0.0,633.0
1719327012.2722466,0.0,633.0
1719327012.4172878,0.0,633.0
1719327012.599152,0.0,633.0
1719327012.8009317,0.0,633.0
1719327013.0172365,0.0,633.0
1719327013.1636374,0.0,633.0
1719327013.37051,0.0,633.0
1719327013.5218697,0.0,633.0
1719327013.689115,0.0,633.0
1719327013.844841,0.0,633.0
1719327013.990296,0.0,633.0
1719327014.1282365,0.0,633.0
1719327014.2664523,0.0,633.0
1719327014.405169,0.0,633.0
1719327014.5365596,0.0,633.0
1719327014.6715891,0.0,633.0
1719327014.8123605,0.0,633.0
1719327014.9543972,0.0,633.0
1719327015.0960655,0.0,633.0
1719327015.2488687,0.0,633.0
1719327015.4059577,0.0,633.0
1719327015.571458,0.0,633.0
1719327015.7440577,0.0,633.0
1719327015.9030728,0.0,633.0
1719327016.0829878,0.0,633.0
1719327016.224222,0.0,633.0
1719327016.3665035,0.0,633.0
1719327016.5103528,0.0,633.0
1719327016.6615045,0.0,633.0
1719327016.824097,0.0,633.0
1719327016.9885442,0.0,633.0
1719327017.1425571,0.0,633.0
1719327017.311076,0.0,633.0
1719327017.549564,2.0,2465.0
1719327017.7714658,8.0,7715.0
1719327017.9890263,80.0,30409.0
1719327018.182227,69.0,30409.0
1719327018.3866396,54.0,32723.0
1719327018.5702746,54.0,49629.0
1719327018.7315922,88.0,49629.0
1719327018.9379585,98.0,49633.0
1719327019.0929186,98.0,49641.0
1719327019.2373533,79.0,49645.0
1719327019.3848004,1.0,49645.0
1719327019.5328994,1.0,49645.0
1719327019.676971,0.0,49645.0
1719327019.8220408,0.0,49645.0
1719327019.9681022,0.0,49645.0
1719327020.1368113,0.0,49645.0
1719327020.3151464,0.0,49645.0
1719327020.4798946,0.0,49645.0
1719327020.6682034,0.0,49645.0
1719327020.8503988,0.0,49645.0
1719327021.0054982,0.0,49645.0
1719327021.176254,0.0,49645.0
1719327021.345683,0.0,49645.0
1719327021.5271475,0.0,49645.0
1719327021.702309,0.0,49645.0
1719327021.926529,0.0,49645.0
1719327022.1629293,0.0,49645.0
1719327022.334337,0.0,49645.0
1719327022.5508468,0.0,49645.0
1719327022.7128122,0.0,49645.0
1719327022.910749,0.0,49645.0
1719327023.1013768,0.0,49645.0
1719327023.252302,0.0,49645.0
1719327023.4242089,0.0,49645.0
1719327023.5832713,0.0,49645.0
1719327023.734247,0.0,49645.0
1719327023.880319,0.0,49645.0
1719327024.0270858,0.0,49645.0
1719327024.1724923,0.0,49645.0
1719327024.313335,0.0,49645.0
1719327024.4556303,0.0,49645.0
1719327024.602898,0.0,49645.0
1719327024.7461195,0.0,49645.0
1719327024.8948114,0.0,49645.0
1719327025.0821433,0.0,49645.0
1719327025.24966,0.0,49645.0
1719327025.438058,0.0,49645.0
1719327025.6096098,0.0,49645.0
1719327025.7980123,0.0,49645.0
1719327025.9632328,0.0,49645.0
1719327026.1443377,0.0,49645.0
1719327026.3187358,0.0,49645.0
1719327026.4809582,0.0,49645.0
1719327026.6454592,0.0,49645.0
1719327026.8153288,0.0,49645.0
1719327026.9893258,0.0,49645.0
1719327027.1475716,0.0,49645.0
1719327027.3633776,0.0,49645.0
1719327027.5343194,0.0,49645.0
1719327027.7488444,0.0,49645.0
1719327027.9581752,0.0,49645.0
1719327028.133831,0.0,49645.0
1719327028.30261,0.0,49645.0
1719327028.493432,0.0,49645.0
1719327028.6633005,0.0,49645.0
1719327028.8084903,0.0,49645.0
1719327028.9537253,0.0,49645.0
1719327029.098596,0.0,49645.0
1719327029.242997,0.0,49645.0
1719327029.3913038,0.0,49645.0
1719327029.5400834,0.0,49645.0
1719327029.7456765,0.0,49645.0
1719327029.913809,0.0,49645.0
1719327030.0766468,0.0,49645.0
1719327030.2434342,0.0,49645.0
1719327030.4208367,0.0,49645.0
1719327030.6060326,0.0,49645.0
1719327030.7909598,0.0,49645.0
1719327030.950591,0.0,49645.0
1719327031.1216922,0.0,49645.0
1719327031.2928972,0.0,49645.0
1719327031.481376,0.0,49645.0
1719327031.6557431,0.0,49645.0
1719327031.810147,0.0,49645.0
1719327032.0624783,0.0,49645.0
1719327032.273535,0.0,49645.0
1719327032.4784396,0.0,49645.0
1719327032.6471574,0.0,49645.0
1719327032.8503633,0.0,49645.0
1719327032.9986348,0.0,49645.0
1719327033.1681955,0.0,49645.0
1719327033.3381727,0.0,49645.0
1719327033.491385,0.0,49645.0
1719327033.6392567,0.0,49645.0
1719327033.78593,0.0,49645.0
1719327033.9329264,0.0,49645.0
1719327034.0759277,0.0,49645.0
1719327034.2206738,0.0,49645.0
1719327034.3664196,0.0,49645.0
1719327034.5141346,0.0,49645.0
1719327034.6941817,0.0,49645.0
1719327034.8877666,0.0,49645.0
1719327035.0843477,0.0,49645.0
1719327035.29757,0.0,49645.0
1719327035.4794912,0.0,49645.0
1719327035.6313374,0.0,49645.0
1719327035.7883482,0.0,49645.0
1719327035.9427586,0.0,49645.0
1719327036.1010585,0.0,49645.0
1719327036.2827632,0.0,49645.0
1719327036.4449127,0.0,49645.0
1719327036.6187415,0.0,49645.0
1719327036.776968,0.0,49645.0
1719327037.0112078,0.0,49645.0
1719327037.2301195,0.0,49645.0
1719327037.4611146,0.0,49645.0
1719327037.649109,0.0,49645.0
1719327037.833299,0.0,49645.0
1719327037.9988484,0.0,49645.0
1719327038.1804445,0.0,49645.0
1719327038.3574662,0.0,49645.0
1719327038.5148053,0.0,49645.0
1719327038.7108505,0.0,49645.0
1719327038.8591938,0.0,49645.0
1719327039.0076442,0.0,49645.0
1719327039.1675797,0.0,49645.0
1719327039.323476,0.0,49645.0
1719327039.5023367,0.0,49645.0
1719327039.683743,0.0,49645.0
1719327039.844304,0.0,49645.0
1719327040.0173833,0.0,49645.0
1719327040.1784122,0.0,49645.0
1719327040.3613296,0.0,49645.0
1719327040.531263,0.0,49645.0
1719327040.7142563,0.0,49645.0
1719327040.8736823,0.0,49645.0
1719327041.0622146,0.0,49645.0
1719327041.2302208,0.0,49645.0
1719327041.4152598,0.0,49645.0
1719327041.58914,0.0,49645.0
1719327041.83966,0.0,49645.0
1719327042.0194373,0.0,49645.0
1719327042.2401927,0.0,49645.0
1719327042.449229,0.0,49645.0
1719327042.6200337,0.0,49645.0
1719327042.7850153,0.0,49645.0
1719327042.9634154,0.0,49645.0
1719327043.1473382,0.0,49645.0
1719327043.2921062,0.0,49645.0
1719327043.4392118,0.0,49645.0
1719327043.5860915,0.0,49645.0
1719327043.7296672,0.0,49645.0
1719327043.87323,0.0,49645.0
1719327044.0211828,0.0,49645.0
1719327044.167731,0.0,49645.0
1719327044.322345,0.0,49645.0
1719327044.5182252,0.0,49645.0
1719327044.7035449,0.0,49645.0
1719327044.8813264,0.0,49645.0
1719327045.0574257,0.0,49645.0
1719327045.2187805,0.0,49645.0
1719327045.3838181,0.0,49645.0
1719327045.5508103,0.0,49645.0
1719327045.7151513,0.0,49645.0
1719327045.8755515,0.0,49645.0
1719327046.0506127,0.0,49645.0
1719327046.2061827,0.0,49645.0
1719327046.3814194,0.0,49645.0
1719327046.551371,0.0,49645.0
1719327046.7150452,0.0,49645.0
1719327046.9609776,0.0,49645.0
1719327047.1471245,0.0,49645.0
1719327047.3863237,0.0,49645.0
1719327047.6041582,0.0,49645.0
1719327047.797231,0.0,49645.0
1719327047.9519682,0.0,49645.0
1719327048.1261165,0.0,49645.0
1719327048.2926733,0.0,49645.0
1719327048.4385989,0.0,49645.0
1719327048.5829449,0.0,49645.0
1719327048.7246523,0.0,49645.0
1719327048.865773,0.0,49645.0
1719327049.0113692,0.0,49645.0
1719327049.1547666,0.0,49645.0
1719327049.3226247,0.0,49645.0
1719327049.497789,0.0,49645.0
1719327049.6914473,0.0,49645.0
1719327049.8793776,0.0,49645.0
1719327050.0430248,0.0,49645.0
1719327050.234158,0.0,49645.0
1719327050.4095523,0.0,49645.0
1719327050.583358,0.0,49645.0
1719327050.7562706,0.0,49645.0
1719327050.9389572,0.0,49645.0
1719327051.0978541,0.0,49645.0
1719327051.2838469,0.0,49645.0
1719327051.4382775,0.0,49645.0
1719327051.6651635,0.0,49645.0
1719327051.876947,0.0,49645.0
1719327052.0935843,0.0,49645.0
1719327052.281309,0.0,49645.0
1719327052.4744904,0.0,49645.0
1719327052.6311107,0.0,49645.0
1719327052.8059485,0.0,49645.0
1719327052.964384,0.0,49645.0
1719327053.1133616,0.0,49645.0
1719327053.2556162,0.0,49645.0
1719327053.4049058,0.0,49645.0
1719327053.5500238,0.0,49645.0
1719327053.694796,0.0,49645.0
1719327053.8385751,0.0,49645.0
1719327053.9859235,0.0,49645.0
1719327054.1434746,0.0,49645.0
1719327054.332014,0.0,49645.0
1719327054.5093102,0.0,49645.0
1719327054.6806839,0.0,49645.0
1719327054.8473477,0.0,49645.0
1719327055.0184708,0.0,49645.0
1719327055.186813,0.0,49645.0
1719327055.4095037,0.0,49645.0
1719327055.5670848,0.0,49645.0
1719327055.7392929,0.0,49645.0
1719327055.9142532,0.0,49645.0
1719327056.087162,0.0,49645.0
1719327056.2590766,0.0,49645.0
1719327056.4218738,0.0,49645.0
1719327056.6473014,0.0,49645.0
1719327056.8455174,0.0,49645.0
1719327057.0816684,0.0,49645.0
1719327057.2890465,0.0,49645.0
1719327057.4561672,0.0,49645.0
1719327057.6076713,0.0,49645.0
1719327057.7890105,0.0,49645.0
1719327057.9407067,0.0,49645.0
1719327058.0964582,0.0,49645.0
1719327058.241633,0.0,49645.0
1719327058.3891664,0.0,49645.0
1719327058.533271,0.0,49645.0
1719327058.6750524,0.0,49645.0
1719327058.8225589,0.0,49645.0
1719327058.9667501,0.0,49645.0
1719327059.1122315,0.0,49645.0
1719327059.3124964,0.0,49645.0
1719327059.4991505,0.0,49645.0
1719327059.6791637,0.0,49645.0
1719327059.8571808,0.0,49645.0
1719327060.0532563,0.0,49645.0
1719327060.2138224,0.0,49645.0
1719327060.3942428,0.0,49645.0
1719327060.5514257,0.0,49645.0
1719327060.706127,0.0,49645.0
1719327060.8792303,0.0,49645.0
1719327061.0751693,0.0,49645.0
1719327061.2453115,0.0,49645.0
1719327061.4467423,0.0,49645.0
1719327061.6676245,0.0,49645.0
1719327061.8311565,0.0,49645.0
1719327062.0447617,0.0,49645.0
1719327062.2656379,0.0,49645.0
1719327062.4666636,0.0,49645.0
1719327062.6754668,0.0,49645.0
1719327062.8456757,0.0,49645.0
1719327062.9944317,0.0,49645.0
1719327063.1396174,0.0,49645.0
1719327063.2851036,0.0,49645.0
1719327063.446282,0.0,49645.0
1719327063.5902297,0.0,49645.0
1719327063.7330766,0.0,49645.0
1719327063.8806176,0.0,49645.0
1719327064.0304687,0.0,49645.0
1719327064.1977055,0.0,49645.0
1719327064.3875384,0.0,49645.0
1719327064.561614,0.0,49645.0
1719327064.7315567,0.0,49645.0
1719327064.8998451,0.0,49645.0
1719327065.0929294,0.0,49645.0
1719327065.250349,0.0,49645.0
1719327065.4341972,0.0,49645.0
1719327065.597508,0.0,49645.0
1719327065.784147,0.0,49645.0
1719327065.965997,0.0,49645.0
1719327066.1938365,0.0,49645.0
1719327066.4140806,0.0,49645.0
1719327066.645805,0.0,49645.0
1719327066.83818,0.0,49645.0
1719327067.059335,0.0,49645.0
1719327067.2378004,0.0,49645.0
1719327067.3983424,0.0,49645.0
1719327067.5861895,0.0,49645.0
1719327067.7619207,0.0,49645.0
1719327067.908172,0.0,49645.0
1719327068.0587687,0.0,49645.0
1719327068.2067099,0.0,49645.0
1719327068.3490555,0.0,49645.0
1719327068.48898,0.0,49645.0
1719327068.6359525,0.0,49645.0
1719327068.7840376,0.0,49645.0
1719327068.9754293,0.0,49645.0
1719327069.1570108,0.0,49645.0
1719327069.3200617,0.0,49645.0
1719327069.500428,0.0,49645.0
1719327069.696758,0.0,49645.0
1719327069.8533678,0.0,49645.0
1719327070.0338497,0.0,49645.0
1719327070.1892025,0.0,49645.0
1719327070.3505006,0.0,49645.0
1719327070.5310435,0.0,49645.0
1719327070.719444,0.0,49645.0
1719327070.8907926,0.0,49645.0
1719327071.0482259,0.0,49645.0
1719327071.3052826,0.0,49645.0
1719327071.4916441,0.0,49645.0
1719327071.7327511,0.0,49645.0
1719327071.943834,0.0,49645.0
1719327072.1085505,0.0,49645.0
1719327072.261397,0.0,49645.0
1719327072.4321687,0.0,49645.0
1719327072.6119566,0.0,49645.0
1719327072.761363,0.0,49645.0
1719327072.9081867,0.0,49645.0
1719327073.0551212,0.0,49645.0
1719327073.199306,0.0,49645.0
1719327073.3433573,0.0,49645.0
1719327073.4900086,0.0,49645.0
1719327073.6357067,0.0,49645.0
1719327073.7805262,0.0,49645.0
1719327073.955557,0.0,49645.0
1719327074.1409986,0.0,49645.0
1719327074.3204896,0.0,49645.0
1719327074.4937882,0.0,49645.0
1719327074.7209852,0.0,49645.0
1719327074.8873417,0.0,49645.0
1719327075.0471973,0.0,49645.0
1719327075.204339,0.0,49645.0
1719327075.3609538,0.0,49645.0
1719327075.527425,0.0,49645.0
1719327075.7012289,0.0,49645.0
1719327075.8690014,0.0,49645.0
1719327076.0225158,0.0,49645.0
1719327076.2467678,0.0,49645.0
1719327076.4520898,0.0,49645.0
1719327076.6695933,0.0,49645.0
1719327076.8327184,0.0,49645.0
1719327077.0446048,0.0,49645.0
1719327077.2002702,0.0,49645.0
1719327077.377219,0.0,49645.0
1719327077.5524182,0.0,49645.0
1719327077.7001574,0.0,49645.0
1719327077.8457015,0.0,49645.0
1719327077.989531,0.0,49645.0
1719327078.1319697,0.0,49645.0
1719327078.277041,0.0,49645.0
1719327078.4208598,0.0,49645.0
1719327078.5665224,0.0,49645.0
1719327078.7399907,0.0,49645.0
1719327078.9296877,0.0,49645.0
1719327079.0923,0.0,49645.0
1719327079.2684264,0.0,49645.0
1719327079.4445395,0.0,49645.0
1719327079.5926218,0.0,49645.0
1719327079.7597322,0.0,49645.0
1719327079.9222677,0.0,49645.0
1719327080.0876634,0.0,49645.0
1719327080.2666645,0.0,49645.0
1719327080.4453537,0.0,49645.0
1719327080.6513548,0.0,49645.0
1719327080.8656998,0.0,49645.0
1719327081.0910633,0.0,49645.0
1719327081.2880862,0.0,49645.0
1719327081.444423,0.0,49645.0
1719327081.6571271,0.0,49645.0
1719327081.8360875,0.0,49645.0
1719327082.0194805,0.0,49645.0
1719327082.2112205,0.0,49645.0
1719327082.3582494,0.0,49645.0
1719327082.5020087,0.0,49645.0
1719327082.649268,0.0,49645.0
1719327082.7962012,0.0,49645.0
1719327082.9399953,0.0,49645.0
1719327083.0839846,0.0,49645.0
1719327083.231044,0.0,49645.0
1719327083.377118,0.0,49645.0
1719327083.557385,0.0,49645.0
1719327083.7410488,0.0,49645.0
1719327083.9267263,0.0,49645.0
1719327084.1017938,0.0,49645.0
1719327084.266495,0.0,49645.0
1719327084.472845,0.0,49645.0
1719327084.6509078,0.0,49645.0
1719327084.8043325,0.0,49645.0
1719327084.9634762,0.0,49645.0
1719327085.1450388,0.0,49645.0
1719327085.3119822,0.0,49645.0
1719327085.5296519,0.0,49645.0
1719327085.7510471,0.0,49645.0
1719327085.9417474,0.0,49645.0
1719327086.1669345,0.0,49645.0
1719327086.3522613,0.0,49645.0
1719327086.5692966,0.0,49645.0
1719327086.7301457,0.0,49645.0
1719327086.8893733,0.0,49645.0
1719327087.0621831,0.0,49645.0
1719327087.222313,0.0,49645.0
1719327087.3667252,0.0,49645.0
1719327087.5101151,0.0,49645.0
1719327087.652523,0.0,49645.0
1719327087.7941782,0.0,49645.0
1719327087.938454,0.0,49645.0
1719327088.0866058,0.0,49645.0
1719327088.2317436,0.0,49645.0
1719327088.3937318,0.0,49645.0
1719327088.5730753,0.0,49645.0
1719327088.7317421,0.0,49645.0
1719327088.913875,0.0,49645.0
1719327089.0769968,0.0,49645.0
1719327089.245685,0.0,49645.0
1719327089.4299715,0.0,49645.0
1719327089.589086,0.0,49645.0
1719327089.763267,0.0,49645.0
1719327089.9499786,0.0,49645.0
1719327090.134677,0.0,49645.0
1719327090.3029916,0.0,49645.0
1719327090.4567728,0.0,49645.0
1719327090.6642342,0.0,49645.0
1719327090.8752906,0.0,49645.0
1719327091.1066577,0.0,49645.0
1719327091.302277,0.0,49645.0
1719327091.485356,0.0,49645.0
1719327091.6523952,0.0,49645.0
1719327091.8283112,0.0,49645.0
1719327091.9950106,0.0,49645.0
1719327092.1407397,0.0,49645.0
1719327092.2871714,0.0,49645.0
1719327092.4322736,0.0,49645.0
1719327092.5749812,0.0,49645.0
1719327092.7174406,0.0,49645.0
1719327092.8629682,0.0,49645.0
1719327093.0075045,0.0,49645.0
1719327093.153652,0.0,49645.0
1719327093.332519,0.0,49645.0
1719327093.5025122,0.0,49645.0
1719327093.6722217,0.0,49645.0
1719327093.8449426,0.0,49645.0
1719327094.0362897,0.0,49645.0
1719327094.1922216,0.0,49645.0
1719327094.3712695,0.0,49645.0
1719327094.524949,0.0,49645.0
1719327094.692871,0.0,49645.0
1719327094.8734279,0.0,49645.0
1719327095.0521908,0.0,49645.0
1719327095.2323909,0.0,49645.0
1719327095.3959522,0.0,49645.0
1719327095.6133285,0.0,49645.0
1719327095.8029244,0.0,49645.0
1719327096.0500803,0.0,49645.0
1719327096.2640438,0.0,49645.0
1719327096.417481,0.0,49645.0
1719327096.572796,0.0,49645.0
1719327096.7372591,0.0,49645.0
1719327096.8975089,0.0,49645.0
1719327097.0446417,0.0,49645.0
1719327097.1891778,0.0,49645.0
1719327097.3335314,0.0,49645.0
1719327097.4760776,0.0,49645.0
1719327097.6152234,0.0,49645.0
1719327097.7598202,0.0,49645.0
1719327097.9029274,0.0,49645.0
1719327098.0468178,0.0,49645.0
1719327098.2380772,0.0,49645.0
1719327098.411089,0.0,49645.0
1719327098.579795,0.0,49645.0
1719327098.7542307,0.0,49645.0
1719327098.9269514,0.0,49645.0
1719327099.085786,0.0,49645.0
1719327099.2528841,0.0,49645.0
1719327099.421563,0.0,49645.0
1719327099.5800517,0.0,49645.0
1719327099.7690556,0.0,49645.0
1719327099.9326642,0.0,49645.0
1719327100.1058311,0.0,49645.0
1719327100.2795887,0.0,49645.0
1719327100.516656,0.0,49645.0
1719327100.732303,0.0,49645.0
1719327100.9584064,0.0,49645.0
1719327101.1540742,0.0,49645.0
1719327101.3485463,0.0,49645.0
1719327101.5102792,0.0,49645.0
1719327101.6773279,0.0,49645.0
1719327101.8574095,0.0,49645.0
1719327102.0038717,0.0,49645.0
1719327102.1572425,0.0,49645.0
1719327102.3041775,0.0,49645.0
1719327102.4480374,0.0,49645.0
1719327102.590538,0.0,49645.0
1719327102.736025,0.0,49645.0
1719327102.881271,0.0,49645.0
1719327103.031479,0.0,49645.0
1719327103.2241,0.0,49645.0
1719327103.4098146,0.0,49645.0
1719327103.571295,0.0,49645.0
1719327103.7507813,0.0,49645.0
1719327103.9294953,0.0,49645.0
1719327104.0805016,0.0,49645.0
1719327104.2451754,0.0,49645.0
1719327104.3983984,0.0,49645.0
1719327104.5707972,0.0,49645.0
1719327104.7353234,0.0,49645.0
1719327104.9064436,0.0,49645.0
1719327105.0859678,0.0,49645.0
1719327105.2374973,0.0,49645.0
1719327105.4544587,0.0,49645.0
1719327105.6676564,0.0,49645.0
1719327105.916275,0.0,49645.0
1719327106.1344998,0.0,49645.0
1719327106.2895818,0.0,49645.0
1719327106.4503348,0.0,49645.0
1719327106.635023,0.0,49645.0
1719327106.8064983,0.0,49645.0
1719327106.9528525,0.0,49645.0
1719327107.1017895,0.0,49645.0
1719327107.2493603,0.0,49645.0
1719327107.3921635,0.0,49645.0
1719327107.5384083,0.0,49645.0
1719327107.6853704,0.0,49645.0
1719327107.8313375,0.0,49645.0
1719327108.0093803,0.0,49645.0
1719327108.1802928,0.0,49645.0
1719327108.344419,0.0,49645.0
1719327108.5237052,0.0,49645.0
1719327108.7225554,0.0,49645.0
1719327108.8763275,0.0,49645.0
1719327109.062824,0.0,49645.0
1719327109.2092466,0.0,49645.0
1719327109.3846245,0.0,49645.0
1719327109.549112,0.0,49645.0
1719327109.7338312,0.0,49645.0
1719327109.9085429,0.0,49645.0
1719327110.0683193,0.0,49645.0
1719327110.2913623,0.0,49645.0
1719327110.5254695,0.0,49645.0
1719327110.7424223,0.0,49645.0
1719327110.9483263,0.0,49645.0
1719327111.1577518,0.0,49645.0
1719327111.327851,0.0,49645.0
1719327111.5115235,0.0,49645.0
1719327111.6788852,0.0,49645.0
1719327111.827822,0.0,49645.0
1719327111.9761176,0.0,49645.0
1719327112.1245914,0.0,49645.0
1719327112.2728257,0.0,49645.0
1719327112.4154644,0.0,49645.0
1719327112.5598288,0.0,49645.0
1719327112.7085087,0.0,49645.0
1719327112.853739,0.0,49645.0
1719327113.02453,0.0,49645.0
1719327113.1926558,0.0,49645.0
1719327113.3563147,0.0,49645.0
1719327113.55284,0.0,49645.0
1719327113.7382755,0.0,49645.0
1719327113.949086,0.0,49645.0
1719327114.1227133,0.0,49645.0
1719327114.2882698,0.0,49645.0
1719327114.45641,0.0,49645.0
1719327114.6370974,0.0,49645.0
1719327114.8184943,0.0,49645.0
1719327114.985275,0.0,49645.0
1719327115.1380615,0.0,49645.0
1719327115.3898008,0.0,49645.0
1719327115.5976057,0.0,49645.0
1719327115.8418853,0.0,49645.0
1719327116.066856,0.0,49645.0
1719327116.2201533,0.0,49645.0
1719327116.3808463,0.0,49645.0
1719327116.5502362,0.0,49645.0
1719327116.718085,0.0,49645.0
1719327116.8677828,0.0,49645.0
1719327117.0168211,0.0,49645.0
1719327117.1663089,0.0,49645.0
1719327117.3161223,0.0,49645.0
1719327117.4671903,0.0,49645.0
1719327117.6176076,0.0,49645.0
1719327117.786984,0.0,49645.0
1719327117.9582882,0.0,49645.0
1719327118.1301553,0.0,49645.0
1719327118.315229,0.0,49645.0
1719327118.4786265,0.0,49645.0
1719327118.6839433,0.0,49645.0
1719327118.840093,0.0,49645.0
1719327119.0302522,0.0,49645.0
1719327119.1929476,0.0,49645.0
1719327119.3494484,0.0,49645.0
1719327119.5068905,0.0,49645.0
1719327119.6872823,0.0,49645.0
1719327119.856594,0.0,49645.0
1719327120.0340242,0.0,49645.0
1719327120.2588794,0.0,49645.0
1719327120.4194899,0.0,49645.0
1719327120.625576,0.0,49645.0
1719327120.8167207,0.0,49645.0
1719327121.0059788,0.0,49645.0
1719327121.1517189,0.0,49645.0
1719327121.3307424,0.0,49645.0
1719327121.490171,0.0,49645.0
1719327121.641887,0.0,49645.0
1719327121.7854269,0.0,49645.0
1719327121.9309263,0.0,49645.0
1719327122.0761712,0.0,49645.0
1719327122.2178519,0.0,49645.0
1719327122.3607,0.0,49645.0
1719327122.5063136,0.0,49645.0
1719327122.6520922,0.0,49645.0
1719327122.7982988,0.0,49645.0
1719327122.9736762,0.0,49645.0
1719327123.147262,0.0,49645.0
1719327123.3093626,0.0,49645.0
1719327123.4907968,0.0,49645.0
1719327123.6804838,0.0,49645.0
1719327123.8327496,0.0,49645.0
1719327124.006644,0.0,49645.0
1719327124.1537626,0.0,49645.0
1719327124.324719,0.0,49645.0
1719327124.4943519,0.0,49645.0
1719327124.6621218,0.0,49645.0
1719327124.8207672,0.0,49645.0
1719327124.983113,0.0,49645.0
1719327125.2004995,0.0,49645.0
1719327125.415668,0.0,49645.0
1719327125.6455376,0.0,49645.0
1719327125.8118267,0.0,49645.0
1719327126.0343275,0.0,49645.0
1719327126.195359,0.0,49645.0
1719327126.3783975,0.0,49645.0
1719327126.5427353,0.0,49645.0
1719327126.690311,0.0,49645.0
1719327126.837073,0.0,49645.0
1719327126.9807527,0.0,49645.0
1719327127.1223083,0.0,49645.0
1719327127.266776,0.0,49645.0
1719327127.4104242,0.0,49645.0
1719327127.5618615,0.0,49645.0
1719327127.7431066,0.0,49645.0
1719327127.9150996,0.0,49645.0
1719327128.0774999,0.0,49645.0
1719327128.2498336,0.0,49645.0
1719327128.4259098,0.0,49645.0
1719327128.6025484,0.0,49645.0
1719327128.7943873,0.0,49645.0
1719327128.9571288,0.0,49645.0
1719327129.125619,0.0,49645.0
1719327129.292979,0.0,49645.0
1719327129.479248,0.0,49645.0
1719327129.643307,0.0,49645.0
1719327129.7983193,0.0,49645.0
1719327130.025232,0.0,49645.0
1719327130.2296464,0.0,49645.0
1719327130.485286,0.0,49645.0
1719327130.6932049,0.0,49645.0
1719327130.8554935,0.0,49645.0
1719327131.010103,0.0,49645.0
1719327131.1930974,0.0,49645.0
1719327131.374988,0.0,49645.0
1719327131.521042,0.0,49645.0
1719327131.668004,0.0,49645.0
1719327131.8136258,0.0,49645.0
1719327131.958339,0.0,49645.0
1719327132.100426,0.0,49645.0
1719327132.247074,0.0,49645.0
1719327132.3912315,0.0,49645.0
1719327132.542481,0.0,49645.0
1719327132.7138793,0.0,49645.0
1719327132.8836262,0.0,49645.0
1719327133.0772214,0.0,49645.0
1719327133.2443168,0.0,49645.0
1719327133.4435143,0.0,49645.0
1719327133.615099,0.0,49645.0
1719327133.7743573,0.0,49645.0
1719327133.9337347,0.0,49645.0
1719327134.0900223,0.0,49645.0
1719327134.2668052,0.0,49645.0
1719327134.4817085,0.0,49645.0
1719327134.7035837,0.0,49645.0
1719327134.8785648,0.0,49645.0
1719327135.073666,0.0,49645.0
1719327135.2925582,0.0,49645.0
1719327135.5043218,0.0,49645.0
1719327135.707319,0.0,49645.0
1719327135.8880827,0.0,49645.0
1719327136.0552442,0.0,49645.0
1719327136.2036886,0.0,49645.0
1719327136.3584566,0.0,49645.0
1719327136.5092835,0.0,49645.0
1719327136.6538084,0.0,49645.0
1719327136.808277,0.0,49645.0
1719327136.9688456,0.0,49645.0
1719327137.1257305,0.0,49645.0
1719327137.326977,0.0,49645.0
1719327137.5104399,0.0,49645.0
1719327137.6877112,0.0,49645.0
1719327137.8552487,0.0,49645.0
1719327138.0725832,0.0,49645.0
1719327138.2317474,0.0,49645.0
1719327138.3926008,0.0,49645.0
1719327138.5693674,0.0,49645.0
1719327138.7353637,0.0,49645.0
1719327138.8940616,0.0,49645.0
1719327139.0737872,0.0,49645.0
1719327139.254172,0.0,49645.0
1719327139.432705,0.0,49645.0
1719327139.6506956,0.0,49645.0
1719327139.8030992,0.0,49645.0
1719327140.006156,0.0,49645.0
1719327140.191008,0.0,49645.0
1719327140.3815465,0.0,49645.0
1719327140.5345685,0.0,49645.0
1719327140.718906,0.0,49645.0
1719327140.8827858,0.0,49645.0
1719327141.029415,0.0,49645.0
1719327141.1769087,0.0,49645.0
1719327141.3226526,0.0,49645.0
1719327141.464826,0.0,49645.0
1719327141.608292,0.0,49645.0
1719327141.7550673,0.0,49645.0
1719327141.8987575,0.0,49645.0
1719327142.0436182,0.0,49645.0
1719327142.2143865,0.0,49645.0
1719327142.4046881,0.0,49645.0
1719327142.5702329,0.0,49645.0
1719327142.747834,0.0,49645.0
1719327142.9362094,0.0,49645.0
1719327143.0915875,0.0,49645.0
1719327143.2736263,0.0,49645.0
1719327143.428269,0.0,49645.0
1719327143.5838118,0.0,49645.0
1719327143.7484417,0.0,49645.0
1719327143.942927,0.0,49645.0
1719327144.1167524,0.0,49645.0
1719327144.2940874,0.0,49645.0
1719327144.5343664,0.0,49645.0
1719327144.7279954,0.0,49645.0
1719327144.950705,0.0,49645.0
1719327145.1589918,0.0,49645.0
1719327145.3467069,0.0,49645.0
1719327145.504877,0.0,49645.0
1719327145.6938555,0.0,49645.0
1719327145.8440034,0.0,49645.0
1719327145.9901388,0.0,49645.0
1719327146.1370993,0.0,49645.0
1719327146.2818623,0.0,49645.0
1719327146.4225307,0.0,49645.0
1719327146.569262,0.0,49645.0
1719327146.7161176,0.0,49645.0
1719327146.863789,0.0,49645.0
1719327147.0413895,0.0,49645.0
1719327147.2124999,0.0,49645.0
1719327147.3902764,0.0,49645.0
1719327147.5672379,0.0,49645.0
1719327147.7447462,0.0,49645.0
1719327147.9073653,0.0,49645.0
1719327148.074271,0.0,49645.0
1719327148.2369275,0.0,49645.0
1719327148.396506,0.0,49645.0
1719327148.5548723,0.0,49645.0
1719327148.7322195,0.0,49645.0
1719327148.9190912,0.0,49645.0
1719327149.0796666,0.0,49645.0
1719327149.3208299,0.0,49645.0
1719327149.5108743,0.0,49645.0
1719327149.7261147,0.0,49645.0
1719327149.954579,0.0,49645.0
1719327150.1228178,0.0,49645.0
1719327150.2893007,0.0,49645.0
1719327150.4642565,0.0,49645.0
1719327150.6304028,0.0,49645.0
1719327150.7769625,0.0,49645.0
1719327150.9235218,0.0,49645.0
1719327151.0704606,0.0,49645.0
1719327151.2240787,0.0,49645.0
1719327151.3682752,0.0,49645.0
1719327151.5157087,0.0,49645.0
1719327151.6628256,0.0,49645.0
1719327151.810165,0.0,49645.0
1719327151.9914558,0.0,49645.0
1719327152.168472,0.0,49645.0
1719327152.3451471,0.0,49645.0
1719327152.5135314,0.0,49645.0
1719327152.7204294,0.0,49645.0
1719327152.8775318,0.0,49645.0
1719327153.0457525,0.0,49645.0
1719327153.2018015,0.0,49645.0
1719327153.3726761,0.0,49645.0
1719327153.5303714,0.0,49645.0
1719327153.7070794,0.0,49645.0
1719327153.885949,0.0,49645.0
1719327154.0474212,0.0,49645.0
1719327154.3009462,0.0,49645.0
1719327154.506619,0.0,49645.0
1719327154.7096205,0.0,49645.0
1719327154.8650663,0.0,49645.0
1719327155.0715942,0.0,49645.0
1719327155.2473276,0.0,49645.0
1719327155.447082,0.0,49645.0
1719327155.6157188,0.0,49645.0
1719327155.764948,0.0,49645.0
1719327155.9131472,0.0,49645.0
1719327156.0592048,0.0,49645.0
1719327156.2021697,0.0,49645.0
1719327156.3433936,0.0,49645.0
1719327156.4895225,0.0,49645.0
1719327156.6385953,0.0,49645.0
1719327156.7992005,0.0,49645.0
1719327156.98179,0.0,49645.0
1719327157.1533732,0.0,49645.0
1719327157.3307405,0.0,49645.0
1719327157.5113962,0.0,49645.0
1719327157.672884,0.0,49645.0
1719327157.8329055,0.0,49645.0
1719327158.0005233,0.0,49645.0
1719327158.1607695,0.0,49645.0
1719327158.332183,0.0,49645.0
1719327158.4914634,0.0,49645.0
1719327158.6934762,0.0,49645.0
1719327158.857018,0.0,49645.0
1719327159.0831316,0.0,49645.0
1719327159.3129644,0.0,49645.0
1719327159.5173895,0.0,49645.0
1719327159.682156,0.0,49645.0
1719327159.8970184,0.0,49645.0
1719327160.0555036,0.0,49645.0
1719327160.2202044,0.0,49645.0
1719327160.3999622,0.0,49645.0
1719327160.548903,0.0,49645.0
1719327160.694313,0.0,49645.0
1719327160.8386443,0.0,49645.0
1719327160.9854374,0.0,49645.0
1719327161.1281888,0.0,49645.0
1719327161.2748451,0.0,49645.0
1719327161.4203088,0.0,49645.0
1719327161.5667698,0.0,49645.0
1719327161.7567425,0.0,49645.0
1719327161.9215002,0.0,49645.0
1719327162.0870144,0.0,49645.0
1719327162.2567184,0.0,49645.0
1719327162.4271133,0.0,49645.0
1719327162.6027627,0.0,49645.0
1719327162.7656004,0.0,49645.0
1719327162.9310033,0.0,49645.0
1719327163.1114125,0.0,49645.0
1719327163.2966115,0.0,49645.0
1719327163.4565127,0.0,49645.0
1719327163.624334,0.0,49645.0
1719327163.7911475,0.0,49645.0
1719327164.0322134,0.0,49645.0
1719327164.2699113,0.0,49645.0
1719327164.474855,0.0,49645.0
1719327164.6456687,0.0,49645.0
1719327164.8653026,0.0,49645.0
1719327165.014385,0.0,49645.0
1719327165.1952348,0.0,49645.0
1719327165.3629136,0.0,49645.0
1719327165.5192072,0.0,49645.0
1719327165.6654809,0.0,49645.0
1719327165.81041,0.0,49645.0
1719327165.9551923,0.0,49645.0
1719327166.095505,0.0,49645.0
1719327166.2417712,0.0,49645.0
1719327166.3857079,0.0,49645.0
1719327166.554278,0.0,49645.0
1719327166.734922,0.0,49645.0
1719327166.9102008,0.0,49645.0
1719327167.1074195,0.0,49645.0
1719327167.2784927,0.0,49645.0
1719327167.451096,0.0,49645.0
1719327167.6158435,0.0,49645.0
1719327167.77363,0.0,49645.0
1719327167.945022,0.0,49645.0
1719327168.1326878,0.0,49645.0
1719327168.2964137,0.0,49645.0
1719327168.472737,0.0,49645.0
1719327168.6341949,0.0,49645.0
1719327168.873379,0.0,49645.0
1719327169.0763845,0.0,49645.0
1719327169.284771,0.0,49645.0
1719327169.4612143,0.0,49645.0
1719327169.6783624,0.0,49645.0
1719327169.8280795,0.0,49645.0
1719327170.0166695,0.0,49645.0
1719327170.181854,0.0,49645.0
1719327170.333019,0.0,49645.0
1719327170.477005,0.0,49645.0
1719327170.6239433,0.0,49645.0
1719327170.7703516,0.0,49645.0
1719327170.9121022,0.0,49645.0
1719327171.055271,0.0,49645.0
1719327171.2012131,0.0,49645.0
1719327171.3473008,0.0,49645.0
1719327171.491891,0.0,49645.0
1719327171.6522882,0.0,49645.0
1719327171.8294559,0.0,49645.0
1719327171.9997747,0.0,49645.0
1719327172.166903,0.0,49645.0
1719327172.3412483,0.0,49645.0
1719327172.5139253,0.0,49645.0
1719327172.6657147,0.0,49645.0
1719327172.8381233,0.0,49645.0
1719327172.9867048,0.0,49645.0
1719327173.1468718,0.0,49645.0
1719327173.3163185,0.0,49645.0
1719327173.492969,0.0,49645.0
1719327173.66193,0.0,49645.0
1719327173.8159773,0.0,49645.0
1719327174.0187435,0.0,49645.0
1719327174.2302907,0.0,49645.0
1719327174.4356039,0.0,49645.0
1719327174.5983312,0.0,49645.0
1719327174.8123617,0.0,49645.0
1719327174.9645035,0.0,49645.0
1719327175.1432912,0.0,49645.0
1719327175.3084152,0.0,49645.0
1719327175.4617991,0.0,49645.0
1719327175.6118402,0.0,49645.0
1719327175.756712,0.0,49645.0
1719327175.9002516,0.0,49645.0
1719327176.0408628,0.0,49645.0
1719327176.1873093,0.0,49645.0
1719327176.3322341,0.0,49645.0
1719327176.48384,0.0,49645.0
1719327176.6577091,0.0,49645.0
1719327176.8311334,0.0,49645.0
1719327177.0091991,0.0,49645.0
1719327177.191947,0.0,49645.0
1719327177.3532708,0.0,49645.0
1719327177.5113072,0.0,49645.0
1719327177.6806474,0.0,49645.0
1719327177.8349826,0.0,49645.0
1719327177.9985454,0.0,49645.0
1719327178.19169,0.0,49645.0
1719327178.3610146,0.0,49645.0
1719327178.5231128,0.0,49645.0
1719327178.684598,0.0,49645.0
1719327178.906279,0.0,49645.0
1719327179.1323788,0.0,49645.0
1719327179.3500214,0.0,49645.0
1719327179.5102198,0.0,49645.0
1719327179.725353,0.0,49645.0
1719327179.8852468,0.0,49645.0
1719327180.0457234,0.0,49645.0
1719327180.213928,0.0,49645.0
1719327180.372723,0.0,49645.0
1719327180.528869,0.0,49645.0
1719327180.6835265,0.0,49645.0
1719327180.8401213,0.0,49645.0
1719327180.986868,0.0,49645.0
1719327181.1362832,0.0,49645.0
1719327181.2917485,0.0,49645.0
1719327181.4477751,0.0,49645.0
1719327181.6000571,0.0,49645.0
1719327181.786607,0.0,49645.0
1719327181.9730651,0.0,49645.0
1719327182.1523497,0.0,49645.0
1719327182.3298454,0.0,49645.0
1719327182.507295,0.0,49645.0
1719327182.6590104,0.0,49645.0
1719327182.8354454,0.0,49645.0
1719327183.003794,0.0,49645.0
1719327183.174138,0.0,49645.0
1719327183.3469539,0.0,49645.0
1719327183.5237474,0.0,49645.0
1719327183.69305,0.0,49645.0
1719327183.84335,0.0,49645.0
1719327184.0781765,0.0,49645.0
1719327184.3060973,0.0,49645.0
1719327184.5214224,0.0,49645.0
1719327184.7397444,0.0,49645.0
1719327184.9104834,0.0,49645.0
1719327185.0627437,0.0,49645.0
1719327185.25096,0.0,49645.0
1719327185.4311192,0.0,49645.0
1719327185.5850353,0.0,49645.0
1719327185.737716,0.0,49645.0
1719327185.886601,0.0,49645.0
1719327186.0328734,0.0,49645.0
1719327186.1818967,0.0,49645.0
1719327186.3292544,0.0,49645.0
1719327186.4772341,0.0,49645.0
1719327186.6672697,0.0,49645.0
1719327186.8632894,0.0,49645.0
1719327187.0595167,0.0,49645.0
1719327187.2332766,0.0,49645.0
1719327187.4120576,0.0,49645.0
1719327187.5764682,0.0,49645.0
1719327187.7513793,0.0,49645.0
1719327187.9202995,0.0,49645.0
1719327188.0847716,0.0,49645.0
1719327188.2621534,0.0,49645.0
1719327188.4462686,0.0,49645.0
1719327188.6221087,0.0,49645.0
1719327188.7749255,0.0,49645.0
1719327189.006809,0.0,49645.0
1719327189.212482,0.0,49645.0
1719327189.4283574,0.0,49645.0
1719327189.5814352,0.0,49645.0
1719327189.7798297,0.0,49645.0
1719327189.9376676,0.0,49645.0
1719327190.109226,0.0,49645.0
1719327190.2806983,0.0,49645.0
1719327190.430632,0.0,49645.0
1719327190.5767467,0.0,49645.0
1719327190.7263849,0.0,49645.0
1719327190.873162,0.0,49645.0
1719327191.019776,0.0,49645.0
1719327191.172083,0.0,49645.0
1719327191.320295,0.0,49645.0
1719327191.4712276,0.0,49645.0
1719327191.6415513,0.0,49645.0
1719327191.8133569,0.0,49645.0
1719327191.990235,0.0,49645.0
1719327192.1646156,0.0,49645.0
1719327192.3294942,0.0,49645.0
1719327192.4886167,0.0,49645.0
1719327192.6554308,0.0,49645.0
1719327192.8131156,0.0,49645.0
1719327192.9815772,0.0,49645.0
1719327193.1555214,0.0,49645.0
1719327193.3488855,0.0,49645.0
1719327193.5164435,0.0,49645.0
1719327193.6771603,0.0,49645.0
1719327193.899742,0.0,49645.0
1719327194.1099148,0.0,49645.0
1719327194.3262517,0.0,49645.0
1719327194.5098615,0.0,49645.0
1719327194.7025132,0.0,49645.0
1719327194.851977,0.0,49645.0
1719327195.055235,0.0,49645.0
1719327195.231306,0.0,49645.0
1719327195.3789482,0.0,49645.0
1719327195.5308986,0.0,49645.0
1719327195.6777039,0.0,49645.0
1719327195.8208141,0.0,49645.0
1719327195.968172,0.0,49645.0
1719327196.1149101,0.0,49645.0
1719327196.26199,0.0,49645.0
1719327196.434444,0.0,49645.0
1719327196.6228898,0.0,49645.0
1719327196.7901132,0.0,49645.0
1719327196.9606898,0.0,49645.0
1719327197.121315,0.0,49645.0
1719327197.2900558,0.0,49645.0
1719327197.4700124,0.0,49645.0
1719327197.6263597,0.0,49645.0
1719327197.7930686,0.0,49645.0
1719327197.957355,0.0,49645.0
1719327198.121869,0.0,49645.0
1719327198.3243628,0.0,49645.0
1719327198.4798453,0.0,49645.0
1719327198.7010705,0.0,49645.0
1719327198.9183424,0.0,49645.0
1719327199.166791,0.0,49645.0
1719327199.3354836,0.0,49645.0
1719327199.5314882,0.0,49645.0
1719327199.7018,0.0,49645.0
1719327199.8699915,0.0,49645.0
1719327200.0368552,0.0,49645.0
1719327200.185182,0.0,49645.0
1719327200.3346112,0.0,49645.0
1719327200.4813476,0.0,49645.0
1719327200.627069,0.0,49645.0
1719327200.7677643,0.0,49645.0
1719327200.909879,0.0,49645.0
1719327201.0562706,0.0,49645.0
1719327201.201324,0.0,49645.0
1719327201.3644366,0.0,49645.0
1719327201.541196,0.0,49645.0
1719327201.7188418,0.0,49645.0
1719327201.8749669,0.0,49645.0
1719327202.0389633,0.0,49645.0
1719327202.217304,0.0,49645.0
1719327202.3717682,0.0,49645.0
1719327202.5497217,0.0,49645.0
1719327202.7099342,0.0,49645.0
1719327202.8769152,0.0,49645.0
1719327203.051968,0.0,49645.0
1719327203.2264984,0.0,49645.0
1719327203.3908596,0.0,49645.0
1719327203.5473866,0.0,49645.0
1719327203.7749336,0.0,49645.0
1719327203.984156,0.0,49645.0
1719327204.204804,0.0,49645.0
1719327204.381619,0.0,49645.0
1719327204.5764384,0.0,49645.0
1719327204.737728,0.0,49645.0
1719327204.91651,0.0,49645.0
1719327205.0828822,0.0,49645.0
1719327205.229612,0.0,49645.0
1719327205.381712,0.0,49645.0
1719327205.5292296,0.0,49645.0
1719327205.6720548,0.0,49645.0
1719327205.8131611,0.0,49645.0
1719327205.959806,0.0,49645.0
1719327206.1057122,0.0,49645.0
1719327206.2727165,0.0,49645.0
1719327206.4614818,0.0,49645.0
1719327206.634768,0.0,49645.0
1719327206.810516,0.0,49645.0
1719327206.9974403,0.0,49645.0
1719327207.1694348,0.0,49645.0
1719327207.344986,0.0,49645.0
1719327207.5037737,0.0,49645.0
1719327207.6649299,0.0,49645.0
1719327207.8501194,0.0,49645.0
1719327208.0160408,0.0,49645.0
1719327208.1874945,0.0,49645.0
1719327208.345767,0.0,49645.0
1719327208.5703537,0.0,49645.0
1719327208.8059475,0.0,49645.0
1719327209.0358896,0.0,49645.0
1719327209.2248619,0.0,49645.0
1719327209.4158227,0.0,49645.0
1719327209.5658586,0.0,49645.0
1719327209.7571661,0.0,49645.0
1719327209.9234533,0.0,49645.0
1719327210.068724,0.0,49645.0
1719327210.2156107,0.0,49645.0
1719327210.3629305,0.0,49645.0
1719327210.5072293,0.0,49645.0
1719327210.6486442,0.0,49645.0
1719327210.7932754,0.0,49645.0
1719327210.937887,0.0,49645.0
1719327211.0834582,0.0,49645.0
1719327211.2401109,0.0,49645.0
1719327211.4186893,0.0,49645.0
1719327211.5925338,0.0,49645.0
1719327211.7690384,0.0,49645.0
1719327211.9358394,0.0,49645.0
1719327212.1320982,0.0,49645.0
1719327212.2984927,0.0,49645.0
1719327212.4632592,0.0,49645.0
1719327212.621381,0.0,49645.0
1719327212.7815564,0.0,49645.0
1719327212.952238,0.0,49645.0
1719327213.126917,0.0,49645.0
1719327213.310398,0.0,49645.0
1719327213.4923205,0.0,49645.0
1719327213.7119586,0.0,49645.0
1719327213.8793314,0.0,49645.0
1719327214.090203,0.0,49645.0
1719327214.3017297,0.0,49645.0
1719327214.4542205,0.0,49645.0
1719327214.6018665,0.0,49645.0
1719327214.7798462,0.0,49645.0
1719327214.9461584,0.0,49645.0
1719327215.0930908,0.0,49645.0
1719327215.2362735,0.0,49645.0
1719327215.380621,0.0,49645.0
1719327215.5240607,0.0,49645.0
1719327215.664433,0.0,49645.0
1719327215.8128004,0.0,49645.0
1719327215.957384,0.0,49645.0
1719327216.1136527,0.0,49645.0
1719327216.2885382,0.0,49645.0
1719327216.4603324,0.0,49645.0
1719327216.6477897,0.0,49645.0
1719327216.8278458,0.0,49645.0
1719327217.0209582,0.0,49645.0
1719327217.2157354,0.0,49645.0
1719327217.37279,0.0,49645.0
1719327217.5438488,0.0,49645.0
1719327217.7087712,0.0,49645.0
1719327217.8644059,0.0,49645.0
1719327218.0458267,0.0,49645.0
1719327218.2050257,0.0,49645.0
1719327218.421754,0.0,49645.0
1719327218.6381292,0.0,49645.0
1719327218.8740807,0.0,49645.0
1719327219.0525236,0.0,49645.0
1719327219.2685037,0.0,49645.0
1719327219.441609,0.0,49645.0
1719327219.6188998,0.0,49645.0
1719327219.7977579,0.0,49645.0
1719327219.9481459,0.0,49645.0
1719327220.098683,0.0,49645.0
1719327220.2455325,0.0,49645.0
1719327220.391337,0.0,49645.0
1719327220.535376,0.0,49645.0
1719327220.6829658,0.0,49645.0
1719327220.8286853,0.0,49645.0
1719327220.979668,0.0,49645.0
1719327221.1493096,0.0,49645.0
1719327221.3333573,0.0,49645.0
1719327221.4938736,0.0,49645.0
1719327221.673521,0.0,49645.0
1719327221.8527803,0.0,49645.0
1719327222.0060058,0.0,49645.0
1719327222.169989,0.0,49645.0
1719327222.326103,0.0,49645.0
1719327222.4990475,0.0,49645.0
1719327222.6860476,0.0,49645.0
1719327222.8663485,0.0,49645.0
1719327223.0325048,0.0,49645.0
1719327223.1875293,0.0,49645.0
1719327223.4006069,0.0,49645.0
1719327223.6078362,0.0,49645.0
1719327223.8216045,0.0,49645.0
1719327223.9908884,0.0,49645.0
1719327224.2037106,0.0,49645.0
1719327224.3615444,0.0,49645.0
1719327224.5294607,0.0,49645.0
1719327224.7059376,0.0,49645.0
1719327224.8531036,0.0,49645.0
1719327225.000777,0.0,49645.0
1719327225.1462932,0.0,49645.0
1719327225.2890437,0.0,49645.0
1719327225.430725,0.0,49645.0
1719327225.577858,0.0,49645.0
1719327225.7217603,0.0,49645.0
1719327225.8781745,0.0,49645.0
1719327226.0566144,0.0,49645.0
1719327226.2247748,0.0,49645.0
1719327226.3980985,0.0,49645.0
1719327226.5717692,0.0,49645.0
1719327226.7916157,0.0,49645.0
1719327226.9533055,0.0,49645.0
1719327227.1207323,0.0,49645.0
1719327227.3016179,0.0,49645.0
1719327227.4915645,0.0,49645.0
1719327227.6663353,0.0,49645.0
1719327227.863606,0.0,49645.0
1719327228.0268853,0.0,49645.0
1719327228.2658079,0.0,49645.0
1719327228.4591534,0.0,49645.0
1719327228.693208,0.0,49645.0
1719327228.9102771,0.0,49645.0
1719327229.096866,0.0,49645.0
1719327229.2572114,0.0,49645.0
1719327229.4315565,0.0,49645.0
1719327229.6089685,0.0,49645.0
1719327229.7539308,0.0,49645.0
1719327229.8998578,0.0,49645.0
1719327230.045564,0.0,49645.0
1719327230.1891437,0.0,49645.0
1719327230.3326168,0.0,49645.0
1719327230.4788377,0.0,49645.0
1719327230.626421,0.0,49645.0
1719327230.7726064,0.0,49645.0
1719327230.9214928,0.0,49645.0
1719327231.099031,0.0,49645.0
1719327231.2732732,0.0,49645.0
1719327231.4317758,0.0,49645.0
1719327231.5980628,0.0,49645.0
1719327231.7785466,0.0,49645.0
1719327231.9438426,0.0,49645.0
1719327232.1166139,0.0,49645.0
1719327232.276258,0.0,49645.0
1719327232.4912205,0.0,49645.0
1719327232.670535,0.0,49645.0
1719327232.8605242,0.0,49645.0
1719327233.0297127,0.0,49645.0
1719327233.2007053,0.0,49645.0
1719327233.4274487,0.0,49645.0
1719327233.6069663,0.0,49645.0
1719327233.8245142,0.0,49645.0
1719327234.0251908,0.0,49645.0
1719327234.1929295,0.0,49645.0
1719327234.3526862,0.0,49645.0
1719327234.5302618,0.0,49645.0
1719327234.6900604,0.0,49645.0
1719327234.8355868,0.0,49645.0
1719327234.9823775,0.0,49645.0
1719327235.1276803,0.0,49645.0
1719327235.2683938,0.0,49645.0
1719327235.411516,0.0,49645.0
1719327235.5552394,0.0,49645.0
1719327235.706827,0.0,49645.0
1719327235.9039688,0.0,49645.0
1719327236.0758355,0.0,49645.0
1719327236.2440786,0.0,49645.0
1719327236.4489222,0.0,49645.0
1719327236.653679,0.0,49645.0
1719327236.8082163,0.0,49645.0
1719327236.9794137,0.0,49645.0
1719327237.1313622,0.0,49645.0
1719327237.2944071,0.0,49645.0
1719327237.4559884,0.0,49645.0
1719327237.639589,0.0,49645.0
1719327237.8121684,0.0,49645.0
1719327237.9723737,0.0,49645.0
1719327238.2209997,0.0,49645.0
1719327238.393835,0.0,49645.0
1719327238.6111398,0.0,49645.0
1719327238.8180132,0.0,49645.0
1719327238.9785721,0.0,49645.0
1719327239.1330714,0.0,49645.0
1719327239.3013265,0.0,49645.0
1719327239.466657,0.0,49645.0
1719327239.6221864,0.0,49645.0
1719327239.7720592,0.0,49645.0
1719327239.9191403,0.0,49645.0
1719327240.0643535,0.0,49645.0
1719327240.2098668,0.0,49645.0
1719327240.3549676,0.0,49645.0
1719327240.501635,0.0,49645.0
1719327240.6462216,0.0,49645.0
1719327240.8326485,0.0,49645.0
1719327241.0056508,0.0,49645.0
1719327241.1871357,0.0,49645.0
1719327241.361261,0.0,49645.0
1719327241.5303006,0.0,49645.0
1719327241.697045,0.0,49645.0
1719327241.8597803,0.0,49645.0
1719327242.0260603,0.0,49645.0
1719327242.1967273,0.0,49645.0
1719327242.3649886,0.0,49645.0
1719327242.5384498,0.0,49645.0
1719327242.7066832,0.0,49645.0
1719327242.8881462,0.0,49645.0
1719327243.1143897,0.0,49645.0
1719327243.330926,0.0,49645.0
1719327243.5626123,0.0,49645.0
1719327243.7395132,0.0,49645.0
1719327243.9592967,0.0,49645.0
1719327244.107444,0.0,49645.0
1719327244.2934096,0.0,49645.0
1719327244.4586465,0.0,49645.0
1719327244.607248,0.0,49645.0
1719327244.7557147,0.0,49645.0
1719327244.90473,0.0,49645.0
1719327245.051272,0.0,49645.0
1719327245.200438,0.0,49645.0
1719327245.3494174,0.0,49645.0
1719327245.499102,0.0,49645.0
1719327245.677459,0.0,49645.0
1719327245.8555765,0.0,49645.0
1719327246.034308,0.0,49645.0
1719327246.2207403,0.0,49645.0
1719327246.4116755,0.0,49645.0
1719327246.5663114,0.0,49645.0
1719327246.7256143,0.0,49645.0
1719327246.8844063,0.0,49645.0
1719327247.053996,0.0,49645.0
1719327247.2328691,0.0,49645.0
1719327247.3985784,0.0,49645.0
1719327247.560543,0.0,49645.0
1719327247.7169933,0.0,49645.0
1719327247.9426527,0.0,49645.0
1719327248.165776,0.0,49645.0
1719327248.407139,0.0,49645.0
1719327248.6350126,0.0,49645.0
1719327248.7886956,0.0,49645.0
1719327248.9506516,0.0,49645.0
1719327249.1407464,0.0,49645.0
1719327249.3370972,0.0,49645.0
1719327249.4828637,0.0,49645.0
1719327249.6299546,0.0,49645.0
1719327249.776284,0.0,49645.0
1719327249.9187956,0.0,49645.0
1719327250.0622685,0.0,49645.0
1719327250.2108357,0.0,49645.0
1719327250.3567564,0.0,49645.0
1719327250.502711,0.0,49645.0
1719327250.6843634,0.0,49645.0
1719327250.872308,0.0,49645.0
1719327251.047567,0.0,49645.0
1719327251.2123775,0.0,49645.0
1719327251.406147,0.0,49645.0
1719327251.56638,0.0,49645.0
1719327251.7317605,0.0,49645.0
1719327251.8854475,0.0,49645.0
1719327252.0591948,0.0,49645.0
1719327252.2301385,0.0,49645.0
1719327252.4124248,0.0,49645.0
1719327252.588784,0.0,49645.0
1719327252.7442944,0.0,49645.0
1719327252.966395,0.0,49645.0
1719327253.1790626,0.0,49645.0
1719327253.3893132,0.0,49645.0
1719327253.5588255,0.0,49645.0
1719327253.7702196,0.0,49645.0
1719327253.927414,0.0,49645.0
1719327254.1023247,0.0,49645.0
1719327254.267821,0.0,49645.0
1719327254.4213796,0.0,49645.0
1719327254.5678024,0.0,49645.0
1719327254.7143407,0.0,49645.0
1719327254.859683,0.0,49645.0
1719327255.0021796,0.0,49645.0
1719327255.1495273,0.0,49645.0
1719327255.2937443,0.0,49645.0
1719327255.4469292,0.0,49645.0
1719327255.6177373,0.0,49645.0
1719327255.7918434,0.0,49645.0
1719327255.985221,0.0,49645.0
1719327256.159241,0.0,49645.0
1719327256.3510222,0.0,49645.0
1719327256.5143933,0.0,49645.0
1719327256.6805034,0.0,49645.0
1719327256.837062,0.0,49645.0
1719327257.0189292,0.0,49645.0
1719327257.1807375,0.0,49645.0
1719327257.3530777,0.0,49645.0
1719327257.5125325,0.0,49645.0
1719327257.7311902,0.0,49645.0
1719327257.9287813,0.0,49645.0
1719327258.1392293,0.0,49645.0
1719327258.3299944,0.0,49645.0
1719327258.5412915,0.0,49645.0
1719327258.7260633,0.0,49645.0
1719327258.9090009,0.0,49645.0
1719327259.0710077,0.0,49645.0
1719327259.222385,0.0,49645.0
1719327259.371732,0.0,49645.0
1719327259.5189614,0.0,49645.0
1719327259.6655638,0.0,49645.0
1719327259.807982,0.0,49645.0
1719327259.9544075,0.0,49645.0
1719327260.1022675,0.0,49645.0
1719327260.248293,0.0,49645.0
1719327260.421175,0.0,49645.0
1719327260.5898576,0.0,49645.0
1719327260.7638195,0.0,49645.0
1719327260.9287493,0.0,49645.0
1719327261.1065545,0.0,49645.0
1719327261.27074,0.0,49645.0
1719327261.4520078,0.0,49645.0
1719327261.6147156,0.0,49645.0
1719327261.7749138,0.0,49645.0
1719327261.9458957,0.0,49645.0
1719327262.113637,0.0,49645.0
1719327262.294205,0.0,49645.0
1719327262.4513562,0.0,49645.0
1719327262.653752,0.0,49645.0
1719327262.8858612,0.0,49645.0
1719327263.1141598,0.0,49645.0
1719327263.2926478,0.0,49645.0
1719327263.5018635,0.0,49645.0
1719327263.6640956,0.0,49645.0
1719327263.831154,0.0,49645.0
1719327264.0168173,0.0,49645.0
1719327264.1735883,0.0,49645.0
1719327264.3191264,0.0,49645.0
1719327264.468831,0.0,49645.0
1719327264.6151898,0.0,49645.0
1719327264.7593596,0.0,49645.0
1719327264.908544,0.0,49645.0
1719327265.0563495,0.0,49645.0
1719327265.2191668,0.0,49645.0
1719327265.4005206,0.0,49645.0
1719327265.5950577,0.0,49645.0
1719327265.7637804,0.0,49645.0
1719327265.938019,0.0,49645.0
1719327266.1072285,0.0,49645.0
1719327266.2897463,0.0,49645.0
1719327266.4511478,0.0,49645.0
1719327266.6147826,0.0,49645.0
1719327266.7827556,0.0,49645.0
1719327266.9475813,0.0,49645.0
1719327267.1231368,0.0,49645.0
1719327267.323629,0.0,49645.0
1719327267.5752013,0.0,49645.0
1719327267.7934601,0.0,49645.0
1719327268.0127795,0.0,49645.0
1719327268.2040281,0.0,49645.0
1719327268.4001582,0.0,49645.0
1719327268.5571575,0.0,49645.0
1719327268.7360187,0.0,49645.0
1719327268.908892,0.0,49645.0
1719327269.054549,0.0,49645.0
1719327269.204891,0.0,49645.0
1719327269.3496857,0.0,49645.0
1719327269.5336435,0.0,49645.0
1719327269.681409,0.0,49645.0
1719327269.8275268,0.0,49645.0
1719327269.9742904,0.0,49645.0
1719327270.119794,0.0,49645.0
1719327270.2795587,0.0,49645.0
1719327270.461284,0.0,49645.0
1719327270.6425357,0.0,49645.0
1719327270.8365781,0.0,49645.0
1719327271.0281544,0.0,49645.0
1719327271.196773,0.0,49645.0
1719327271.383037,0.0,49645.0
1719327271.5516522,0.0,49645.0
1719327271.7102354,0.0,49645.0
1719327271.8953114,0.0,49645.0
1719327272.0704598,0.0,49645.0
1719327272.2447329,0.0,49645.0
1719327272.4007916,0.0,49645.0
1719327272.6424072,0.0,49645.0
1719327272.840943,0.0,49645.0
1719327273.0525415,0.0,49645.0
1719327273.241005,0.0,49645.0
1719327273.435483,0.0,49645.0
1719327273.6026394,0.0,49645.0
1719327273.7826602,0.0,49645.0
1719327273.947266,0.0,49645.0
1719327274.0924773,0.0,49645.0
1719327274.24112,0.0,49645.0
1719327274.386907,0.0,49645.0
1719327274.530585,0.0,49645.0
1719327274.6776383,0.0,49645.0
1719327274.823301,0.0,49645.0
1719327274.9724636,0.0,49645.0
1719327275.1736143,0.0,49645.0
1719327275.3750944,0.0,49645.0
1719327275.5441754,0.0,49645.0
1719327275.7205899,0.0,49645.0
1719327275.924102,0.0,49645.0
1719327276.07747,0.0,49645.0
1719327276.248098,0.0,49645.0
1719327276.3969047,0.0,49645.0
1719327276.5573645,0.0,49645.0
1719327276.7252793,0.0,49645.0
1719327276.909633,0.0,49645.0
1719327277.081372,0.0,49645.0
1719327277.2623014,0.0,49645.0
1719327277.5085597,0.0,49645.0
1719327277.6990757,0.0,49645.0
1719327277.912592,0.0,49645.0
1719327278.1157877,0.0,49645.0
1719327278.2884564,0.0,49645.0
1719327278.461472,0.0,49645.0
1719327278.641181,0.0,49645.0
1719327278.7933185,0.0,49645.0
1719327278.941875,0.0,49645.0
1719327279.088692,0.0,49645.0
1719327279.2357895,0.0,49645.0
1719327279.3766227,0.0,49645.0
1719327279.5177202,0.0,49645.0
1719327279.6669602,0.0,49645.0
1719327279.8123894,0.0,49645.0
1719327279.958814,0.0,49645.0
1719327280.1489625,0.0,49645.0
1719327280.3256161,0.0,49645.0
1719327280.4874854,0.0,49645.0
1719327280.6636448,0.0,49645.0
1719327280.841933,0.0,49645.0
1719327280.9989893,0.0,49645.0
1719327281.1706421,0.0,49645.0
1719327281.3262157,0.0,49645.0
1719327281.495968,0.0,49645.0
1719327281.6693714,0.0,49645.0
1719327281.8312933,0.0,49645.0
1719327281.9987106,0.0,49645.0
1719327282.1533322,0.0,49645.0
1719327282.3736806,0.0,49645.0
1719327282.6024399,0.0,49645.0
1719327282.828725,0.0,49645.0
1719327283.0024822,0.0,49645.0
1719327283.2156467,0.0,49645.0
1719327283.3755817,0.0,49645.0
1719327283.5608997,0.0,49645.0
1719327283.7275844,0.0,49645.0
1719327283.8796895,0.0,49645.0
1719327284.0263572,0.0,49645.0
1719327284.1712239,0.0,49645.0
1719327284.3137045,0.0,49645.0
1719327284.4597402,0.0,49645.0
1719327284.6048484,0.0,49645.0
1719327284.7514315,0.0,49645.0
1719327284.922069,0.0,49645.0
1719327285.0900447,0.0,49645.0
1719327285.2566743,0.0,49645.0
1719327285.4229846,0.0,49645.0
1719327285.6018364,0.0,49645.0
1719327285.7697206,0.0,49645.0
1719327285.958654,0.0,49645.0
1719327286.119562,0.0,49645.0
1719327286.2820117,0.0,49645.0
1719327286.4642727,0.0,49645.0
1719327286.6480803,0.0,49645.0
1719327286.830894,0.0,49645.0
1719327286.98284,0.0,49645.0
1719327287.240666,0.0,49645.0
1719327287.4230595,0.0,49645.0
1719327287.6648502,0.0,49645.0
1719327287.878533,0.0,49645.0
1719327288.0364656,0.0,49645.0
1719327288.1917756,0.0,49645.0
1719327288.3568404,0.0,49645.0
1719327288.5178053,0.0,49645.0
1719327288.6659365,0.0,49645.0
1719327288.813536,0.0,49645.0
1719327288.9599488,0.0,49645.0
1719327289.1072206,0.0,49645.0
1719327289.2576547,0.0,49645.0
1719327289.4036405,0.0,49645.0
1719327289.5513403,0.0,49645.0
1719327289.699512,0.0,49645.0
1719327289.8505526,0.0,49645.0
1719327290.037076,0.0,49645.0
1719327290.2289774,0.0,49645.0
1719327290.4000323,0.0,49645.0
1719327290.5764694,0.0,49645.0
1719327290.7720926,0.0,49645.0
1719327290.925806,0.0,49645.0
1719327291.095335,0.0,49645.0
1719327291.2583997,0.0,49645.0
1719327291.4299123,0.0,49645.0
1719327291.6006129,0.0,49645.0
1719327291.7472057,0.0,49645.0
1719327291.9473305,0.0,49645.0
1719327292.1839688,0.0,49645.0
1719327292.3758347,0.0,49645.0
1719327292.6078331,0.0,49645.0
1719327292.7874467,0.0,49645.0
1719327293.0195715,0.0,49645.0
1719327293.177003,0.0,49645.0
1719327293.3348598,0.0,49645.0
1719327293.5100656,0.0,49645.0
1719327293.6877244,0.0,49645.0
1719327293.8332927,0.0,49645.0
1719327293.9827049,0.0,49645.0
1719327294.1275764,0.0,49645.0
1719327294.268187,0.0,49645.0
1719327294.4146893,0.0,49645.0
1719327294.5602105,0.0,49645.0
1719327294.7075055,0.0,49645.0
1719327294.8851938,0.0,49645.0
1719327295.0597122,0.0,49645.0
1719327295.2408779,0.0,49645.0
1719327295.4123015,0.0,49645.0
1719327295.6117673,0.0,49645.0
1719327295.7668343,0.0,49645.0
1719327295.927245,0.0,49645.0
1719327296.0842302,0.0,49645.0
1719327296.2481,0.0,49645.0
1719327296.4180272,0.0,49645.0
1719327296.603164,0.0,49645.0
1719327296.780579,0.0,49645.0
1719327296.9324992,0.0,49645.0
1719327297.1631107,0.0,49645.0
1719327297.3711214,0.0,49645.0
1719327297.610743,0.0,49645.0
1719327297.8254385,0.0,49645.0
1719327297.9833953,0.0,49645.0
1719327298.1306365,0.0,49645.0
1719327298.3121889,0.0,49645.0
1719327298.4720907,0.0,49645.0
1719327298.6232767,0.0,49645.0
1719327298.7703228,0.0,49645.0
1719327298.9195685,0.0,49645.0
1719327299.0689197,0.0,49645.0
1719327299.2108386,0.0,49645.0
1719327299.3532577,0.0,49645.0
1719327299.503061,0.0,49645.0
1719327299.6510558,0.0,49645.0
1719327299.8190734,0.0,49645.0
1719327299.9966598,0.0,49645.0
1719327300.167417,0.0,49645.0
1719327300.3344119,0.0,49645.0
1719327300.513294,0.0,49645.0
1719327300.7042737,0.0,49645.0
1719327300.861457,0.0,49645.0
1719327301.029738,0.0,49645.0
1719327301.1937373,0.0,49645.0
1719327301.3606794,0.0,49645.0
1719327301.5303311,0.0,49645.0
1719327301.6952658,0.0,49645.0
1719327301.8651426,0.0,49645.0
1719327302.0355566,0.0,49645.0
1719327302.2629085,0.0,49645.0
1719327302.4292092,0.0,49645.0
1719327302.6495256,0.0,49645.0
1719327302.866731,0.0,49645.0
1719327303.0462644,0.0,49645.0
1719327303.2049856,0.0,49645.0
1719327303.3746095,0.0,49645.0
1719327303.541534,0.0,49645.0
1719327303.6872363,0.0,49645.0
1719327303.8348897,0.0,49645.0
1719327303.9793162,0.0,49645.0
1719327304.1202164,0.0,49645.0
1719327304.266087,0.0,49645.0
1719327304.4123049,0.0,49645.0
1719327304.558805,0.0,49645.0
1719327304.7581136,0.0,49645.0
1719327304.9295871,0.0,49645.0
1719327305.1124568,0.0,49645.0
1719327305.2854075,0.0,49645.0
1719327305.4669309,0.0,49645.0
1719327305.621671,0.0,49645.0
1719327305.8073318,0.0,49645.0
1719327305.9747987,0.0,49645.0
1719327306.1452923,0.0,49645.0
1719327306.3077915,0.0,49645.0
1719327306.4687343,0.0,49645.0
1719327306.6450572,0.0,49645.0
1719327306.8081057,0.0,49645.0
1719327307.0300043,0.0,49645.0
1719327307.2654727,0.0,49645.0
1719327307.4820526,0.0,49645.0
1719327307.6419568,0.0,49645.0
1719327307.8571289,0.0,49645.0
1719327308.0136108,0.0,49645.0
1719327308.1838365,0.0,49645.0
1719327308.3473055,0.0,49645.0
1719327308.49602,0.0,49645.0
1719327308.642127,0.0,49645.0
1719327308.7892556,0.0,49645.0
1719327308.9354215,0.0,49645.0
1719327309.0787573,0.0,49645.0
1719327309.225681,0.0,49645.0
1719327309.3710477,0.0,49645.0
1719327309.5244436,0.0,49645.0
1719327309.6924298,0.0,49645.0
1719327309.8682566,0.0,49645.0
1719327310.0432634,0.0,49645.0
1719327310.2249486,0.0,49645.0
1719327310.4371896,0.0,49645.0
1719327310.591777,0.0,49645.0
1719327310.7611692,0.0,49645.0
1719327310.9310596,0.0,49645.0
1719327311.091532,0.0,49645.0
1719327311.2738395,0.0,49645.0
1719327311.4447877,0.0,49645.0
1719327311.6058805,0.0,49645.0
1719327311.7642865,0.0,49645.0
1719327312.0017402,0.0,49645.0
1719327312.1739874,0.0,49645.0
1719327312.3892415,0.0,49645.0
1719327312.577144,0.0,49645.0
1719327312.7629378,0.0,49645.0
1719327312.9123454,0.0,49645.0
1719327313.0885592,0.0,49645.0
1719327313.267793,0.0,49645.0
1719327313.4218595,0.0,49645.0
1719327313.5683942,0.0,49645.0
1719327313.714197,0.0,49645.0
1719327313.8564754,0.0,49645.0
1719327314.0060587,0.0,49645.0
1719327314.1505795,0.0,49645.0
1719327314.3078713,0.0,49645.0
1719327314.4994924,0.0,49645.0
1719327314.67067,0.0,49645.0
1719327314.8382943,0.0,49645.0
1719327315.0160933,0.0,49645.0
1719327315.229084,0.0,49645.0
1719327315.3776214,0.0,49645.0
1719327315.5479593,0.0,49645.0
1719327315.7049012,0.0,49645.0
1719327315.8649142,0.0,49645.0
1719327316.035623,0.0,49645.0
1719327316.2115533,0.0,49645.0
1719327316.3752625,0.0,49645.0
1719327316.538288,0.0,49645.0
1719327316.7509255,0.0,49645.0
1719327316.9658828,0.0,49645.0
1719327317.1765997,0.0,49645.0
1719327317.342681,0.0,49645.0
1719327317.5401487,0.0,49645.0
1719327317.6947267,0.0,49645.0
1719327317.872228,0.0,49645.0
1719327318.0522034,0.0,49645.0
1719327318.1976678,0.0,49645.0
1719327318.343189,0.0,49645.0
1719327318.48894,0.0,49645.0
1719327318.6328602,0.0,49645.0
1719327318.7760305,0.0,49645.0
1719327318.9209406,0.0,49645.0
1719327319.0668924,0.0,49645.0
1719327319.2109468,0.0,49645.0
1719327319.3696213,0.0,49645.0
1719327319.544355,0.0,49645.0
1719327319.7123122,0.0,49645.0
1719327319.8893785,0.0,49645.0
1719327320.0661862,0.0,49645.0
1719327320.2683597,0.0,49645.0
1719327320.4272215,0.0,49645.0
1719327320.5946362,0.0,49645.0
1719327320.7626345,0.0,49645.0
1719327320.9265134,0.0,49645.0
1719327321.1105685,0.0,49645.0
1719327321.3307648,0.0,49645.0
1719327321.5585518,0.0,49645.0
1719327321.7788236,0.0,49645.0
1719327321.9824998,0.0,49645.0
1719327322.133587,0.0,49645.0
1719327322.366159,0.0,49645.0
1719327322.5414999,0.0,49645.0
1719327322.708158,0.0,49645.0
1719327322.889385,0.0,49645.0
1719327323.0519333,0.0,49645.0
1719327323.2012396,0.0,49645.0
1719327323.3483849,0.0,49645.0
1719327323.4968576,0.0,49645.0
1719327323.6437047,0.0,49645.0
1719327323.7913454,0.0,49645.0
1719327323.941268,0.0,49645.0
1719327324.1085982,0.0,49645.0
1719327324.2798343,0.0,49645.0
1719327324.4443355,0.0,49645.0
1719327324.6362638,0.0,49645.0
1719327324.8358257,0.0,49645.0
1719327324.9912724,0.0,49645.0
1719327325.161894,0.0,49645.0
1719327325.3188512,0.0,49645.0
1719327325.4865067,0.0,49645.0
1719327325.6739545,0.0,49645.0
1719327325.8497865,0.0,49645.0
1719327326.0260715,0.0,49645.0
1719327326.189604,0.0,49645.0
1719327326.419637,0.0,49645.0
1719327326.637272,0.0,49645.0
1719327326.8548756,0.0,49645.0
1719327327.0270326,0.0,49645.0
1719327327.2116122,0.0,49645.0
1719327327.3615448,0.0,49645.0
1719327327.5276165,0.0,49645.0
1719327327.698525,0.0,49645.0
1719327327.8489716,0.0,49645.0
1719327327.9954681,0.0,49645.0
1719327328.1416116,0.0,49645.0
1719327328.2874308,0.0,49645.0
1719327328.430108,0.0,49645.0
1719327328.579189,0.0,49645.0
1719327328.7260585,0.0,49645.0
1719327328.8718433,0.0,49645.0
1719327329.0489318,0.0,49645.0
1719327329.2310374,0.0,49645.0
1719327329.400402,0.0,49645.0
1719327329.5817811,0.0,49645.0
1719327329.7627957,0.0,49645.0
1719327329.9175565,0.0,49645.0
1719327330.1120496,0.0,49645.0
1719327330.2727256,0.0,49645.0
1719327330.4481866,0.0,49645.0
1719327330.6129756,0.0,49645.0
1719327330.7903764,0.0,49645.0
1719327330.9676056,0.0,49645.0
1719327331.1259487,0.0,49645.0
1719327331.3686702,0.0,49645.0
1719327331.5568125,0.0,49645.0
1719327331.7701328,0.0,49645.0
1719327331.9547472,0.0,49645.0
1719327332.153144,0.0,49645.0
1719327332.3242424,0.0,49645.0
1719327332.49609,0.0,49645.0
1719327332.6568604,0.0,49645.0
1719327332.8059282,0.0,49645.0
1719327332.9518209,0.0,49645.0
1719327333.0971584,0.0,49645.0
1719327333.239209,0.0,49645.0
1719327333.3812578,0.0,49645.0
1719327333.5278955,0.0,49645.0
1719327333.6724827,0.0,49645.0
1719327333.8704596,0.0,49645.0
1719327334.0389395,0.0,49645.0
1719327334.2067351,0.0,49645.0
1719327334.3932774,0.0,49645.0
1719327334.5875852,0.0,49645.0
1719327334.7461226,0.0,49645.0
1719327334.9207823,0.0,49645.0
1719327335.0734024,0.0,49645.0
1719327335.248491,0.0,49645.0
1719327335.4198434,0.0,49645.0
1719327335.6006186,0.0,49645.0
1719327335.7623816,0.0,49645.0
1719327335.9152958,0.0,49645.0
1719327336.1510057,0.0,49645.0
1719327336.3608544,0.0,49645.0
1719327336.5727878,0.0,49645.0
1719327336.7545395,0.0,49645.0
1719327336.942169,0.0,49645.0
1719327337.0937374,0.0,49645.0
1719327337.266137,0.0,49645.0
1719327337.44256,0.0,49645.0
1719327337.5907469,0.0,49645.0
1719327337.7362816,0.0,49645.0
1719327337.8821113,0.0,49645.0
1719327338.0289125,0.0,49645.0
1719327338.1715105,0.0,49645.0
1719327338.319835,0.0,49645.0
1719327338.4663775,0.0,49645.0
1719327338.6120164,0.0,49645.0
1719327338.7912989,0.0,49645.0
1719327338.976794,0.0,49645.0
1719327339.1561494,0.0,49645.0
1719327339.3258898,0.0,49645.0
1719327339.5062459,0.0,49645.0
1719327339.6588855,0.0,49645.0
1719327339.8459306,0.0,49645.0
1719327339.9940224,0.0,49645.0
1719327340.158475,0.0,49645.0
1719327340.3276253,0.0,49645.0
1719327340.5031521,0.0,49645.0
1719327340.6827917,0.0,49645.0
1719327340.8337424,0.0,49645.0
1719327341.0893729,0.0,49645.0
1719327341.2784557,0.0,49645.0
1719327341.492438,0.0,49645.0
1719327341.6519394,0.0,49645.0
1719327341.858611,0.0,49645.0
1719327342.0190444,0.0,49645.0
1719327342.1900795,0.0,49645.0
1719327342.3504298,0.0,49645.0
1719327342.4981234,0.0,49645.0
1719327342.6432056,0.0,49645.0
1719327342.8012857,0.0,49645.0
1719327342.945744,0.0,49645.0
1719327343.0868263,0.0,49645.0
1719327343.234157,0.0,49645.0
1719327343.37894,0.0,49645.0
1719327343.5287416,0.0,49645.0
1719327343.7088492,0.0,49645.0
1719327343.8822982,0.0,49645.0
1719327344.0591373,0.0,49645.0
1719327344.2327578,0.0,49645.0
1719327344.4363437,0.0,49645.0
1719327344.6049902,0.0,49645.0
1719327344.7662995,0.0,49645.0
1719327344.9254239,0.0,49645.0
1719327345.101704,0.0,49645.0
1719327345.265842,0.0,49645.0
1719327345.4354074,0.0,49645.0
1719327345.602209,0.0,49645.0
1719327345.8053575,0.0,49645.0
1719327346.0700843,0.0,49645.0
1719327346.2924986,0.0,49645.0
1719327346.4538825,0.0,49645.0
1719327346.6703193,0.0,49645.0
1719327346.8491518,0.0,49645.0
1719327347.0358493,0.0,49645.0
1719327347.2023044,0.0,49645.0
1719327347.354178,0.0,49645.0
1719327347.498064,0.0,49645.0
1719327347.6468928,0.0,49645.0
1719327347.7937791,0.0,49645.0
1719327347.9372425,0.0,49645.0
1719327348.0804548,0.0,49645.0
1719327348.22643,0.0,49645.0
1719327348.3721914,0.0,49645.0
1719327348.5187566,0.0,49645.0
1719327348.6900487,0.0,49645.0
1719327348.8695292,0.0,49645.0
1719327349.0642807,0.0,49645.0
1719327349.243027,0.0,49645.0
1719327349.465177,0.0,49645.0
1719327349.639463,0.0,49645.0
1719327349.8087184,0.0,49645.0
1719327349.974981,0.0,49645.0
1719327350.1390488,0.0,49645.0
1719327350.2969494,0.0,49645.0
1719327350.4676576,0.0,49645.0
1719327350.6267416,0.0,49645.0
1719327350.8414524,0.0,49645.0
1719327351.0739083,0.0,49645.0
1719327351.28882,0.0,49645.0
1719327351.4748747,0.0,49645.0
1719327351.6919634,0.0,49645.0
1719327351.8417897,0.0,49645.0
1719327352.05868,0.0,49645.0
1719327352.2214024,0.0,49645.0
1719327352.3746374,0.0,49645.0
1719327352.5204222,0.0,49645.0
1719327352.6691153,0.0,49645.0
1719327352.8123832,0.0,49645.0
1719327352.95807,0.0,49645.0
1719327353.10479,0.0,49645.0
1719327353.2592003,0.0,49645.0
1719327353.4287007,0.0,49645.0
1719327353.6147578,0.0,49645.0
1719327353.788262,0.0,49645.0
1719327353.9633243,0.0,49645.0
1719327354.1653156,0.0,49645.0
1719327354.3151004,0.0,49645.0
1719327354.5009785,0.0,49645.0
1719327354.6515367,0.0,49645.0
1719327354.8113863,0.0,49645.0
1719327354.9780393,0.0,49645.0
1719327355.159055,0.0,49645.0
1719327355.334696,0.0,49645.0
1719327355.5081892,0.0,49645.0
1719327355.7277594,0.0,49645.0
1719327355.8939357,0.0,49645.0
1719327356.1062608,0.0,49645.0
1719327356.2947474,0.0,49645.0
1719327356.4871926,0.0,49645.0
1719327356.6467109,0.0,49645.0
1719327356.813298,0.0,49645.0
1719327356.9938161,0.0,49645.0
1719327357.1401293,0.0,49645.0
1719327357.2882395,0.0,49645.0
1719327357.4338584,0.0,49645.0
1719327357.5778208,0.0,49645.0
1719327357.7206242,0.0,49645.0
1719327357.8677828,0.0,49645.0
1719327358.0128226,0.0,49645.0
1719327358.15787,0.0,49645.0
1719327358.3403935,0.0,49645.0
1719327358.5298774,0.0,49645.0
1719327358.7106812,0.0,49645.0
1719327358.8769197,0.0,49645.0
1719327359.0515676,0.0,49645.0
1719327359.2150774,0.0,49645.0
1719327359.3935804,0.0,49645.0
1719327359.5656111,0.0,49645.0
1719327359.722596,0.0,49645.0
1719327359.8881664,0.0,49645.0
1719327360.059252,0.0,49645.0
1719327360.228321,0.0,49645.0
1719327360.3813665,0.0,49645.0
1719327360.5555024,0.0,49645.0
1719327360.7789032,0.0,49645.0
1719327360.9934075,0.0,49645.0
1719327361.1815505,0.0,49645.0
1719327361.395831,0.0,49645.0
1719327361.54887,0.0,49645.0
1719327361.7229888,0.0,49645.0
1719327361.8878372,0.0,49645.0
1719327362.037541,0.0,49645.0
1719327362.1822612,0.0,49645.0
1719327362.3274794,0.0,49645.0
1719327362.4727273,0.0,49645.0
1719327362.6141064,0.0,49645.0
1719327362.7596707,0.0,49645.0
1719327362.9049158,0.0,49645.0
1719327363.052523,0.0,49645.0
1719327363.2235935,0.0,49645.0
1719327363.395749,0.0,49645.0
1719327363.5651364,0.0,49645.0
1719327363.7338593,0.0,49645.0
1719327363.911145,0.0,49645.0
1719327364.0654428,0.0,49645.0
1719327364.2591422,0.0,49645.0
1719327364.4159331,0.0,49645.0
1719327364.5828724,0.0,49645.0
1719327364.7692525,0.0,49645.0
1719327364.940834,0.0,49645.0
1719327365.1205564,0.0,49645.0
1719327365.278847,0.0,49645.0
1719327365.5230122,0.0,49645.0
1719327365.7061446,0.0,49645.0
1719327365.9253037,0.0,49645.0
1719327366.138327,0.0,49645.0
1719327366.3007376,0.0,49645.0
1719327366.4583368,0.0,49645.0
1719327366.6466038,0.0,49645.0
1719327366.8207777,0.0,49645.0
1719327366.966208,0.0,49645.0
1719327367.1141336,0.0,49645.0
1719327367.2630112,0.0,49645.0
1719327367.4113524,0.0,49645.0
1719327367.5538797,0.0,49645.0
1719327367.6982236,0.0,49645.0
1719327367.843668,0.0,49645.0
1719327367.9889705,0.0,49645.0
1719327368.1883278,0.0,49645.0
