timestamp,gpu_util,gpu_mem
1718897481.6860456,5.0,435.0
1718897481.8168488,3.0,435.0
1718897481.9500062,3.0,448.0
1718897482.091393,3.0,954.0
1718897482.2322886,24.0,953.0
1718897482.3665576,14.0,953.0
1718897482.499077,14.0,953.0
1718897482.6324222,13.0,953.0
1718897482.7652526,8.0,953.0
1718897482.91036,8.0,953.0
1718897483.0432258,8.0,955.0
1718897483.1775365,10.0,955.0
1718897483.3114257,10.0,953.0
1718897483.4466746,11.0,943.0
1718897483.5775313,10.0,943.0
1718897483.7087533,10.0,953.0
1718897483.839357,10.0,953.0
1718897483.9728386,8.0,953.0
1718897484.1060221,8.0,961.0
1718897484.2374911,11.0,961.0
1718897484.3699117,9.0,961.0
1718897484.505847,9.0,961.0
1718897484.639435,15.0,961.0
1718897484.7730868,14.0,961.0
1718897484.9074228,14.0,961.0
1718897485.0394287,9.0,961.0
1718897485.1731615,10.0,929.0
1718897485.30853,10.0,931.0
1718897485.445021,12.0,931.0
1718897485.5806067,13.0,931.0
1718897485.717893,13.0,931.0
1718897485.853662,13.0,931.0
1718897485.9857786,11.0,931.0
1718897486.1214569,11.0,931.0
1718897486.2608006,11.0,931.0
1718897486.3979642,12.0,931.0
1718897486.5352037,12.0,935.0
1718897486.6769416,12.0,935.0
1718897486.8193889,12.0,935.0
1718897486.957336,13.0,935.0
1718897487.09142,13.0,935.0
1718897487.2304952,12.0,935.0
1718897487.3681908,13.0,935.0
1718897487.506708,13.0,935.0
1718897487.645439,13.0,935.0
1718897487.7824707,12.0,936.0
1718897487.9154224,12.0,936.0
1718897488.0578094,12.0,936.0
1718897488.1942375,8.0,936.0
1718897488.3311784,2.0,936.0
1718897488.4706883,2.0,936.0
1718897488.609295,8.0,936.0
1718897488.749487,12.0,936.0
1718897488.8874214,12.0,936.0
1718897489.0272927,13.0,936.0
1718897489.1723883,12.0,936.0
1718897489.3132477,12.0,936.0
1718897489.447171,7.0,936.0
1718897489.5834196,2.0,936.0
1718897489.719422,2.0,936.0
1718897489.860225,15.0,936.0
1718897489.996786,13.0,936.0
1718897490.1343403,12.0,936.0
1718897490.2703567,12.0,936.0
1718897490.4086893,15.0,936.0
1718897490.5430627,12.0,936.0
1718897490.6762078,12.0,936.0
1718897490.808473,14.0,936.0
1718897490.941926,13.0,936.0
1718897491.0762527,13.0,936.0
1718897491.208864,12.0,936.0
1718897491.3427455,1.0,936.0
1718897491.4765284,1.0,936.0
1718897491.6099026,8.0,936.0
1718897491.7429106,1.0,936.0
1718897491.8754284,1.0,936.0
1718897492.0127769,1.0,936.0
1718897492.148617,7.0,936.0
1718897492.2817316,7.0,936.0
1718897492.4164636,11.0,936.0
1718897492.552185,11.0,936.0
1718897492.6867979,11.0,936.0
1718897492.8229644,1.0,936.0
1718897492.9577935,16.0,936.0
1718897493.093859,16.0,936.0
1718897493.2248235,14.0,936.0
1718897493.3623104,4.0,936.0
1718897493.4999363,4.0,936.0
1718897493.6346958,11.0,936.0
1718897493.7662942,4.0,936.0
1718897493.9023693,4.0,936.0
1718897494.0350387,1.0,936.0
1718897494.1674266,5.0,936.0
1718897494.3019323,5.0,936.0
1718897494.4369256,0.0,936.0
1718897494.56941,0.0,936.0
1718897494.7041984,0.0,935.0
1718897494.8386934,6.0,935.0
1718897494.9736948,12.0,935.0
1718897495.105738,12.0,935.0
1718897495.2362988,12.0,935.0
1718897495.3674176,4.0,935.0
1718897495.4994123,4.0,935.0
1718897495.6314092,0.0,935.0
1718897495.7619824,11.0,935.0
1718897495.8938668,11.0,935.0
1718897496.0240831,16.0,935.0
1718897496.1545277,5.0,935.0
1718897496.2905657,5.0,935.0
1718897496.426865,9.0,935.0
1718897496.5615745,3.0,935.0
1718897496.693954,3.0,935.0
1718897496.8265781,0.0,935.0
1718897496.9583285,1.0,935.0
1718897497.090537,1.0,935.0
1718897497.223413,0.0,935.0
1718897497.3545618,6.0,935.0
1718897497.4923184,6.0,935.0
1718897497.6247373,2.0,935.0
1718897497.7567725,2.0,935.0
1718897497.8904557,2.0,935.0
1718897498.0232422,0.0,935.0
1718897498.1561594,1.0,935.0
1718897498.2884045,1.0,935.0
1718897498.4222329,2.0,935.0
1718897498.5548575,0.0,935.0
1718897498.6893535,0.0,935.0
1718897498.8212526,1.0,975.0
1718897498.9554973,3.0,975.0
1718897499.086854,3.0,975.0
1718897499.2194352,1.0,976.0
1718897499.359437,21.0,976.0
1718897499.4977148,21.0,976.0
1718897499.6332412,47.0,967.0
1718897499.7686298,22.0,967.0
1718897499.9022508,22.0,967.0
1718897500.039223,8.0,967.0
1718897500.1738272,4.0,967.0
1718897500.3067367,4.0,967.0
1718897500.4407308,9.0,967.0
1718897500.5736487,9.0,967.0
1718897500.7061214,9.0,967.0
1718897500.840046,23.0,955.0
1718897500.9744463,35.0,955.0
1718897501.1069882,35.0,955.0
1718897501.2394178,21.0,955.0
1718897501.3704207,10.0,955.0
1718897501.5027092,10.0,959.0
1718897501.6341586,11.0,959.0
1718897501.766795,9.0,959.0
1718897501.9008055,9.0,959.0
1718897502.0325847,11.0,959.0
1718897502.1659372,12.0,959.0
1718897502.2981153,12.0,959.0
1718897502.4294589,11.0,959.0
1718897502.562343,11.0,959.0
1718897502.694485,11.0,963.0
1718897502.8252375,40.0,963.0
1718897502.9570704,27.0,963.0
1718897503.092375,27.0,963.0
1718897503.2261713,10.0,963.0
1718897503.3568902,12.0,963.0
1718897503.4909878,12.0,963.0
1718897503.6249003,10.0,963.0
1718897503.7572463,10.0,963.0
1718897503.889719,10.0,963.0
1718897504.0223744,10.0,963.0
1718897504.1546159,10.0,963.0
1718897504.2865403,10.0,963.0
1718897504.4205496,10.0,963.0
1718897504.5538733,12.0,963.0
1718897504.6874194,12.0,931.0
1718897504.8274882,36.0,931.0
1718897505.0180583,41.0,931.0
1718897505.2587686,42.0,931.0
1718897505.4951448,42.0,931.0
1718897505.7389555,49.0,931.0
1718897505.9335032,16.0,931.0
1718897506.1242814,11.0,931.0
1718897506.3722332,15.0,931.0
1718897506.661217,12.0,931.0
1718897506.8308165,12.0,931.0
1718897507.023423,11.0,931.0
1718897507.1974823,13.0,931.0
1718897507.3666492,13.0,931.0
1718897507.5291243,9.0,931.0
1718897507.7047002,40.0,931.0
1718897507.8746347,40.0,931.0
1718897508.0541265,41.0,931.0
1718897508.2361894,39.0,931.0
1718897508.4425902,47.0,931.0
1718897508.7607741,45.0,931.0
1718897508.9176652,45.0,931.0
1718897509.0544982,36.0,931.0
1718897509.2394252,41.0,931.0
1718897509.3874207,38.0,931.0
1718897509.5594192,40.0,931.0
1718897509.739437,37.0,931.0
1718897509.9119284,42.0,931.0
1718897510.1032355,14.0,931.0
1718897510.282972,13.0,931.0
1718897510.511498,13.0,931.0
1718897510.7173743,12.0,931.0
1718897510.8809538,12.0,931.0
1718897511.014262,11.0,931.0
1718897511.1503007,11.0,931.0
1718897511.2852802,11.0,931.0
1718897511.4192295,11.0,931.0
1718897511.552762,11.0,931.0
1718897511.6914704,12.0,931.0
1718897511.9084775,39.0,931.0
1718897512.2054324,50.0,931.0
1718897512.4554815,42.0,931.0
1718897512.6886537,37.0,931.0
1718897512.8675182,45.0,931.0
1718897513.113014,44.0,931.0
1718897513.4275198,42.0,931.0
1718897513.6654193,13.0,931.0
1718897513.8696103,13.0,931.0
1718897514.011472,12.0,931.0
1718897514.1943934,12.0,931.0
1718897514.3731754,11.0,931.0
1718897514.5097816,12.0,931.0
1718897514.706851,12.0,931.0
1718897514.8595726,12.0,931.0
1718897515.0595205,13.0,931.0
1718897515.2582204,43.0,931.0
1718897515.5226264,44.0,931.0
1718897515.765766,44.0,931.0
1718897515.936387,40.0,931.0
1718897516.1053498,41.0,931.0
1718897516.2754185,43.0,931.0
1718897516.4674234,43.0,931.0
1718897516.651491,40.0,931.0
1718897516.8306432,37.0,931.0
1718897517.018043,39.0,931.0
1718897517.2043023,46.0,931.0
1718897517.4755175,46.0,931.0
1718897517.6287894,13.0,931.0
1718897517.773889,13.0,931.0
1718897517.9113376,13.0,931.0
1718897518.0506222,9.0,931.0
1718897518.1857471,11.0,931.0
1718897518.3222106,10.0,931.0
1718897518.4577446,10.0,931.0
1718897518.6579528,12.0,931.0
1718897518.896183,12.0,931.0
1718897519.1403878,12.0,931.0
1718897519.4000525,43.0,931.0
1718897519.6269133,44.0,931.0
1718897519.8372567,39.0,931.0
1718897520.0874474,45.0,931.0
1718897520.3075206,43.0,931.0
1718897520.5639353,36.0,931.0
1718897520.7129972,42.0,931.0
1718897520.8708682,42.0,931.0
1718897521.0354824,13.0,931.0
1718897521.1860552,12.0,931.0
1718897521.3270257,10.0,931.0
1718897521.5122607,13.0,931.0
1718897521.6626306,13.0,931.0
1718897521.8496954,13.0,931.0
1718897522.002578,12.0,931.0
1718897522.1977327,14.0,931.0
1718897522.4789479,14.0,931.0
1718897522.6284094,13.0,931.0
1718897522.7824764,42.0,931.0
1718897522.9834335,42.0,931.0
1718897523.1392477,40.0,931.0
1718897523.3188052,44.0,931.0
1718897523.4972758,41.0,931.0
1718897523.6899683,43.0,931.0
1718897523.8739274,39.0,931.0
1718897524.1309583,43.0,931.0
1718897524.430106,40.0,931.0
1718897524.583485,43.0,931.0
1718897524.7278957,42.0,931.0
1718897524.8619049,42.0,931.0
1718897524.993827,14.0,931.0
1718897525.1313376,10.0,931.0
1718897525.2685897,10.0,931.0
1718897525.4075103,12.0,931.0
1718897525.6281145,13.0,931.0
1718897525.9003053,13.0,931.0
1718897526.1155756,13.0,931.0
1718897526.383494,13.0,931.0
1718897526.567466,14.0,931.0
1718897526.7717214,36.0,931.0
1718897527.0474796,38.0,931.0
1718897527.363557,44.0,931.0
1718897527.5392482,42.0,931.0
1718897527.6887796,43.0,931.0
1718897527.8740406,38.0,931.0
1718897528.0698895,38.0,931.0
1718897528.2275984,38.0,931.0
1718897528.4157765,44.0,931.0
1718897528.583601,38.0,931.0
1718897528.759488,38.0,931.0
1718897528.958234,40.0,931.0
1718897529.1797886,40.0,931.0
1718897529.4461093,42.0,931.0
1718897529.6426485,41.0,931.0
1718897529.8074157,11.0,931.0
1718897529.987427,11.0,931.0
1718897530.1314178,11.0,931.0
1718897530.3109283,10.0,931.0
1718897530.490872,10.0,931.0
1718897530.6434827,11.0,931.0
1718897530.8234937,13.0,931.0
1718897531.05475,14.0,931.0
1718897531.2956307,12.0,931.0
1718897531.5087228,40.0,931.0
1718897531.6776886,40.0,931.0
1718897531.8124652,44.0,931.0
1718897531.947172,44.0,931.0
1718897532.083429,44.0,931.0
1718897532.2261043,37.0,931.0
1718897532.363498,41.0,931.0
1718897532.5675235,42.0,931.0
1718897532.8069847,43.0,931.0
1718897533.0755002,41.0,931.0
1718897533.3517013,41.0,931.0
1718897533.5426228,13.0,931.0
1718897533.7554822,13.0,931.0
1718897534.0232928,13.0,931.0
1718897534.256192,13.0,931.0
1718897534.4450908,13.0,931.0
1718897534.6165123,12.0,931.0
1718897534.774497,12.0,931.0
1718897534.9435074,11.0,931.0
1718897535.0990236,11.0,931.0
1718897535.2415478,12.0,931.0
1718897535.411447,41.0,931.0
1718897535.5592208,43.0,931.0
1718897535.7507236,42.0,931.0
1718897535.9376101,38.0,931.0
1718897536.1357102,41.0,931.0
1718897536.4242945,49.0,931.0
1718897536.5777955,43.0,931.0
1718897536.7354114,43.0,931.0
1718897536.9126995,11.0,931.0
1718897537.0790675,11.0,931.0
1718897537.2594264,11.0,931.0
1718897537.4271975,11.0,931.0
1718897537.5840516,11.0,931.0
1718897537.7835033,11.0,931.0
1718897538.0247688,12.0,931.0
1718897538.2955108,14.0,931.0
1718897538.4643748,14.0,931.0
1718897538.6143296,11.0,931.0
1718897538.7506402,38.0,931.0
1718897538.8885303,38.0,931.0
1718897539.0272357,42.0,931.0
1718897539.174228,44.0,931.0
1718897539.3126981,43.0,931.0
1718897539.523568,40.0,931.0
1718897539.8200471,42.0,931.0
1718897540.070496,45.0,931.0
1718897540.3305478,14.0,931.0
1718897540.514601,12.0,931.0
1718897540.7194896,12.0,931.0
1718897540.963501,14.0,931.0
1718897541.18349,13.0,931.0
1718897541.4864476,13.0,931.0
1718897541.619995,13.0,931.0
1718897541.787337,12.0,931.0
1718897541.9592645,12.0,931.0
1718897542.1355171,40.0,931.0
1718897542.3314953,42.0,931.0
1718897542.5074708,43.0,931.0
1718897542.682463,41.0,931.0
1718897542.875516,47.0,931.0
1718897543.1155005,45.0,931.0
1718897543.410141,40.0,931.0
1718897543.5674253,42.0,931.0
1718897543.7184343,12.0,931.0
1718897543.8673093,12.0,931.0
1718897544.034792,11.0,931.0
1718897544.2267065,11.0,931.0
1718897544.4034963,11.0,931.0
1718897544.5712273,11.0,931.0
1718897544.7696116,11.0,931.0
1718897544.9847853,13.0,931.0
1718897545.2543728,12.0,931.0
1718897545.4671865,12.0,931.0
1718897545.6084652,42.0,931.0
1718897545.7473183,41.0,931.0
1718897545.8829796,41.0,931.0
1718897546.0219867,43.0,931.0
1718897546.1607568,41.0,931.0
1718897546.30631,40.0,931.0
1718897546.5636303,38.0,931.0
1718897546.8514347,38.0,931.0
1718897547.155489,44.0,931.0
1718897547.3617961,47.0,931.0
1718897547.5567038,15.0,931.0
1718897547.8287156,13.0,931.0
1718897548.0766878,14.0,931.0
1718897548.3117397,11.0,931.0
1718897548.4645512,11.0,931.0
1718897548.6333258,12.0,931.0
1718897548.8102198,11.0,931.0
1718897548.9772856,13.0,931.0
1718897549.1596239,11.0,931.0
1718897549.348685,38.0,931.0
1718897549.5352645,42.0,931.0
1718897549.7211306,42.0,931.0
1718897549.9633548,42.0,931.0
1718897550.196258,45.0,931.0
1718897550.3830574,39.0,931.0
1718897550.5427322,44.0,931.0
1718897550.7314208,38.0,931.0
1718897550.891281,40.0,931.0
1718897551.0674183,39.0,931.0
1718897551.2465045,39.0,931.0
1718897551.4275146,41.0,931.0
1718897551.619478,40.0,931.0
1718897551.8310945,43.0,931.0
1718897552.0711176,14.0,931.0
1718897552.254466,14.0,931.0
1718897552.4090621,11.0,931.0
1718897552.5458322,11.0,931.0
1718897552.680543,11.0,931.0
1718897552.8129845,11.0,931.0
1718897552.9453971,11.0,931.0
1718897553.0787625,11.0,931.0
1718897553.22352,11.0,931.0
1718897553.4355366,12.0,931.0
1718897553.7356617,13.0,931.0
1718897554.0354578,38.0,931.0
1718897554.3035107,42.0,931.0
1718897554.497111,41.0,931.0
1718897554.7114763,45.0,931.0
1718897554.9834855,41.0,931.0
1718897555.1287534,43.0,931.0
1718897555.387574,40.0,931.0
1718897555.530969,46.0,931.0
1718897555.7194717,14.0,931.0
1718897555.8965259,10.0,931.0
1718897556.047272,10.0,931.0
1718897556.230054,11.0,931.0
1718897556.4074495,12.0,931.0
1718897556.5677223,10.0,931.0
1718897556.767501,14.0,931.0
1718897556.9954846,12.0,931.0
1718897557.238484,15.0,931.0
1718897557.4386992,13.0,931.0
1718897557.6066043,44.0,931.0
1718897557.7681718,39.0,931.0
1718897557.9488704,37.0,931.0
1718897558.143914,39.0,931.0
1718897558.325016,39.0,931.0
1718897558.5299814,39.0,931.0
1718897558.7304757,40.0,931.0
1718897558.9594269,40.0,931.0
1718897559.2189248,40.0,931.0
1718897559.403642,44.0,931.0
1718897559.5604868,40.0,931.0
1718897559.6965027,40.0,931.0
1718897559.8321347,38.0,931.0
1718897559.9664679,38.0,931.0
1718897560.0994215,38.0,931.0
1718897560.2394788,39.0,931.0
1718897560.467511,47.0,931.0
1718897560.8075376,46.0,931.0
1718897561.0490532,15.0,931.0
1718897561.2360244,13.0,931.0
1718897561.4182374,12.0,931.0
1718897561.6154873,13.0,931.0
1718897561.8764036,13.0,931.0
1718897562.0954378,13.0,931.0
1718897562.2715623,13.0,931.0
1718897562.4256165,12.0,931.0
1718897562.575497,12.0,931.0
1718897562.7378933,36.0,931.0
1718897562.897405,36.0,931.0
1718897563.035382,42.0,931.0
1718897563.2114224,37.0,931.0
1718897563.366888,45.0,941.0
1718897563.544927,92.0,941.0
1718897563.7257328,12.0,941.0
1718897563.9328344,7.0,941.0
1718897564.2537959,8.0,941.0
1718897564.451425,8.0,937.0
1718897564.5914235,6.0,937.0
1718897564.7768004,9.0,937.0
1718897564.9270856,14.0,937.0
1718897565.1125526,10.0,937.0
1718897565.2915633,2.0,937.0
1718897565.4501848,2.0,937.0
1718897565.647666,9.0,937.0
1718897565.8954973,10.0,937.0
1718897566.1425068,12.0,937.0
1718897566.295234,10.0,937.0
1718897566.4539156,10.0,937.0
1718897566.587033,12.0,937.0
1718897566.721474,11.0,937.0
1718897566.8571553,11.0,937.0
1718897566.997581,11.0,937.0
1718897567.130972,11.0,937.0
1718897567.2636507,11.0,937.0
1718897567.4387565,40.0,937.0
1718897567.7311127,17.0,937.0
1718897567.9857988,11.0,937.0
1718897568.2126567,16.0,937.0
1718897568.3871713,12.0,937.0
1718897568.6035113,13.0,937.0
1718897568.8914967,12.0,937.0
1718897569.171247,11.0,937.0
1718897569.3493874,11.0,937.0
1718897569.4854605,41.0,937.0
1718897569.68519,41.0,937.0
1718897569.8651152,41.0,937.0
1718897570.0370667,39.0,937.0
1718897570.2009466,46.0,937.0
1718897570.3754673,42.0,937.0
1718897570.5595007,38.0,937.0
1718897570.7395144,39.0,937.0
1718897570.9755576,46.0,937.0
1718897571.2955139,16.0,937.0
1718897571.4541466,16.0,937.0
1718897571.599429,11.0,937.0
1718897571.7888312,11.0,939.0
1718897571.9400947,12.0,938.0
1718897572.1154156,10.0,938.0
1718897572.2875292,11.0,938.0
1718897572.4629622,12.0,938.0
1718897572.6597838,13.0,938.0
1718897572.8714592,13.0,938.0
1718897573.17114,44.0,938.0
1718897573.317705,42.0,938.0
1718897573.4717965,42.0,938.0
1718897573.6099863,45.0,938.0
1718897573.7510076,40.0,938.0
1718897573.8874185,40.0,938.0
1718897574.0215623,41.0,938.0
1718897574.1595054,36.0,938.0
1718897574.391526,43.0,938.0
1718897574.6661065,44.0,938.0
1718897574.9144065,16.0,936.0
1718897575.1386747,15.0,936.0
1718897575.3220057,13.0,936.0
1718897575.5206406,13.0,936.0
1718897575.7954755,13.0,936.0
1718897576.0675092,12.0,936.0
1718897576.3021164,12.0,936.0
1718897576.4668489,12.0,936.0
1718897576.6794949,41.0,936.0
1718897576.849986,41.0,936.0
1718897577.0255363,37.0,936.0
1718897577.1994317,40.0,936.0
1718897577.3485115,47.0,936.0
1718897577.551497,43.0,936.0
1718897577.755042,41.0,936.0
1718897578.0395234,43.0,936.0
1718897578.2634196,43.0,936.0
1718897578.4297385,40.0,936.0
1718897578.5913277,37.0,936.0
1718897578.7794297,37.0,936.0
1718897578.971421,41.0,936.0
1718897579.1530936,40.0,936.0
1718897579.3430367,38.0,936.0
1718897579.5434985,39.0,936.0
1718897579.76352,16.0,936.0
1718897580.074827,15.0,936.0
1718897580.2449622,15.0,936.0
1718897580.3914242,11.0,936.0
1718897580.5253422,10.0,936.0
1718897580.6581836,10.0,936.0
1718897580.7900934,10.0,936.0
1718897580.9243472,10.0,936.0
1718897581.0635083,11.0,936.0
1718897581.3035045,13.0,936.0
1718897581.5595052,13.0,936.0
1718897581.857996,44.0,936.0
1718897582.1072035,46.0,936.0
1718897582.2945433,40.0,936.0
1718897582.6059024,41.0,936.0
1718897582.899488,39.0,936.0
1718897583.1573877,61.0,936.0
1718897583.3114223,29.0,936.0
1718897583.478098,27.0,926.0
1718897583.6514227,27.0,926.0
1718897583.8154576,16.0,926.0
1718897583.9954689,2.0,926.0
1718897584.1754847,1.0,926.0
1718897584.3514695,1.0,926.0
1718897584.5395346,10.0,926.0
1718897584.7585723,13.0,926.0
1718897584.9874995,4.0,926.0
1718897585.1513197,1.0,926.0
1718897585.3277454,2.0,936.0
1718897585.5207777,54.0,936.0
1718897585.675417,15.0,936.0
1718897585.8634179,66.0,936.0
1718897586.0474577,66.0,936.0
1718897586.225434,48.0,936.0
1718897586.4256098,6.0,936.0
1718897586.6074963,15.0,936.0
1718897586.8354614,11.0,936.0
1718897587.0331695,11.0,936.0
1718897587.1794217,13.0,936.0
1718897587.3125858,0.0,936.0
1718897587.444242,0.0,936.0
1718897587.581578,3.0,936.0
1718897587.7176294,15.0,981.0
1718897587.856883,32.0,977.0
1718897588.0755394,9.0,972.0
1718897588.3349414,2.0,976.0
1718897588.596749,78.0,976.0
1718897588.8980963,7.0,976.0
1718897589.071491,1.0,976.0
1718897589.2834845,2.0,972.0
1718897589.5155203,2.0,972.0
1718897589.7394578,1.0,970.0
1718897589.9195108,5.0,970.0
1718897590.1355205,3.0,970.0
1718897590.2714782,1.0,970.0
1718897590.450012,1.0,970.0
1718897590.6147513,0.0,970.0
1718897590.751005,2.0,970.0
1718897590.9282868,2.0,970.0
1718897591.069496,2.0,970.0
1718897591.219382,2.0,970.0
1718897591.4075072,0.0,970.0
1718897591.6206691,39.0,972.0
1718897591.873183,34.0,972.0
1718897592.057229,34.0,972.0
1718897592.2163165,91.0,972.0
1718897592.3674238,13.0,972.0
1718897592.543411,6.0,954.0
1718897592.699042,4.0,954.0
1718897592.8474216,4.0,954.0
1718897593.0326364,3.0,954.0
1718897593.1925268,3.0,954.0
1718897593.3795006,5.0,954.0
1718897593.5789309,3.0,954.0
1718897593.834447,3.0,954.0
1718897594.0554688,3.0,954.0
1718897594.1948845,19.0,954.0
1718897594.331274,24.0,954.0
1718897594.465354,24.0,954.0
1718897594.6004758,49.0,954.0
1718897594.7427647,53.0,956.0
1718897594.8807018,53.0,956.0
1718897595.0195105,44.0,952.0
1718897595.210958,31.0,952.0
1718897595.458864,23.0,948.0
1718897595.6855793,26.0,948.0
1718897595.9295468,5.0,948.0
1718897596.127475,4.0,954.0
1718897596.315529,2.0,954.0
1718897596.5715053,3.0,954.0
1718897596.822296,14.0,954.0
1718897597.0610306,14.0,954.0
1718897597.1985052,5.0,954.0
1718897597.3510728,22.0,954.0
1718897597.5450792,54.0,954.0
1718897597.7119086,22.0,954.0
1718897597.8796394,0.0,954.0
1718897598.0475667,0.0,954.0
1718897598.220999,37.0,954.0
1718897598.3875148,66.0,934.0
1718897598.5984247,38.0,934.0
1718897598.8276627,30.0,939.0
1718897599.0555077,30.0,940.0
1718897599.2827659,29.0,941.0
1718897599.4434247,29.0,941.0
1718897599.6274278,0.0,941.0
1718897599.7834203,0.0,943.0
1718897599.9674218,12.0,943.0
1718897600.1430862,4.0,943.0
1718897600.315413,0.0,943.0
1718897600.5146258,0.0,943.0
1718897600.727155,16.0,943.0
1718897600.9995346,0.0,943.0
1718897601.1672287,73.0,943.0
1718897601.3217528,15.0,943.0
1718897601.4547372,15.0,943.0
1718897601.5918558,2.0,943.0
1718897601.724577,2.0,943.0
1718897601.8617122,2.0,943.0
1718897601.999507,0.0,943.0
1718897602.1875455,0.0,943.0
1718897602.4675262,2.0,943.0
1718897602.7315662,0.0,943.0
1718897602.9780853,0.0,943.0
1718897603.1597867,0.0,943.0
1718897603.3496103,0.0,943.0
1718897603.6107984,13.0,943.0
1718897603.8595264,0.0,943.0
1718897604.061489,0.0,943.0
1718897604.1974614,0.0,943.0
1718897604.3547032,0.0,943.0
1718897604.5352366,0.0,943.0
1718897604.7045562,0.0,943.0
1718897604.8850107,12.0,943.0
1718897605.0779655,0.0,943.0
1718897605.2429588,0.0,943.0
1718897605.4506857,0.0,943.0
1718897605.682872,0.0,943.0
1718897605.959507,0.0,943.0
1718897606.151547,12.0,943.0
1718897606.3074305,0.0,943.0
1718897606.5274186,0.0,943.0
1718897606.7047658,0.0,943.0
1718897606.8886628,0.0,943.0
1718897607.1101403,0.0,943.0
1718897607.2931907,13.0,943.0
1718897607.5606503,0.0,943.0
1718897607.8475175,0.0,943.0
1718897608.0516245,0.0,943.0
1718897608.2420459,0.0,943.0
1718897608.38701,0.0,943.0
1718897608.529214,12.0,943.0
1718897608.6586123,12.0,943.0
1718897608.7954037,0.0,943.0
1718897608.927525,0.0,943.0
1718897609.1622424,0.0,943.0
1718897609.4705093,0.0,943.0
1718897609.78455,33.0,943.0
1718897609.9940023,0.0,943.0
1718897610.2423887,0.0,943.0
1718897610.4955435,35.0,943.0
1718897610.6997523,0.0,943.0
1718897610.9234872,0.0,943.0
1718897611.1475594,0.0,943.0
1718897611.293566,0.0,943.0
1718897611.4915028,1.0,943.0
1718897611.6708515,1.0,943.0
1718897611.8091037,0.0,943.0
1718897611.9721594,0.0,943.0
1718897612.1202705,0.0,943.0
1718897612.3114963,0.0,943.0
1718897612.4953275,0.0,943.0
1718897612.7394836,0.0,943.0
1718897612.9954624,0.0,943.0
1718897613.1514204,0.0,943.0
1718897613.311269,0.0,943.0
1718897613.5051382,0.0,943.0
1718897613.6457078,0.0,943.0
1718897613.8227541,0.0,943.0
1718897613.99491,0.0,943.0
1718897614.1534283,0.0,943.0
1718897614.3515067,0.0,943.0
1718897614.5925903,0.0,943.0
1718897614.9257033,0.0,943.0
1718897615.091434,0.0,943.0
1718897615.2300303,0.0,943.0
1718897615.3736982,0.0,943.0
1718897615.516498,0.0,943.0
1718897615.6541278,0.0,943.0
1718897615.795501,0.0,943.0
1718897615.9806156,0.0,943.0
1718897616.2538755,0.0,943.0
1718897616.487582,0.0,943.0
1718897616.691618,0.0,943.0
1718897616.8914864,0.0,943.0
1718897617.1000443,1.0,943.0
1718897617.3429046,0.0,943.0
1718897617.5779414,0.0,943.0
1718897617.7614667,0.0,943.0
1718897617.9337618,0.0,943.0
1718897618.090049,0.0,943.0
1718897618.2475197,0.0,943.0
1718897618.4094515,0.0,943.0
1718897618.5427165,0.0,943.0
1718897618.7055423,0.0,943.0
1718897618.850265,0.0,943.0
1718897619.0173023,0.0,943.0
1718897619.2074823,0.0,943.0
1718897619.4144547,0.0,943.0
1718897619.6348042,0.0,943.0
1718897619.8423984,0.0,943.0
1718897620.0087047,0.0,943.0
1718897620.1688097,0.0,943.0
1718897620.3474221,0.0,943.0
1718897620.5271177,0.0,943.0
1718897620.7152433,0.0,943.0
1718897620.905459,0.0,943.0
1718897621.0994759,0.0,943.0
1718897621.3355343,0.0,943.0
1718897621.6314857,0.0,943.0
1718897621.8065338,0.0,943.0
1718897621.9413092,0.0,943.0
1718897622.076402,0.0,943.0
1718897622.2123845,0.0,943.0
1718897622.348454,0.0,943.0
1718897622.4857378,0.0,943.0
1718897622.7046797,0.0,943.0
1718897623.0161107,0.0,943.0
1718897623.2995791,0.0,943.0
1718897623.5595064,0.0,943.0
1718897623.7419958,0.0,943.0
1718897623.9554431,0.0,943.0
1718897624.263931,0.0,943.0
1718897624.4793777,0.0,943.0
1718897624.6377923,0.0,943.0
1718897624.790258,0.0,943.0
1718897624.9795892,0.0,943.0
1718897625.1434195,0.0,943.0
1718897625.3116202,0.0,943.0
1718897625.4716864,0.0,943.0
1718897625.6440954,10.0,943.0
1718897625.8305304,10.0,943.0
1718897626.0100725,0.0,943.0
1718897626.2194881,0.0,943.0
1718897626.5057027,0.0,943.0
1718897626.6876667,0.0,943.0
1718897626.8314168,0.0,943.0
1718897627.0232635,30.0,943.0
1718897627.1674156,0.0,943.0
1718897627.352057,0.0,943.0
1718897627.5343473,0.0,943.0
1718897627.7194688,6.0,943.0
1718897627.9028642,6.0,943.0
1718897628.131528,0.0,943.0
1718897628.4034684,0.0,943.0
1718897628.5775898,14.0,943.0
1718897628.7263017,0.0,943.0
1718897628.8644075,0.0,943.0
1718897629.000553,0.0,943.0
1718897629.139822,0.0,943.0
1718897629.2820294,0.0,943.0
1718897629.510845,0.0,943.0
1718897629.8234918,0.0,943.0
1718897630.1143038,0.0,943.0
1718897630.3700583,0.0,943.0
1718897630.5394802,0.0,943.0
1718897630.7715034,0.0,943.0
1718897631.0195146,0.0,943.0
1718897631.2611744,0.0,943.0
1718897631.530808,0.0,943.0
1718897631.6743355,0.0,943.0
1718897631.8552697,0.0,943.0
1718897632.0348232,0.0,943.0
1718897632.1954746,0.0,943.0
1718897632.3865373,0.0,943.0
1718897632.5554788,1.0,943.0
1718897632.7434871,0.0,943.0
1718897632.9425273,0.0,943.0
1718897633.20747,0.0,943.0
1718897633.3859875,0.0,943.0
1718897633.5604157,0.0,943.0
1718897633.7189486,0.0,943.0
1718897633.9113734,0.0,943.0
1718897634.0971138,1.0,943.0
1718897634.2790647,0.0,943.0
1718897634.4874299,0.0,943.0
1718897634.6635482,0.0,943.0
1718897634.8875003,0.0,943.0
1718897635.1794791,0.0,943.0
1718897635.3636665,0.0,943.0
1718897635.516542,0.0,943.0
1718897635.6561034,0.0,943.0
1718897635.7921598,0.0,943.0
1718897635.93371,0.0,943.0
1718897636.0684447,0.0,943.0
1718897636.2624173,0.0,943.0
1718897636.5673609,0.0,943.0
1718897636.7794683,0.0,943.0
1718897636.9994316,0.0,943.0
1718897637.2114604,0.0,943.0
1718897637.4150503,0.0,943.0
1718897637.7475092,0.0,943.0
1718897638.016896,0.0,943.0
1718897638.1874235,0.0,943.0
1718897638.3354814,0.0,943.0
1718897638.5135183,0.0,943.0
1718897638.6894162,0.0,943.0
1718897638.8589942,0.0,943.0
1718897639.022898,0.0,943.0
1718897639.207464,0.0,943.0
1718897639.3834581,0.0,943.0
1718897639.563521,0.0,943.0
1718897639.8115005,0.0,943.0
1718897640.0956247,3.0,943.0
1718897640.2667105,0.0,943.0
1718897640.4234245,0.0,943.0
1718897640.6081069,0.0,943.0
1718897640.7505896,0.0,943.0
1718897640.9194188,0.0,943.0
1718897641.0910566,0.0,943.0
1718897641.3243356,0.0,943.0
1718897641.46753,0.0,943.0
1718897641.7193577,0.0,943.0
1718897641.966489,0.0,943.0
1718897642.1535907,0.0,943.0
1718897642.28461,0.0,943.0
1718897642.427201,0.0,943.0
1718897642.5678864,0.0,943.0
1718897642.7013257,0.0,943.0
1718897642.8390229,0.0,943.0
1718897642.9715471,0.0,943.0
1718897643.1474948,0.0,943.0
1718897643.41958,0.0,943.0
1718897643.7089343,0.0,943.0
1718897643.9578795,0.0,943.0
1718897644.1147525,0.0,943.0
1718897644.3275118,0.0,943.0
1718897644.5955162,0.0,943.0
1718897644.8489668,0.0,943.0
1718897645.0630403,0.0,943.0
1718897645.2246342,0.0,943.0
1718897645.4194953,0.0,943.0
1718897645.588359,0.0,943.0
1718897645.7657459,0.0,943.0
1718897645.9419627,0.0,943.0
1718897646.11543,0.0,943.0
1718897646.2971387,0.0,943.0
1718897646.4955368,0.0,943.0
1718897646.7675252,0.0,943.0
1718897646.990644,1.0,943.0
1718897647.1576862,0.0,943.0
1718897647.3312783,0.0,943.0
1718897647.5034158,0.0,943.0
1718897647.6874204,0.0,943.0
1718897647.8565416,0.0,943.0
1718897648.0427957,0.0,943.0
1718897648.2435167,0.0,943.0
1718897648.4471703,0.0,943.0
1718897648.7235498,0.0,943.0
1718897648.895382,0.0,943.0
1718897649.0423985,0.0,943.0
1718897649.1799634,0.0,943.0
1718897649.3131106,0.0,943.0
1718897649.4471214,0.0,943.0
1718897649.5801864,0.0,943.0
1718897649.7145593,0.0,943.0
1718897649.9260862,0.0,943.0
1718897650.2123349,0.0,943.0
1718897650.5675232,0.0,943.0
1718897650.7746892,0.0,943.0
1718897650.975063,0.0,943.0
1718897651.2314978,0.0,943.0
1718897651.4619138,0.0,943.0
1718897651.6515806,0.0,943.0
1718897651.855241,0.0,943.0
1718897652.0154505,0.0,943.0
1718897652.2003179,0.0,943.0
1718897652.3653686,0.0,943.0
1718897652.511481,0.0,943.0
1718897652.6750808,0.0,943.0
1718897652.8274481,0.0,943.0
1718897653.0155027,0.0,943.0
1718897653.199261,0.0,943.0
1718897653.391452,0.0,943.0
1718897653.688253,0.0,943.0
1718897653.8737032,1.0,943.0
1718897654.0274255,0.0,943.0
1718897654.2313297,0.0,943.0
1718897654.4070408,0.0,943.0
1718897654.555028,0.0,943.0
1718897654.7234406,0.0,943.0
1718897654.8674972,0.0,943.0
1718897655.0635414,0.0,943.0
1718897655.2786868,0.0,943.0
1718897655.5515075,0.0,943.0
1718897655.7222462,0.0,943.0
1718897655.8919606,0.0,943.0
1718897656.029276,0.0,943.0
1718897656.1656404,0.0,943.0
1718897656.300556,0.0,943.0
1718897656.435384,0.0,943.0
1718897656.5682416,31.0,943.0
1718897656.7915525,7.0,943.0
1718897657.0674195,0.0,943.0
1718897657.3697486,0.0,943.0
1718897657.6074877,0.0,943.0
1718897657.8154914,5.0,943.0
1718897658.1397288,13.0,943.0
1718897658.419533,0.0,943.0
1718897658.6059136,15.0,943.0
1718897658.7617207,5.0,943.0
1718897658.967972,0.0,943.0
1718897659.137801,0.0,943.0
1718897659.309425,0.0,943.0
1718897659.4819348,0.0,943.0
1718897659.652062,0.0,943.0
1718897659.8353286,0.0,943.0
1718897660.0512774,0.0,943.0
1718897660.2914462,0.0,943.0
1718897660.5435047,0.0,943.0
1718897660.7191024,0.0,943.0
1718897660.8835044,0.0,943.0
1718897661.1252568,0.0,943.0
1718897661.2872028,0.0,943.0
1718897661.4474192,0.0,943.0
1718897661.6256177,0.0,943.0
1718897661.8114576,0.0,943.0
1718897661.9914978,0.0,943.0
1718897662.2436273,0.0,943.0
1718897662.4955156,0.0,943.0
1718897662.6636686,0.0,943.0
1718897662.8154075,0.0,1787.0
1718897662.9702668,4.0,5343.0
1718897663.1056437,86.0,17189.0
1718897663.2401457,86.0,17189.0
1718897663.3743272,83.0,17205.0
1718897663.5235507,46.0,20279.0
1718897663.8103433,100.0,20279.0
1718897664.1390533,54.0,20279.0
1718897664.4355369,54.0,20283.0
1718897664.6479204,83.0,20289.0
1718897664.907295,0.0,20289.0
1718897665.2899044,0.0,20289.0
1718897665.5397134,16.0,20289.0
1718897665.7359486,100.0,20291.0
1718897665.9669552,94.0,20291.0
1718897666.1708565,100.0,20291.0
1718897666.3634226,100.0,20291.0
1718897666.5794482,100.0,20291.0
1718897666.7987876,100.0,20291.0
1718897667.0058334,0.0,20291.0
1718897667.339021,0.0,20291.0
1718897667.5995634,6.0,20291.0
1718897667.779547,92.0,20291.0
1718897668.0271406,100.0,20291.0
1718897668.2640789,100.0,20291.0
1718897668.5075834,100.0,20291.0
1718897668.7181487,100.0,20291.0
1718897668.9636292,6.0,20291.0
1718897669.2991266,0.0,20291.0
1718897669.5145607,53.0,20291.0
1718897669.6815534,100.0,20291.0
1718897669.8417943,100.0,20291.0
1718897669.9927824,99.0,20291.0
1718897670.1408484,100.0,20291.0
1718897670.2875373,100.0,20291.0
1718897670.5245934,100.0,20291.0
1718897670.8095772,51.0,20291.0
1718897671.1394956,0.0,20291.0
1718897671.4169395,59.0,20291.0
1718897671.675492,100.0,20291.0
1718897672.0175722,100.0,20291.0
1718897672.2649949,100.0,20291.0
1718897672.4934428,100.0,20291.0
1718897672.6854692,100.0,20291.0
1718897672.9123986,87.0,20291.0
1718897673.1396222,5.0,20291.0
1718897673.3684096,100.0,20291.0
1718897673.5554545,97.0,20291.0
1718897673.786245,100.0,20291.0
1718897674.0634987,100.0,20291.0
1718897674.3154213,100.0,20291.0
1718897674.5354314,100.0,20291.0
1718897674.7594192,1.0,20291.0
1718897674.9554176,47.0,20291.0
1718897675.1488128,100.0,20291.0
1718897675.3396585,98.0,20291.0
1718897675.5267587,100.0,20291.0
1718897675.7636209,100.0,20291.0
1718897676.063741,100.0,20291.0
1718897676.3103192,56.0,20291.0
1718897676.4793713,48.0,20291.0
1718897676.6251562,48.0,20291.0
1718897676.767731,100.0,20291.0
1718897676.9139776,99.0,20291.0
1718897677.0627031,100.0,20291.0
1718897677.282965,100.0,20291.0
1718897677.639575,55.0,20291.0
1718897678.03546,0.0,20291.0
1718897678.2413428,62.0,20291.0
1718897678.5254147,96.0,20291.0
1718897678.8434792,100.0,20291.0
1718897679.1116307,100.0,20291.0
1718897679.2974648,100.0,20291.0
1718897679.5363522,100.0,20291.0
1718897679.7306504,46.0,20291.0
1718897679.9469583,35.0,20291.0
1718897680.1714382,100.0,20291.0
1718897680.3865116,99.0,20291.0
1718897680.5874977,100.0,20291.0
1718897680.8852265,100.0,20291.0
1718897681.1555119,100.0,20291.0
1718897681.361751,3.0,20291.0
1718897681.6272008,96.0,20291.0
1718897681.8509912,99.0,20291.0
1718897682.0634835,100.0,20291.0
1718897682.270874,100.0,20291.0
1718897682.4604762,100.0,20291.0
1718897682.7395613,100.0,20291.0
1718897683.0622184,4.0,20291.0
1718897683.2510636,80.0,20291.0
1718897683.4030378,80.0,20291.0
1718897683.550801,99.0,20291.0
1718897683.7039719,100.0,20291.0
1718897683.8595114,100.0,20291.0
1718897684.2021046,100.0,20291.0
1718897684.5530403,26.0,20291.0
1718897684.8834848,3.0,20291.0
1718897685.1116652,95.0,20291.0
1718897685.5024593,100.0,20291.0
1718897685.8274071,100.0,20291.0
1718897686.0631883,100.0,20291.0
1718897686.270365,100.0,20291.0
1718897686.4867084,34.0,20291.0
1718897686.6696093,90.0,20291.0
1718897686.8674498,91.0,20291.0
1718897687.0514228,100.0,20291.0
1718897687.2885802,100.0,20291.0
1718897687.5556498,100.0,20291.0
1718897687.8552864,100.0,20291.0
1718897688.0523586,23.0,20291.0
1718897688.251425,82.0,20291.0
1718897688.4870481,98.0,20291.0
1718897688.7234123,100.0,20291.0
1718897688.9379656,100.0,20291.0
1718897689.1514583,100.0,20291.0
1718897689.4234846,100.0,20291.0
1718897689.7607408,44.0,20291.0
1718897689.9970496,44.0,20291.0
1718897690.161466,100.0,20291.0
1718897690.3099098,99.0,20291.0
1718897690.4578784,100.0,20291.0
1718897690.604087,100.0,20291.0
1718897690.7514842,100.0,20291.0
1718897691.035927,100.0,20291.0
1718897691.3691525,0.0,20291.0
1718897691.7183068,0.0,20291.0
1718897691.9396167,100.0,20291.0
1718897692.241176,96.0,20291.0
1718897692.5075161,100.0,20291.0
1718897692.8475835,100.0,20291.0
1718897693.0258617,100.0,20291.0
1718897693.2434976,79.0,20291.0
1718897693.440065,3.0,20291.0
1718897693.6561232,94.0,20291.0
1718897693.846412,99.0,20291.0
1718897694.041594,100.0,20291.0
1718897694.2554946,100.0,20291.0
1718897694.5524852,100.0,20291.0
1718897694.8067596,100.0,20291.0
1718897695.0009074,100.0,20291.0
1718897695.1848147,11.0,20291.0
1718897695.3767858,60.0,20291.0
1718897695.5807335,100.0,20291.0
1718897695.7730327,99.0,20291.0
1718897695.9778852,100.0,20291.0
1718897696.1915157,100.0,20291.0
1718897696.5868402,100.0,20291.0
1718897696.7628682,51.0,20291.0
1718897696.9520428,41.0,20291.0
1718897697.105516,100.0,20291.0
1718897697.2617319,99.0,20291.0
1718897697.4160585,99.0,20291.0
1718897697.5755076,100.0,20291.0
1718897697.8464067,100.0,20291.0
1718897698.162961,66.0,20291.0
1718897698.4997737,0.0,20291.0
1718897698.7154083,100.0,20291.0
1718897699.031106,94.0,20291.0
1718897699.3435047,100.0,20291.0
1718897699.5877585,100.0,20291.0
1718897699.7875075,100.0,20291.0
1718897700.0148654,65.0,20291.0
1718897700.2193103,49.0,20291.0
1718897700.4277425,100.0,20291.0
1718897700.6234865,99.0,20291.0
1718897700.8674614,100.0,20291.0
1718897701.1077626,100.0,20291.0
1718897701.4637442,100.0,20291.0
1718897701.6607203,62.0,20291.0
1718897701.862577,52.0,20291.0
1718897702.083033,100.0,20291.0
1718897702.3074174,89.0,20291.0
1718897702.5146806,100.0,20291.0
1718897702.735457,100.0,20291.0
1718897702.9956357,100.0,20291.0
1718897703.3626993,68.0,20291.0
1718897703.553686,13.0,20291.0
1718897703.7190192,100.0,20291.0
1718897703.8652081,99.0,20291.0
1718897704.0159528,99.0,20291.0
1718897704.1647434,100.0,20291.0
1718897704.3235304,100.0,20291.0
1718897704.6284165,100.0,20291.0
1718897704.9820185,0.0,20291.0
1718897705.3481922,3.0,20291.0
1718897705.5835094,78.0,20291.0
1718897705.9087043,100.0,20291.0
1718897706.1777563,100.0,20291.0
1718897706.4131956,100.0,20291.0
1718897706.6056182,100.0,20291.0
1718897706.830644,38.0,20291.0
1718897707.0393474,72.0,20291.0
1718897707.246776,96.0,20291.0
1718897707.4346166,100.0,20291.0
1718897707.6779258,100.0,20291.0
1718897707.9433253,100.0,20303.0
1718897708.274609,100.0,20303.0
1718897708.5058563,70.0,20303.0
1718897708.7336977,47.0,20303.0
1718897708.947417,100.0,20311.0
1718897709.1714149,89.0,20299.0
1718897709.3840656,100.0,20299.0
1718897709.6027377,100.0,20299.0
1718897709.8396273,100.0,20299.0
1718897710.2554555,43.0,20299.0
1718897710.4594152,48.0,20299.0
1718897710.6139505,48.0,20299.0
1718897710.7699485,100.0,20299.0
1718897710.928806,99.0,20299.0
1718897711.0792422,100.0,20299.0
1718897711.2832897,100.0,20299.0
1718897711.595697,100.0,20299.0
1718897711.9516363,0.0,20299.0
1718897712.3034906,34.0,20299.0
1718897712.5743694,94.0,20299.0
1718897712.8552272,100.0,20299.0
1718897713.1516476,100.0,20299.0
1718897713.3874757,100.0,20299.0
1718897713.62314,85.0,20299.0
1718897713.8232963,44.0,20299.0
1718897714.0211976,100.0,20299.0
1718897714.2466273,99.0,20299.0
1718897714.4589572,100.0,20299.0
1718897714.6675043,100.0,20299.0
1718897714.9994986,100.0,20299.0
1718897715.2394738,72.0,20299.0
1718897715.4687521,34.0,20299.0
1718897715.7074232,100.0,20301.0
1718897715.935329,91.0,20301.0
1718897716.1750412,100.0,20301.0
1718897716.3883033,100.0,20301.0
1718897716.6555295,100.0,20301.0
1718897716.9755387,91.0,20301.0
1718897717.186725,1.0,20301.0
1718897717.373462,91.0,20301.0
1718897717.5274234,99.0,20301.0
1718897717.681363,100.0,20301.0
1718897717.8470821,100.0,20301.0
1718897718.0040884,100.0,20301.0
1718897718.2594874,100.0,20301.0
1718897718.6248868,0.0,20299.0
1718897719.0134275,5.0,20299.0
1718897719.2555556,100.0,20299.0
1718897719.5274994,100.0,20299.0
1718897719.928852,100.0,20299.0
1718897720.1523545,100.0,20299.0
1718897720.3515253,100.0,20299.0
1718897720.6047137,15.0,20299.0
1718897720.827535,79.0,20299.0
1718897721.024665,98.0,20299.0
1718897721.214217,100.0,20299.0
1718897721.462421,100.0,20299.0
1718897721.6474333,100.0,20299.0
1718897721.9754589,100.0,20299.0
1718897722.2840087,41.0,20299.0
1718897722.498435,39.0,20299.0
1718897722.6633153,100.0,20299.0
1718897722.8591087,97.0,20299.0
1718897723.068466,100.0,20299.0
1718897723.3407688,100.0,20299.0
1718897723.743467,100.0,20299.0
1718897723.9495063,83.0,20299.0
1718897724.1000717,77.0,20299.0
1718897724.253765,93.0,20299.0
1718897724.4047682,93.0,20299.0
1718897724.563467,100.0,20299.0
1718897724.8476422,100.0,20299.0
1718897725.273416,46.0,20299.0
1718897725.6153271,4.0,20299.0
1718897725.8585591,100.0,20299.0
1718897726.1573253,100.0,20299.0
1718897726.435556,100.0,20299.0
1718897726.705347,100.0,20299.0
1718897726.9115071,100.0,20299.0
1718897727.1570332,100.0,20299.0
1718897727.369449,16.0,20299.0
1718897727.5729713,96.0,20299.0
1718897727.7662778,100.0,20299.0
1718897728.008207,100.0,20299.0
1718897728.2620924,100.0,20299.0
1718897728.544534,100.0,20299.0
1718897728.7464187,100.0,20299.0
1718897728.943415,21.0,20299.0
1718897729.1834173,97.0,20299.0
1718897729.423408,100.0,20299.0
1718897729.6407733,100.0,20299.0
1718897729.8217292,100.0,20299.0
1718897730.0371594,100.0,20299.0
1718897730.355499,29.0,20299.0
1718897730.6114411,44.0,20299.0
1718897730.8021495,44.0,20299.0
1718897730.9599643,100.0,20299.0
1718897731.1073818,99.0,20299.0
1718897731.263418,100.0,20299.0
1718897731.4164877,100.0,20299.0
1718897731.6634963,100.0,20299.0
1718897732.022755,76.0,20299.0
1718897732.4120762,0.0,20299.0
1718897732.6776652,59.0,20299.0
1718897732.941774,97.0,20299.0
1718897733.2995164,100.0,20299.0
1718897733.533411,100.0,20299.0
1718897733.7370002,100.0,20299.0
1718897733.9754522,100.0,20299.0
1718897734.1744316,63.0,20299.0
1718897734.3710601,100.0,20299.0
1718897734.6011407,98.0,20299.0
1718897734.8154202,100.0,20299.0
1718897735.0235097,100.0,20299.0
1718897735.3435042,100.0,20299.0
1718897735.594404,100.0,20299.0
1718897735.7834167,61.0,20299.0
1718897736.0274143,100.0,20299.0
1718897736.247427,97.0,20299.0
1718897736.4674869,100.0,20299.0
1718897736.6793299,100.0,20299.0
1718897736.9202604,100.0,20299.0
1718897737.2005942,60.0,20299.0
1718897737.4936144,4.0,20299.0
1718897737.678968,100.0,20299.0
1718897737.8364527,99.0,20299.0
1718897737.9835076,99.0,20299.0
1718897738.1368837,100.0,20299.0
1718897738.2851608,100.0,20299.0
1718897738.636199,100.0,20299.0
1718897738.9143069,15.0,20299.0
1718897739.2882073,0.0,20299.0
1718897739.5075014,100.0,20299.0
1718897739.8533094,97.0,20299.0
1718897740.1634562,100.0,20299.0
1718897740.401796,100.0,20299.0
1718897740.5671928,100.0,20299.0
1718897740.803485,78.0,20299.0
1718897741.0133457,78.0,20299.0
1718897741.2052848,100.0,20299.0
1718897741.4286516,94.0,20299.0
1718897741.647476,100.0,20299.0
1718897741.8834288,100.0,20299.0
1718897742.139485,100.0,20299.0
1718897742.423843,68.0,20299.0
1718897742.7514205,0.0,20299.0
1718897742.9350286,77.0,20299.0
1718897743.1293924,96.0,20299.0
1718897743.3474631,100.0,20299.0
1718897743.5827713,100.0,20299.0
1718897743.9067378,100.0,20299.0
1718897744.105901,100.0,20299.0
1718897744.279129,56.0,20299.0
1718897744.4380398,100.0,20299.0
1718897744.5956388,100.0,20299.0
1718897744.7506819,99.0,20299.0
1718897744.9069457,100.0,20299.0
1718897745.2015455,100.0,20299.0
1718897745.5755775,100.0,20299.0
1718897745.9163272,8.0,20299.0
1718897746.1766675,100.0,20299.0
1718897746.463511,93.0,20299.0
1718897746.7613719,100.0,20299.0
1718897746.98993,100.0,20299.0
1718897747.1801226,100.0,20299.0
1718897747.4364324,81.0,20299.0
1718897747.6357255,32.0,20299.0
1718897747.843478,100.0,20299.0
1718897748.0714593,98.0,20299.0
1718897748.3183427,100.0,20299.0
1718897748.5614438,100.0,20299.0
1718897748.9394572,100.0,20299.0
1718897749.1452563,96.0,20299.0
1718897749.371418,100.0,20299.0
1718897749.5989456,99.0,20299.0
1718897749.8034167,100.0,20299.0
1718897750.0098126,100.0,20299.0
1718897750.20214,100.0,20299.0
1718897750.4515584,100.0,20299.0
1718897750.7552712,0.0,20299.0
1718897751.0154314,55.0,20299.0
1718897751.190588,55.0,20299.0
1718897751.3454707,100.0,20299.0
1718897751.5038407,99.0,20299.0
1718897751.6609344,100.0,20299.0
1718897751.8115222,100.0,20299.0
1718897752.0615575,100.0,20299.0
1718897752.412531,71.0,20299.0
1718897752.8035014,0.0,20299.0
1718897753.0475187,81.0,20299.0
1718897753.339482,100.0,20299.0
1718897753.6188126,100.0,20299.0
1718897753.9186897,100.0,20299.0
1718897754.1222432,100.0,20299.0
1718897754.3475175,100.0,20299.0
1718897754.5480072,44.0,20299.0
1718897754.7591295,80.0,20299.0
1718897754.9514813,99.0,20299.0
1718897755.1991334,100.0,20299.0
1718897755.435502,100.0,20299.0
1718897755.7954898,100.0,20299.0
1718897756.007414,44.0,20299.0
1718897756.216585,69.0,20299.0
1718897756.4394195,100.0,20299.0
1718897756.6594145,89.0,20299.0
1718897756.8755326,100.0,20299.0
1718897757.0845854,100.0,20299.0
1718897757.3474872,100.0,20299.0
1718897757.689213,63.0,20299.0
1718897757.920457,18.0,20299.0
1718897758.0796936,100.0,20299.0
1718897758.2437718,99.0,20299.0
1718897758.402014,99.0,20299.0
1718897758.5568953,100.0,20299.0
1718897758.7115018,100.0,20299.0
1718897758.9515512,100.0,20299.0
1718897759.318548,5.0,20299.0
1718897759.6652462,3.0,20299.0
1718897759.8796222,74.0,20299.0
1718897760.1691017,100.0,20299.0
1718897760.4204142,100.0,20299.0
1718897760.660606,100.0,20299.0
1718897760.8775299,100.0,20299.0
1718897761.0843937,100.0,20299.0
1718897761.2857544,49.0,20299.0
1718897761.4772918,74.0,20299.0
1718897761.687472,95.0,20299.0
1718897761.865951,97.0,20299.0
1718897762.1034908,100.0,20299.0
1718897762.3794284,100.0,20299.0
1718897762.6956794,100.0,20299.0
1718897762.8888478,56.0,20299.0
1718897763.103424,48.0,20299.0
1718897763.3419352,98.0,20299.0
1718897763.579419,100.0,20299.0
1718897763.7969859,100.0,20299.0
1718897763.9916084,100.0,20299.0
1718897764.239496,100.0,20299.0
1718897764.5701876,0.0,20299.0
1718897764.8033628,75.0,20299.0
1718897764.9810183,75.0,20299.0
1718897765.1416013,99.0,20299.0
1718897765.3005805,100.0,20299.0
1718897765.4495866,100.0,20299.0
1718897765.599396,100.0,20299.0
1718897765.90751,100.0,20299.0
1718897766.3434725,0.0,20299.0
1718897766.6634402,31.0,20299.0
1718897766.87151,91.0,20299.0
1718897767.2112453,100.0,20299.0
1718897767.4795694,100.0,20299.0
1718897767.715021,100.0,20299.0
1718897767.8875113,100.0,20299.0
1718897768.1354477,100.0,20299.0
1718897768.3480775,6.0,20299.0
1718897768.5473235,100.0,20299.0
1718897768.7634866,86.0,20299.0
1718897768.9634712,100.0,20299.0
1718897769.1632283,100.0,20299.0
1718897769.4670064,100.0,20299.0
1718897769.740297,100.0,20299.0
1718897769.953628,83.0,20299.0
1718897770.1794548,83.0,20299.0
1718897770.3563373,97.0,20299.0
1718897770.5628974,100.0,20299.0
1718897770.7634335,100.0,20299.0
1718897770.9464555,100.0,20299.0
1718897771.207436,100.0,20299.0
1718897771.523103,44.0,20299.0
1718897771.7566946,5.0,20299.0
1718897771.9233942,100.0,20299.0
1718897772.0818858,99.0,20299.0
1718897772.238264,100.0,20299.0
1718897772.3869221,100.0,20299.0
1718897772.5355012,100.0,20299.0
1718897772.8275702,100.0,20299.0
1718897773.2078676,21.0,20299.0
1718897773.5622087,23.0,20299.0
1718897773.7835011,100.0,20299.0
1718897774.0793316,100.0,20299.0
1718897774.4081306,100.0,20299.0
1718897774.635635,100.0,20299.0
1718897774.8150911,100.0,20299.0
1718897775.0472639,100.0,20299.0
1718897775.2668307,17.0,20299.0
1718897775.4795086,100.0,20299.0
1718897775.7114785,98.0,20299.0
1718897775.9287932,100.0,20298.0
1718897776.1355212,100.0,20298.0
1718897776.4171853,100.0,20298.0
1718897776.7000852,100.0,20298.0
1718897776.9181626,16.0,20298.0
1718897777.1681094,84.0,20298.0
1718897777.403411,100.0,20298.0
1718897777.6344466,100.0,20298.0
1718897777.8219213,100.0,20298.0
1718897778.0194204,100.0,20298.0
1718897778.2995336,37.0,20298.0
1718897778.6097186,3.0,20298.0
1718897778.8120677,3.0,20298.0
1718897778.9619682,100.0,20298.0
1718897779.1185517,98.0,20298.0
1718897779.270976,100.0,20298.0
1718897779.4270191,100.0,20298.0
1718897779.5835598,100.0,20298.0
1718897779.8795483,100.0,20298.0
1718897780.2809384,0.0,20298.0
1718897780.6445355,38.0,20298.0
1718897780.9072216,59.0,20298.0
1718897781.2432034,100.0,20298.0
1718897781.5274353,100.0,20298.0
1718897781.7451813,100.0,20298.0
1718897781.9354935,100.0,20298.0
1718897782.1480806,100.0,20298.0
1718897782.351753,28.0,20298.0
1718897782.5505655,93.0,20298.0
1718897782.7507932,100.0,20298.0
1718897782.9754355,100.0,20298.0
1718897783.2435143,100.0,20298.0
1718897783.575556,100.0,20298.0
1718897783.7716296,34.0,20298.0
1718897783.9754257,75.0,20298.0
1718897784.2034173,93.0,20298.0
1718897784.4194179,100.0,20298.0
1718897784.6258316,100.0,20298.0
1718897784.8003967,100.0,20298.0
1718897785.0027008,100.0,20298.0
1718897785.3036368,56.0,20298.0
1718897785.5819817,28.0,20298.0
1718897785.7831445,28.0,20298.0
1718897785.9418778,100.0,20298.0
1718897786.1002924,99.0,20298.0
1718897786.25766,100.0,20298.0
1718897786.4195073,100.0,20298.0
1718897786.6672857,100.0,20298.0
1718897786.9493358,100.0,20298.0
1718897787.3846958,0.0,20298.0
1718897787.632629,71.0,20298.0
1718897787.9475157,99.0,20298.0
1718897788.1795382,100.0,20298.0
1718897788.5077527,100.0,20298.0
1718897788.702849,100.0,20298.0
1718897788.9353473,100.0,20298.0
1718897789.1422167,55.0,20298.0
1718897789.3015893,66.0,20298.0
1718897789.5281413,100.0,20298.0
1718897789.7107768,99.0,20298.0
1718897789.9554214,100.0,20298.0
1718897790.2194932,100.0,20298.0
1718897790.5154283,57.0,20298.0
1718897790.819529,1.0,20298.0
1718897791.035019,87.0,20298.0
1718897791.2836382,98.0,20298.0
1718897791.4874325,100.0,20298.0
1718897791.7190003,100.0,20298.0
1718897792.0549407,100.0,20298.0
1718897792.351023,100.0,20298.0
1718897792.5119607,43.0,20298.0
1718897792.6645694,100.0,20298.0
1718897792.8136556,99.0,20298.0
1718897792.9644027,99.0,20298.0
1718897793.1145551,100.0,20298.0
1718897793.343501,100.0,20298.0
1718897793.7444093,100.0,20298.0
1718897794.1062796,0.0,20298.0
1718897794.374169,91.0,20298.0
1718897794.6474574,97.0,20298.0
1718897794.921473,100.0,20298.0
1718897795.242146,100.0,20298.0
1718897795.4594498,100.0,20298.0
1718897795.6980512,100.0,20298.0
1718897795.896827,36.0,20298.0
1718897796.060665,94.0,20298.0
1718897796.2955425,93.0,20298.0
1718897796.499741,100.0,20298.0
1718897796.7115846,100.0,20298.0
1718897796.979227,100.0,20298.0
1718897797.3315427,100.0,20298.0
1718897797.5154102,87.0,20298.0
1718897797.7711582,98.0,20298.0
1718897797.992614,100.0,20298.0
1718897798.2230766,100.0,20298.0
1718897798.422017,100.0,20298.0
1718897798.6381006,100.0,20298.0
1718897798.9493637,43.0,20298.0
1718897799.1930358,13.0,20298.0
1718897799.3938682,13.0,20298.0
1718897799.5523052,100.0,20298.0
1718897799.7019768,98.0,20298.0
1718897799.8581948,100.0,20298.0
1718897800.0125186,100.0,20298.0
1718897800.1675637,100.0,20298.0
1718897800.446999,100.0,20298.0
1718897800.8112862,17.0,20298.0
1718897801.1630514,62.0,20298.0
1718897801.3891768,100.0,20298.0
1718897801.7521985,100.0,20298.0
1718897802.0355024,100.0,20298.0
1718897802.2330494,100.0,20298.0
1718897802.4315143,100.0,20298.0
1718897802.6801388,69.0,20298.0
1718897802.8875139,48.0,20298.0
1718897803.119804,100.0,20298.0
1718897803.307071,94.0,20298.0
1718897803.536097,100.0,20298.0
1718897803.7675266,100.0,20298.0
1718897804.0466776,100.0,20298.0
1718897804.287244,85.0,20298.0
1718897804.4834177,21.0,20298.0
1718897804.73161,100.0,20298.0
1718897804.9466417,100.0,20298.0
1718897805.1874893,100.0,20298.0
1718897805.3989208,100.0,20298.0
1718897805.5915432,100.0,20298.0
1718897805.8911192,100.0,20298.0
1718897806.1498077,17.0,20298.0
1718897806.3640904,37.0,20298.0
1718897806.5214777,100.0,20298.0
1718897806.6760786,99.0,20298.0
1718897806.825998,100.0,20298.0
1718897806.9768434,100.0,20298.0
1718897807.1271076,100.0,20298.0
1718897807.4070308,100.0,20298.0
1718897807.753599,0.0,20298.0
1718897808.1811976,70.0,20298.0
1718897808.4234507,62.0,20298.0
1718897808.8014948,100.0,20298.0
1718897809.0783298,100.0,20298.0
1718897809.307424,100.0,20298.0
1718897809.4954705,100.0,20298.0
1718897809.7067418,92.0,20298.0
1718897809.898212,19.0,20298.0
1718897810.0716162,100.0,20298.0
1718897810.2634895,99.0,20298.0
1718897810.5109813,100.0,20298.0
1718897810.7436047,100.0,20298.0
1718897811.0874815,100.0,20298.0
1718897811.3182328,100.0,20298.0
1718897811.504831,16.0,20298.0
1718897811.7272573,100.0,20298.0
1718897811.9323828,100.0,20298.0
1718897812.1631625,100.0,20298.0
1718897812.3836153,100.0,20298.0
1718897812.595211,100.0,20298.0
1718897812.8896356,100.0,20298.0
1718897813.1674654,55.0,20298.0
1718897813.3739486,55.0,20298.0
1718897813.5250192,100.0,20298.0
1718897813.6727774,99.0,20298.0
1718897813.8248036,100.0,20298.0
1718897813.973652,100.0,20298.0
1718897814.1259654,100.0,20298.0
1718897814.4208694,70.0,20298.0
1718897814.775564,0.0,20298.0
1718897815.1594367,59.0,20298.0
1718897815.3878574,100.0,20298.0
1718897815.693184,100.0,20298.0
1718897815.9743822,100.0,20298.0
1718897816.2157156,100.0,20298.0
1718897816.4081945,100.0,20298.0
1718897816.6394508,82.0,20298.0
1718897816.8650553,34.0,20298.0
1718897817.067504,100.0,20298.0
1718897817.288769,91.0,20298.0
1718897817.503024,100.0,20298.0
1718897817.705747,100.0,20298.0
1718897818.0213063,100.0,20298.0
1718897818.2927005,100.0,20298.0
1718897818.4994283,23.0,20298.0
1718897818.7433085,100.0,20298.0
1718897818.9154246,87.0,20298.0
1718897819.0949957,100.0,20298.0
1718897819.3062174,100.0,20298.0
1718897819.4931052,100.0,20298.0
1718897819.7586966,100.0,20298.0
1718897820.0932438,18.0,20298.0
1718897820.3130312,24.0,20298.0
1718897820.4725015,100.0,20298.0
1718897820.6325796,99.0,20298.0
1718897820.7835178,99.0,20298.0
1718897820.9373188,100.0,20298.0
1718897821.0955899,100.0,20298.0
1718897821.3213992,100.0,20298.0
1718897821.7287786,6.0,20298.0
1718897822.071497,0.0,20298.0
1718897822.2963996,100.0,20298.0
1718897822.6275558,96.0,20298.0
1718897822.891525,100.0,20298.0
1718897823.1162233,100.0,20298.0
1718897823.32749,100.0,20298.0
1718897823.575468,88.0,20298.0
1718897823.7874289,43.0,20298.0
1718897823.9834242,100.0,20298.0
1718897824.2074926,98.0,20298.0
1718897824.4312983,100.0,20298.0
1718897824.639247,100.0,20298.0
1718897824.9490886,100.0,20298.0
1718897825.2309787,86.0,20298.0
1718897825.4161215,28.0,20298.0
1718897825.6688108,100.0,20298.0
1718897825.87517,98.0,20298.0
1718897826.0470536,100.0,20298.0
1718897826.295432,100.0,20298.0
1718897826.5180008,100.0,20298.0
1718897826.8905435,0.0,20298.0
1718897827.1986372,55.0,20298.0
1718897827.3649218,55.0,20298.0
1718897827.5185027,100.0,20298.0
1718897827.6762712,99.0,20298.0
1718897827.8312783,100.0,20298.0
1718897827.9920435,100.0,20298.0
1718897828.2835326,100.0,20298.0
1718897828.635278,0.0,20298.0
1718897828.983454,0.0,20298.0
1718897829.2032852,86.0,20298.0
1718897829.5019517,100.0,20298.0
1718897829.917287,100.0,20298.0
1718897830.1696951,100.0,20298.0
1718897830.359277,100.0,20298.0
1718897830.565356,44.0,20298.0
1718897830.7685168,74.0,20298.0
1718897830.9722261,98.0,20298.0
1718897831.1555636,100.0,20298.0
1718897831.3987553,100.0,20298.0
1718897831.6635208,100.0,20298.0
1718897832.0311747,100.0,20298.0
1718897832.234524,55.0,20298.0
1718897832.4314191,51.0,20298.0
1718897832.643035,100.0,20298.0
1718897832.8524938,89.0,20298.0
1718897833.0555003,100.0,20298.0
1718897833.2605972,100.0,20298.0
1718897833.507626,100.0,20298.0
1718897833.7900288,85.0,20298.0
1718897834.0354462,20.0,20298.0
1718897834.2119408,100.0,20298.0
1718897834.3658872,100.0,20298.0
1718897834.5173478,99.0,20298.0
1718897834.6690054,100.0,20298.0
1718897834.816207,100.0,20298.0
1718897834.9676409,100.0,20298.0
1718897835.2516236,100.0,20298.0
1718897835.64752,1.0,20298.0
1718897835.9793,3.0,20298.0
