timestamp,gpu_util,gpu_mem
1718726547.041262,19.0,495.0
1718726547.1786182,19.0,495.0
1718726547.3203504,17.0,503.0
1718726547.461296,17.0,508.0
1718726547.6073244,31.0,946.0
1718726547.7675142,31.0,1004.0
1718726547.9095397,10.0,1004.0
1718726548.0431366,2.0,1004.0
1718726548.1797533,2.0,1004.0
1718726548.3170447,1.0,1004.0
1718726548.4535203,1.0,1004.0
1718726548.590987,1.0,1004.0
1718726548.733361,1.0,1004.0
1718726548.8697267,1.0,1004.0
1718726549.0022488,1.0,1004.0
1718726549.1348634,2.0,1004.0
1718726549.2683163,1.0,1004.0
1718726549.4017498,1.0,1004.0
1718726549.5344834,1.0,1004.0
1718726549.666254,1.0,1004.0
1718726549.7996912,1.0,1004.0
1718726549.930772,1.0,1004.0
1718726550.064651,2.0,1004.0
1718726550.1985366,2.0,1004.0
1718726550.330606,1.0,1004.0
1718726550.466843,1.0,1004.0
1718726550.5996437,1.0,994.0
1718726550.730987,3.0,994.0
1718726550.8675654,3.0,994.0
1718726551.0037022,1.0,994.0
1718726551.1444275,1.0,994.0
1718726551.2827556,2.0,994.0
1718726551.4170287,2.0,994.0
1718726551.5506856,2.0,994.0
1718726551.6852763,2.0,994.0
1718726551.8212523,2.0,994.0
1718726551.9557092,2.0,994.0
1718726552.09011,2.0,994.0
1718726552.2233047,2.0,994.0
1718726552.3538215,2.0,994.0
1718726552.4861755,1.0,994.0
1718726552.6207516,2.0,994.0
1718726552.754291,2.0,994.0
1718726552.8893077,2.0,994.0
1718726553.026786,2.0,994.0
1718726553.1608694,2.0,994.0
1718726553.2995834,1.0,994.0
1718726553.4381478,2.0,994.0
1718726553.5731297,2.0,994.0
1718726553.7068582,2.0,994.0
1718726553.840026,2.0,994.0
1718726553.9733915,2.0,994.0
1718726554.1072862,2.0,994.0
1718726554.2418506,1.0,994.0
1718726554.3771389,1.0,994.0
1718726554.5119815,2.0,994.0
1718726554.6470704,2.0,994.0
1718726554.7802887,2.0,994.0
1718726554.9154258,2.0,994.0
1718726555.050812,2.0,994.0
1718726555.184409,2.0,994.0
1718726555.320276,1.0,994.0
1718726555.45456,2.0,994.0
1718726555.5884585,2.0,994.0
1718726555.71972,2.0,994.0
1718726555.855168,2.0,994.0
1718726555.9884932,2.0,994.0
1718726556.1211417,2.0,994.0
1718726556.253679,1.0,994.0
1718726556.3882105,1.0,994.0
1718726556.526073,2.0,996.0
1718726556.658366,2.0,996.0
1718726556.7915993,2.0,996.0
1718726556.9262056,2.0,996.0
1718726557.0590684,2.0,996.0
1718726557.1911075,2.0,996.0
1718726557.3232527,1.0,996.0
1718726557.4553015,2.0,996.0
1718726557.5907166,2.0,996.0
1718726557.7213416,2.0,996.0
1718726557.8527324,2.0,996.0
1718726557.9898338,2.0,996.0
1718726558.1260448,2.0,996.0
1718726558.2594955,1.0,996.0
1718726558.3927517,1.0,996.0
1718726558.526408,2.0,996.0
1718726558.6608276,2.0,996.0
1718726558.7941482,2.0,996.0
1718726558.932753,2.0,996.0
1718726559.0662174,2.0,996.0
1718726559.2001612,2.0,996.0
1718726559.333164,1.0,996.0
1718726559.4656985,2.0,996.0
1718726559.5978303,2.0,996.0
1718726559.729881,2.0,996.0
1718726559.8668664,2.0,996.0
1718726560.002106,1.0,996.0
1718726560.1390998,1.0,996.0
1718726560.2743409,2.0,996.0
1718726560.4123669,2.0,996.0
1718726560.550236,2.0,996.0
1718726560.68304,2.0,996.0
1718726560.816778,2.0,996.0
1718726560.946531,2.0,996.0
1718726561.0803647,1.0,996.0
1718726561.2146757,2.0,996.0
1718726561.3448508,2.0,996.0
1718726561.4777277,2.0,996.0
1718726561.611873,2.0,996.0
1718726561.7437756,2.0,996.0
1718726561.878506,2.0,996.0
1718726562.0121965,1.0,996.0
1718726562.1465843,1.0,996.0
1718726562.2811453,2.0,996.0
1718726562.4152257,2.0,996.0
1718726562.547357,2.0,996.0
1718726562.6813433,2.0,996.0
1718726562.8170636,2.0,996.0
1718726562.9557679,2.0,996.0
1718726563.1677742,2.0,996.0
1718726563.399762,2.0,996.0
1718726563.6193457,2.0,996.0
1718726563.868363,2.0,996.0
1718726564.071741,2.0,996.0
1718726564.2798026,5.0,996.0
1718726564.5557582,7.0,996.0
1718726564.93993,8.0,996.0
1718726565.1454794,8.0,996.0
1718726565.314266,7.0,996.0
1718726565.4918265,9.0,996.0
1718726565.6692438,24.0,996.0
1718726565.8279607,22.0,996.0
1718726565.9955387,28.0,996.0
1718726566.1917872,27.0,996.0
1718726566.399809,27.0,996.0
1718726566.6215734,25.0,996.0
1718726566.8898673,23.0,996.0
1718726567.045145,27.0,996.0
1718726567.2130325,23.0,996.0
1718726567.4037013,26.0,996.0
1718726567.567577,24.0,996.0
1718726567.7516048,24.0,996.0
1718726567.9246173,20.0,996.0
1718726568.1247268,27.0,996.0
1718726568.38325,25.0,996.0
1718726568.6355824,26.0,996.0
1718726568.8258352,25.0,996.0
1718726568.9806986,25.0,996.0
1718726569.123413,28.0,996.0
1718726569.257725,26.0,996.0
1718726569.3928978,26.0,996.0
1718726569.5278566,25.0,996.0
1718726569.6638732,23.0,996.0
1718726569.9518669,27.0,996.0
1718726570.195761,26.0,996.0
1718726570.4550614,26.0,996.0
1718726570.7077963,25.0,996.0
1718726570.8878264,25.0,996.0
1718726571.1413188,28.0,996.0
1718726571.4181006,26.0,996.0
1718726571.6999276,25.0,996.0
1718726571.8757114,25.0,996.0
1718726572.0554793,27.0,996.0
1718726572.2322211,30.0,996.0
1718726572.4041817,26.0,996.0
1718726572.5635319,26.0,996.0
1718726572.731731,24.0,996.0
1718726572.9037862,27.0,996.0
1718726573.099706,27.0,996.0
1718726573.299784,27.0,996.0
1718726573.5334935,22.0,996.0
1718726573.7838683,27.0,996.0
1718726573.956892,26.0,996.0
1718726574.187759,27.0,996.0
1718726574.362189,27.0,996.0
1718726574.5119233,25.0,996.0
1718726574.6737046,23.0,996.0
1718726574.8798146,31.0,996.0
1718726575.1636708,27.0,996.0
1718726575.3611984,27.0,996.0
1718726575.5020628,26.0,996.0
1718726575.6336498,24.0,996.0
1718726575.7694817,24.0,996.0
1718726575.903733,26.0,996.0
1718726576.0506246,27.0,996.0
1718726576.1911893,25.0,996.0
1718726576.40777,24.0,996.0
1718726576.6598036,25.0,996.0
1718726576.8953538,27.0,996.0
1718726577.195558,26.0,996.0
1718726577.3917713,24.0,996.0
1718726577.60911,27.0,996.0
1718726577.863774,28.0,996.0
1718726578.1023042,27.0,996.0
1718726578.312595,26.0,996.0
1718726578.488013,28.0,996.0
1718726578.6874619,27.0,996.0
1718726578.8578103,28.0,996.0
1718726579.0036335,26.0,996.0
1718726579.1677213,26.0,996.0
1718726579.3237784,27.0,996.0
1718726579.4997802,23.0,996.0
1718726579.6769588,28.0,996.0
1718726579.8958085,29.0,996.0
1718726580.227804,46.0,996.0
1718726580.4071038,23.0,996.0
1718726580.6037095,26.0,996.0
1718726580.7567928,26.0,996.0
1718726580.9397066,26.0,996.0
1718726581.1233077,23.0,996.0
1718726581.3239033,24.0,996.0
1718726581.493513,22.0,996.0
1718726581.6797168,28.0,996.0
1718726582.013612,25.0,996.0
1718726582.2102091,25.0,996.0
1718726582.3509917,25.0,996.0
1718726582.487531,25.0,996.0
1718726582.6249733,27.0,996.0
1718726582.762241,27.0,996.0
1718726582.9011152,27.0,996.0
1718726583.035695,24.0,996.0
1718726583.221357,25.0,996.0
1718726583.5317712,29.0,996.0
1718726583.770716,29.0,996.0
1718726584.034381,30.0,996.0
1718726584.2253704,26.0,996.0
1718726584.4188452,26.0,996.0
1718726584.6757474,31.0,996.0
1718726584.8917694,29.0,996.0
1718726585.1361399,29.0,996.0
1718726585.3181357,29.0,996.0
1718726585.5134165,28.0,996.0
1718726585.6812515,31.0,996.0
1718726585.8519642,30.0,996.0
1718726586.0039306,26.0,996.0
1718726586.1765015,25.0,996.0
1718726586.3733876,29.0,996.0
1718726586.5596097,27.0,996.0
1718726586.7768428,28.0,996.0
1718726587.0664477,28.0,996.0
1718726587.2838798,24.0,990.0
1718726587.4410546,27.0,990.0
1718726587.6317005,26.0,990.0
1718726587.8155124,25.0,990.0
1718726588.0011952,25.0,990.0
1718726588.1860223,24.0,990.0
1718726588.3917527,28.0,990.0
1718726588.615812,26.0,990.0
1718726588.8837907,29.0,990.0
1718726589.0621092,25.0,990.0
1718726589.2062664,24.0,990.0
1718726589.3505502,24.0,990.0
1718726589.4883306,27.0,990.0
1718726589.622995,26.0,990.0
1718726589.758242,26.0,990.0
1718726589.8979518,26.0,990.0
1718726590.119765,26.0,990.0
1718726590.3837817,29.0,990.0
1718726590.6271636,28.0,990.0
1718726590.9437952,29.0,990.0
1718726591.140381,29.0,990.0
1718726591.3439174,26.0,990.0
1718726591.7059598,26.0,990.0
1718726591.975952,23.0,990.0
1718726592.1666174,23.0,990.0
1718726592.3157818,27.0,990.0
1718726592.4957886,28.0,990.0
1718726592.660429,27.0,990.0
1718726592.830427,25.0,990.0
1718726593.0134704,22.0,990.0
1718726593.1690018,29.0,990.0
1718726593.4085634,26.0,990.0
1718726593.597906,27.0,990.0
1718726593.8590395,26.0,990.0
1718726594.0957775,27.0,990.0
1718726594.3397577,27.0,990.0
1718726594.4996994,26.0,990.0
1718726594.6837559,25.0,990.0
1718726594.8821387,25.0,990.0
1718726595.0743444,25.0,990.0
1718726595.2746978,51.0,990.0
1718726595.5517712,26.0,990.0
1718726595.7397785,26.0,990.0
1718726595.8773508,23.0,990.0
1718726596.0119865,24.0,990.0
1718726596.1489277,24.0,990.0
1718726596.2808774,27.0,990.0
1718726596.4136353,26.0,990.0
1718726596.5474424,25.0,990.0
1718726596.7644064,23.0,990.0
1718726596.9953287,27.0,990.0
1718726597.3037827,29.0,990.0
1718726597.543749,27.0,990.0
1718726597.7478673,24.0,990.0
1718726597.9558914,27.0,990.0
1718726598.2749286,29.0,990.0
1718726598.5346746,26.0,990.0
1718726598.6752279,25.0,990.0
1718726598.828205,25.0,990.0
1718726599.0477688,28.0,990.0
1718726599.227779,25.0,990.0
1718726599.3828523,27.0,990.0
1718726599.565679,27.0,990.0
1718726599.7117271,26.0,990.0
1718726599.9110782,24.0,990.0
1718726600.087885,28.0,990.0
1718726600.2818832,29.0,990.0
1718726600.5687842,26.0,990.0
1718726600.74588,26.0,990.0
1718726600.9077177,25.0,990.0
1718726601.106366,27.0,990.0
1718726601.2514217,25.0,990.0
1718726601.4357016,28.0,990.0
1718726601.6066236,22.0,990.0
1718726601.7878115,25.0,990.0
1718726601.9819102,27.0,990.0
1718726602.2237263,29.0,990.0
1718726602.5278778,26.0,990.0
1718726602.7076962,24.0,990.0
1718726602.848875,27.0,990.0
1718726602.9854627,27.0,990.0
1718726603.1237032,27.0,990.0
1718726603.2583556,27.0,990.0
1718726603.3999953,26.0,990.0
1718726603.6600206,25.0,990.0
1718726603.8999212,30.0,990.0
1718726604.148209,29.0,990.0
1718726604.454398,30.0,990.0
1718726604.6397903,24.0,990.0
1718726604.905494,30.0,990.0
1718726605.1638052,29.0,990.0
1718726605.4211273,27.0,990.0
1718726605.6196234,25.0,990.0
1718726605.787645,29.0,990.0
1718726605.9665518,28.0,990.0
1718726606.135717,28.0,990.0
1718726606.2865505,30.0,990.0
1718726606.4597108,25.0,990.0
1718726606.6116247,25.0,990.0
1718726606.7902312,29.0,990.0
1718726606.9877799,28.0,990.0
1718726607.251952,31.0,990.0
1718726607.4997644,24.0,990.0
1718726607.6674607,26.0,990.0
1718726607.815713,27.0,990.0
1718726608.0037107,27.0,990.0
1718726608.1593692,27.0,990.0
1718726608.3195665,26.0,990.0
1718726608.5126586,23.0,990.0
1718726608.6699526,24.0,990.0
1718726608.8488126,28.0,990.0
1718726609.030651,29.0,990.0
1718726609.267734,27.0,990.0
1718726609.4644434,23.0,990.0
1718726609.639697,24.0,990.0
1718726609.7770596,24.0,990.0
1718726609.9166162,26.0,990.0
1718726610.057465,26.0,990.0
1718726610.2034638,43.0,990.0
1718726610.3417027,25.0,990.0
1718726610.5757413,28.0,990.0
1718726610.8620498,31.0,990.0
1718726611.1358292,29.0,990.0
1718726611.391775,25.0,990.0
1718726611.5797913,30.0,990.0
1718726611.8156362,28.0,990.0
1718726612.12175,27.0,990.0
1718726612.3558395,25.0,990.0
1718726612.6032221,30.0,990.0
1718726612.7387438,28.0,990.0
1718726612.9397538,28.0,990.0
1718726613.109613,26.0,990.0
1718726613.2944765,26.0,990.0
1718726613.4776504,24.0,990.0
1718726613.6435013,27.0,990.0
1718726613.8305783,28.0,990.0
1718726614.0367978,28.0,990.0
1718726614.3157735,23.0,990.0
1718726614.502869,26.0,990.0
1718726614.6716447,28.0,990.0
1718726614.845051,28.0,990.0
1718726615.0383885,25.0,990.0
1718726615.231204,23.0,990.0
1718726615.417635,21.0,990.0
1718726615.6037726,27.0,990.0
1718726615.7867165,26.0,990.0
1718726616.0409122,27.0,990.0
1718726616.3083797,24.0,990.0
1718726616.4669805,26.0,990.0
1718726616.6009822,27.0,990.0
1718726616.734634,27.0,990.0
1718726616.8697512,27.0,990.0
1718726617.0050588,26.0,990.0
1718726617.1411543,26.0,990.0
1718726617.2784941,22.0,990.0
1718726617.5159302,29.0,990.0
1718726617.7777452,28.0,990.0
1718726618.0709941,28.0,990.0
1718726618.3355036,28.0,990.0
1718726618.5197752,30.0,990.0
1718726618.7126658,32.0,990.0
1718726619.0277724,27.0,990.0
1718726619.359906,30.0,990.0
1718726619.5543704,30.0,990.0
1718726619.7077937,29.0,990.0
1718726619.9002748,30.0,990.0
1718726620.0717988,25.0,990.0
1718726620.248072,26.0,990.0
1718726620.4478211,33.0,990.0
1718726620.6194062,30.0,990.0
1718726620.8101838,29.0,990.0
1718726621.027377,24.0,990.0
1718726621.291144,29.0,1000.0
1718726621.488683,61.0,992.0
1718726621.643212,97.0,988.0
1718726621.791923,10.0,988.0
1718726621.9794395,5.0,988.0
1718726622.1689482,5.0,986.0
1718726622.3501372,6.0,980.0
1718726622.545729,6.0,984.0
1718726622.7429073,4.0,984.0
1718726622.951094,4.0,984.0
1718726623.1837864,4.0,984.0
1718726623.403873,4.0,984.0
1718726623.5732787,4.0,978.0
1718726623.7073429,25.0,978.0
1718726623.8397155,33.0,978.0
1718726623.9726722,33.0,978.0
1718726624.113983,13.0,978.0
1718726624.243695,6.0,978.0
1718726624.4373274,8.0,978.0
1718726624.6751363,9.0,978.0
1718726624.962711,23.0,978.0
1718726625.2180126,28.0,988.0
1718726625.4330008,55.0,988.0
1718726625.5838497,9.0,988.0
1718726625.8197703,9.0,988.0
1718726626.0591354,8.0,988.0
1718726626.3037937,10.0,988.0
1718726626.471419,10.0,988.0
1718726626.6222613,10.0,988.0
1718726626.80371,9.0,988.0
1718726626.981547,8.0,988.0
1718726627.1506782,8.0,988.0
1718726627.308053,9.0,988.0
1718726627.4738896,26.0,988.0
1718726627.6502206,29.0,988.0
1718726627.8397691,26.0,988.0
1718726628.1004117,28.0,988.0
1718726628.3158405,31.0,988.0
1718726628.5191445,29.0,988.0
1718726628.6757011,26.0,988.0
1718726628.8637066,24.0,988.0
1718726629.0157077,26.0,988.0
1718726629.203705,28.0,988.0
1718726629.3834832,26.0,988.0
1718726629.5797822,24.0,990.0
1718726629.7734988,26.0,990.0
1718726629.9958029,26.0,990.0
1718726630.2678068,25.0,990.0
1718726630.463253,23.0,990.0
1718726630.6068308,23.0,990.0
1718726630.7444885,23.0,990.0
1718726630.8842669,21.0,990.0
1718726631.0160291,25.0,990.0
1718726631.1514273,25.0,990.0
1718726631.2848172,26.0,990.0
1718726631.419818,26.0,990.0
1718726631.655906,23.0,990.0
1718726631.9053483,29.0,990.0
1718726632.207826,28.0,990.0
1718726632.4678097,27.0,990.0
1718726632.656658,24.0,990.0
1718726632.882161,29.0,990.0
1718726633.123627,27.0,990.0
1718726633.3957584,26.0,990.0
1718726633.5695806,26.0,988.0
1718726633.7243493,27.0,988.0
1718726633.9397674,30.0,988.0
1718726634.1192083,30.0,988.0
1718726634.2677197,31.0,988.0
1718726634.4517102,29.0,988.0
1718726634.607828,25.0,988.0
1718726634.795853,26.0,988.0
1718726634.9845438,29.0,988.0
1718726635.2078373,29.0,988.0
1718726635.5318909,29.0,988.0
1718726635.6930487,24.0,988.0
1718726635.859705,27.0,988.0
1718726636.0490494,24.0,988.0
1718726636.2370307,23.0,988.0
1718726636.4233959,24.0,988.0
1718726636.6357381,25.0,988.0
1718726636.8318036,30.0,988.0
1718726637.0356114,32.0,989.0
1718726637.3197453,33.0,989.0
1718726637.5157542,31.0,989.0
1718726637.6572552,25.0,989.0
1718726637.7930834,29.0,989.0
1718726637.9351468,29.0,989.0
1718726638.0725944,30.0,989.0
1718726638.2099066,30.0,989.0
1718726638.4507627,26.0,989.0
1718726638.7237453,32.0,989.0
1718726639.101366,32.0,1053.0
1718726639.4088688,14.0,1833.0
1718726639.5677502,22.0,5775.0
1718726639.7957718,42.0,17235.0
1718726640.0837657,59.0,17237.0
1718726640.3147967,59.0,17241.0
1718726640.519872,11.0,17251.0
1718726640.7133625,99.0,20325.0
1718726640.9357755,99.0,20325.0
1718726641.1077185,100.0,20325.0
1718726641.295131,76.0,20325.0
1718726641.519733,85.0,20329.0
1718726641.7243626,85.0,20335.0
1718726641.936866,3.0,20335.0
1718726642.2849016,2.0,20335.0
1718726642.57678,62.0,20335.0
1718726642.7557087,100.0,20337.0
1718726643.0037029,97.0,20337.0
1718726643.247704,100.0,20337.0
1718726643.4685454,100.0,20337.0
1718726643.690849,100.0,20337.0
1718726643.9157553,67.0,20337.0
1718726644.3347507,4.0,20337.0
1718726644.551875,97.0,20337.0
1718726644.7208645,97.0,20337.0
1718726644.873538,99.0,20337.0
1718726645.0299633,100.0,20337.0
1718726645.182972,100.0,20337.0
1718726645.331449,100.0,20337.0
1718726645.5566068,100.0,20337.0
1718726645.9175403,27.0,20337.0
1718726646.322739,2.0,20337.0
1718726646.5479136,86.0,20337.0
1718726646.7677443,83.0,20337.0
1718726647.1077588,100.0,20337.0
1718726647.380771,100.0,20337.0
1718726647.6188455,100.0,20337.0
1718726647.855739,100.0,20337.0
1718726648.0823793,82.0,20337.0
1718726648.3031647,100.0,20337.0
1718726648.5229619,79.0,20337.0
1718726648.7357366,100.0,20337.0
1718726648.9357655,100.0,20337.0
1718726649.2357392,100.0,20337.0
1718726649.4987407,100.0,20337.0
1718726649.7039135,35.0,20337.0
1718726649.9357433,35.0,20337.0
1718726650.1037037,67.0,20337.0
1718726650.2984376,100.0,20337.0
1718726650.4981422,99.0,20337.0
1718726650.686655,100.0,20337.0
1718726650.9117765,100.0,20337.0
1718726651.2398298,100.0,20337.0
1718726651.4677696,61.0,20337.0
1718726651.6623797,35.0,20337.0
1718726651.8186247,100.0,20337.0
1718726651.9811847,99.0,20337.0
1718726652.1390462,100.0,20337.0
1718726652.3254883,100.0,20337.0
1718726652.5630229,100.0,20337.0
1718726652.9431813,97.0,20337.0
1718726653.2827008,3.0,20337.0
1718726653.5471826,92.0,20337.0
1718726653.8437412,95.0,20337.0
1718726654.0569825,100.0,20337.0
1718726654.3472402,100.0,20337.0
1718726654.576267,100.0,20337.0
1718726654.7886658,100.0,20337.0
1718726655.0343602,42.0,20337.0
1718726655.2359893,45.0,20337.0
1718726655.4677734,100.0,20337.0
1718726655.6613111,97.0,20337.0
1718726655.8801246,100.0,20337.0
1718726656.1437857,100.0,20337.0
1718726656.4953847,100.0,20337.0
1718726656.6992831,3.0,20337.0
1718726656.9236557,91.0,20337.0
1718726657.1130745,97.0,20337.0
1718726657.3236954,100.0,20337.0
1718726657.5309691,100.0,20337.0
1718726657.709465,100.0,20337.0
1718726657.895807,100.0,20337.0
1718726658.1798174,100.0,20337.0
1718726658.482962,42.0,20337.0
1718726658.6585748,5.0,20337.0
1718726658.81229,94.0,20337.0
1718726658.9669507,99.0,20337.0
1718726659.118559,99.0,20337.0
1718726659.269929,100.0,20337.0
1718726659.418559,100.0,20337.0
1718726659.6295602,100.0,20337.0
1718726659.9357562,100.0,20337.0
1718726660.2597487,2.0,20337.0
1718726660.5816925,43.0,20337.0
1718726660.849199,57.0,20337.0
1718726661.1997876,100.0,20337.0
1718726661.4998643,100.0,20337.0
1718726661.689005,100.0,20337.0
1718726661.9199305,100.0,20337.0
1718726662.1176553,100.0,20337.0
1718726662.3237195,57.0,20337.0
1718726662.5261161,100.0,20337.0
1718726662.7119637,98.0,20337.0
1718726662.9328902,100.0,20337.0
1718726663.1601703,100.0,20337.0
1718726663.464437,100.0,20337.0
1718726663.6873722,100.0,20337.0
1718726663.8836982,6.0,20337.0
1718726664.1556091,100.0,20337.0
1718726664.381664,98.0,20337.0
1718726664.607523,100.0,20337.0
1718726664.7977164,100.0,20337.0
1718726664.983861,100.0,20337.0
1718726665.2477849,100.0,20337.0
1718726665.5345907,100.0,20337.0
1718726665.7684486,53.0,20337.0
1718726665.9285839,53.0,20337.0
1718726666.0789304,100.0,20337.0
1718726666.2287169,99.0,20337.0
1718726666.3837073,100.0,20337.0
1718726666.5397677,100.0,20337.0
1718726666.7694438,100.0,20337.0
1718726667.0923867,79.0,20337.0
1718726667.4541547,2.0,20337.0
1718726667.7237499,73.0,20337.0
1718726668.0350325,89.0,20337.0
1718726668.4272609,100.0,20337.0
1718726668.7597072,100.0,20337.0
1718726668.962558,100.0,20337.0
1718726669.173428,67.0,20337.0
1718726669.3555326,63.0,20337.0
1718726669.5551784,100.0,20337.0
1718726669.7367933,99.0,20337.0
1718726669.9758804,100.0,20337.0
1718726670.2477996,100.0,20337.0
1718726670.5390942,100.0,20337.0
1718726670.7684736,66.0,20337.0
1718726670.9836998,53.0,20337.0
1718726671.2031279,100.0,20337.0
1718726671.417805,93.0,20337.0
1718726671.639784,100.0,20337.0
1718726671.858255,100.0,20337.0
1718726672.1194937,100.0,20337.0
1718726672.4839988,1.0,20337.0
1718726672.7462783,1.0,20337.0
1718726672.8980265,89.0,20337.0
1718726673.0581708,99.0,20337.0
1718726673.215481,100.0,20337.0
1718726673.3817117,100.0,20337.0
1718726673.5437632,100.0,20337.0
1718726673.75409,100.0,20337.0
1718726674.095794,41.0,20337.0
1718726674.4668443,5.0,20337.0
1718726674.7437613,100.0,20337.0
1718726675.0206654,97.0,20337.0
1718726675.2995317,100.0,20337.0
1718726675.5837793,100.0,20337.0
1718726675.8282151,100.0,20337.0
1718726676.0764303,100.0,20337.0
1718726676.3100743,78.0,20337.0
1718726676.5198102,93.0,20337.0
1718726676.7437136,96.0,20337.0
1718726676.9675267,100.0,20337.0
1718726677.167796,100.0,20337.0
1718726677.5077891,100.0,20337.0
1718726677.761914,65.0,20337.0
1718726677.951705,53.0,20337.0
1718726678.147703,100.0,20337.0
1718726678.3290522,99.0,20337.0
1718726678.5340905,100.0,20337.0
1718726678.7624211,100.0,20337.0
1718726678.960566,100.0,20337.0
1718726679.2277813,77.0,20337.0
1718726679.679752,2.0,20337.0
1718726679.874135,75.0,20337.0
1718726680.0346067,99.0,20337.0
1718726680.1949522,100.0,20337.0
1718726680.3553023,100.0,20337.0
1718726680.5148387,100.0,20337.0
1718726680.7676191,100.0,20337.0
1718726681.151738,2.0,20337.0
1718726681.5307872,2.0,20337.0
1718726681.7872097,96.0,20337.0
1718726682.1368663,94.0,20337.0
1718726682.4673715,100.0,20337.0
1718726682.725908,100.0,20337.0
1718726682.895708,100.0,20337.0
1718726683.1317403,65.0,20337.0
1718726683.3383832,41.0,20337.0
1718726683.537294,100.0,20337.0
1718726683.7632422,99.0,20337.0
1718726683.9597733,100.0,20337.0
1718726684.174561,100.0,20337.0
1718726684.4557474,100.0,20337.0
1718726684.7754521,94.0,20337.0
1718726684.9877217,23.0,20337.0
1718726685.2277062,100.0,20337.0
1718726685.4066432,99.0,20337.0
1718726685.609081,100.0,20337.0
1718726685.807729,100.0,20337.0
1718726686.0110562,100.0,20337.0
1718726686.3157785,100.0,20337.0
1718726686.6457899,11.0,20337.0
1718726686.8775318,40.0,20337.0
1718726687.030032,100.0,20337.0
1718726687.1898518,98.0,20337.0
1718726687.3456378,100.0,20337.0
1718726687.5011554,100.0,20337.0
1718726687.7235928,100.0,20337.0
1718726688.06486,94.0,20337.0
1718726688.4115555,2.0,20337.0
1718726688.7141194,2.0,20337.0
1718726688.9000883,98.0,20337.0
1718726689.215777,100.0,20337.0
1718726689.5339093,100.0,20337.0
1718726689.7715774,100.0,20337.0
1718726689.9751844,100.0,20337.0
1718726690.2041535,76.0,20337.0
1718726690.4176264,31.0,20337.0
1718726690.627583,100.0,20337.0
1718726690.8421156,92.0,20337.0
1718726691.067701,100.0,20337.0
1718726691.315668,100.0,20338.0
1718726691.641186,100.0,20338.0
1718726692.0357733,14.0,20338.0
1718726692.255693,34.0,20338.0
1718726692.478864,100.0,20338.0
1718726692.6717453,98.0,20338.0
1718726692.883845,100.0,20338.0
1718726693.1877897,100.0,20338.0
1718726693.5056348,100.0,20338.0
1718726693.6873994,100.0,20338.0
1718726693.8484323,62.0,20338.0
1718726694.0074859,100.0,20338.0
1718726694.1597111,96.0,20338.0
1718726694.3180156,100.0,20338.0
1718726694.570927,100.0,20338.0
1718726694.9462495,72.0,20338.0
1718726695.3570201,1.0,20338.0
1718726695.603926,49.0,20338.0
1718726695.8752213,91.0,20338.0
1718726696.277048,100.0,20338.0
1718726696.5184457,100.0,20338.0
1718726696.7161183,100.0,20338.0
1718726696.9517574,85.0,20338.0
1718726697.143775,40.0,20338.0
1718726697.3441067,100.0,20338.0
1718726697.5633447,99.0,20338.0
1718726697.7837927,100.0,20338.0
1718726698.0033793,100.0,20338.0
1718726698.2970092,100.0,20338.0
1718726698.592185,83.0,20338.0
1718726698.7916977,32.0,20338.0
1718726699.0194976,100.0,20338.0
1718726699.2590117,95.0,20338.0
1718726699.4886653,100.0,20338.0
1718726699.6919737,100.0,20338.0
1718726699.9086645,100.0,20338.0
1718726700.1900778,97.0,20338.0
1718726700.500857,1.0,20338.0
1718726700.6848395,75.0,20338.0
1718726700.8421881,99.0,20338.0
1718726701.0028226,100.0,20338.0
1718726701.1600437,100.0,20338.0
1718726701.3118284,100.0,20338.0
1718726701.5525281,100.0,20338.0
1718726701.9609902,51.0,20338.0
1718726702.2958446,1.0,20338.0
1718726702.5310743,95.0,20338.0
1718726702.8087776,100.0,20338.0
1718726703.1103344,100.0,20338.0
1718726703.3724854,100.0,20338.0
1718726703.5782924,100.0,20338.0
1718726703.8103902,100.0,20338.0
1718726704.025216,32.0,20338.0
1718726704.2282043,98.0,20338.0
1718726704.4517334,98.0,20338.0
1718726704.6717787,100.0,20338.0
1718726704.883159,100.0,20338.0
1718726705.1957476,100.0,20338.0
1718726705.4970987,100.0,20338.0
1718726705.6908278,90.0,20338.0
1718726705.941916,78.0,20338.0
1718726706.1723788,100.0,20338.0
1718726706.403803,100.0,20338.0
1718726706.6022062,100.0,20338.0
1718726706.843779,100.0,20338.0
1718726707.1997268,52.0,20338.0
1718726707.4316113,17.0,20338.0
1718726707.5928829,100.0,20338.0
1718726707.7587602,99.0,20338.0
1718726707.916008,99.0,20338.0
1718726708.0699148,100.0,20338.0
1718726708.2277935,100.0,20338.0
1718726708.4582138,100.0,20338.0
1718726708.8398688,11.0,20338.0
1718726709.1927495,1.0,20338.0
1718726709.4129994,100.0,20338.0
1718726709.7238138,100.0,20338.0
1718726710.111796,100.0,20338.0
1718726710.3443108,100.0,20338.0
1718726710.5424056,100.0,20338.0
1718726710.7601273,72.0,20338.0
1718726710.979869,47.0,20338.0
1718726711.1713264,100.0,20338.0
1718726711.3615882,99.0,20338.0
1718726711.5698528,100.0,20338.0
1718726711.759794,100.0,20338.0
1718726712.0758078,100.0,20338.0
1718726712.3723466,78.0,20338.0
1718726712.5957005,38.0,20338.0
1718726712.8516903,100.0,20338.0
1718726713.0757043,78.0,20338.0
1718726713.2857137,100.0,20338.0
1718726713.475708,100.0,20338.0
1718726713.6863577,100.0,20338.0
1718726713.983783,100.0,20338.0
1718726714.2686665,15.0,20338.0
1718726714.4531202,67.0,20338.0
1718726714.6093853,100.0,20338.0
1718726714.7681482,99.0,20338.0
1718726714.9229558,99.0,20338.0
1718726715.0801382,100.0,20338.0
1718726715.3445244,100.0,20338.0
1718726715.7357528,1.0,20338.0
1718726716.1162968,1.0,20338.0
1718726716.327991,88.0,20338.0
1718726716.587153,100.0,20338.0
1718726716.9597538,100.0,20338.0
1718726717.203931,100.0,20338.0
1718726717.3837717,100.0,20338.0
1718726717.6191258,100.0,20338.0
1718726717.8299925,49.0,20338.0
1718726718.0314765,83.0,20338.0
1718726718.2508764,99.0,20338.0
1718726718.4557643,100.0,20338.0
1718726718.6639242,100.0,20338.0
1718726718.9557097,100.0,20338.0
1718726719.266297,100.0,20338.0
1718726719.4457138,57.0,20338.0
1718726719.6397054,80.0,20338.0
1718726719.8428323,98.0,20338.0
1718726720.0554068,100.0,20338.0
1718726720.272569,100.0,20338.0
1718726720.4682708,100.0,20338.0
1718726720.7068076,100.0,20338.0
1718726721.0736456,61.0,20338.0
1718726721.2915664,2.0,20338.0
1718726721.4663644,70.0,20338.0
1718726721.6221623,100.0,20338.0
1718726721.7851973,99.0,20338.0
1718726721.939345,100.0,20338.0
1718726722.1130846,100.0,20338.0
1718726722.3603668,100.0,20338.0
1718726722.7438161,2.0,20338.0
1718726723.110654,20.0,20338.0
1718726723.3058608,100.0,20338.0
1718726723.6414902,100.0,20338.0
1718726723.9427304,100.0,20338.0
1718726724.2398136,100.0,20338.0
1718726724.4370956,100.0,20338.0
1718726724.6715038,100.0,20338.0
1718726724.8657296,44.0,20338.0
1718726725.079942,82.0,20338.0
1718726725.2757454,100.0,20338.0
1718726725.491819,100.0,20338.0
1718726725.686944,100.0,20338.0
1718726726.016381,100.0,20338.0
1718726726.275756,100.0,20338.0
1718726726.471716,58.0,20338.0
1718726726.6611283,75.0,20338.0
1718726726.8530767,99.0,20338.0
1718726727.0636945,100.0,20338.0
1718726727.2732418,100.0,20338.0
1718726727.4786448,100.0,20338.0
1718726727.7150953,100.0,20338.0
1718726728.1087377,3.0,20338.0
1718726728.3347611,85.0,20338.0
1718726728.4981868,85.0,20338.0
1718726728.6538699,99.0,20338.0
1718726728.8097725,100.0,20338.0
1718726728.9708714,100.0,20338.0
1718726729.127879,100.0,20338.0
1718726729.3652427,100.0,20338.0
1718726729.706283,54.0,20338.0
1718726730.096483,2.0,20338.0
1718726730.356346,71.0,20338.0
1718726730.6153533,93.0,20338.0
1718726731.0477796,100.0,20338.0
1718726731.326822,100.0,20338.0
1718726731.52322,100.0,20338.0
1718726731.7873511,79.0,20338.0
1718726731.985392,31.0,20338.0
1718726732.1966438,100.0,20338.0
1718726732.3917248,98.0,20338.0
1718726732.615778,100.0,20338.0
1718726732.8215506,100.0,20338.0
1718726733.0717466,100.0,20338.0
1718726733.3464909,100.0,20338.0
1718726733.5449739,18.0,20338.0
1718726733.759476,96.0,20338.0
1718726733.9730937,99.0,20338.0
1718726734.1914835,100.0,20338.0
1718726734.4006462,100.0,20338.0
1718726734.6091568,100.0,20338.0
1718726734.8877578,100.0,20338.0
1718726735.2524264,40.0,20338.0
1718726735.477882,11.0,20338.0
1718726735.6476855,100.0,20338.0
1718726735.8042486,99.0,20338.0
1718726735.9740627,100.0,20338.0
1718726736.1322675,100.0,20338.0
1718726736.2918284,100.0,20338.0
1718726736.4880643,100.0,20338.0
1718726736.8350794,36.0,20338.0
1718726737.263325,5.0,20338.0
1718726737.5138383,96.0,20338.0
1718726737.7798593,100.0,20338.0
1718726738.2135806,100.0,20338.0
1718726738.4599614,100.0,20338.0
1718726738.6517603,100.0,20338.0
1718726738.875615,100.0,20338.0
1718726739.068918,49.0,20338.0
1718726739.2637646,73.0,20338.0
1718726739.4837284,99.0,20338.0
1718726739.6987119,100.0,20338.0
1718726739.907133,100.0,20338.0
1718726740.200878,100.0,20338.0
1718726740.4816625,100.0,20338.0
1718726740.678415,61.0,20338.0
1718726740.9276035,100.0,20338.0
1718726741.1397042,97.0,20338.0
1718726741.3356223,100.0,20338.0
1718726741.550907,100.0,20338.0
1718726741.7835205,100.0,20338.0
1718726742.074888,86.0,20338.0
1718726742.4067369,2.0,20338.0
1718726742.5944004,69.0,20338.0
1718726742.749843,100.0,20338.0
1718726742.9033606,100.0,20338.0
1718726743.0553303,99.0,20338.0
1718726743.2075317,100.0,20338.0
1718726743.451781,100.0,20338.0
1718726743.8398669,73.0,20338.0
1718726744.1973102,2.0,20338.0
1718726744.4517443,100.0,20338.0
1718726744.7217336,68.0,20338.0
1718726745.0837748,100.0,20338.0
1718726745.4078076,100.0,20338.0
1718726745.6137877,100.0,20338.0
1718726745.8597476,100.0,20338.0
1718726746.0631304,79.0,20338.0
1718726746.2751722,100.0,20338.0
1718726746.4997535,99.0,20338.0
1718726746.7345197,100.0,20338.0
1718726746.9399805,100.0,20338.0
1718726747.2678134,100.0,20338.0
1718726747.5301611,100.0,20338.0
1718726747.7139692,10.0,20338.0
1718726747.9676578,98.0,20338.0
1718726748.1448178,99.0,20338.0
1718726748.328303,100.0,20338.0
1718726748.5393097,100.0,20338.0
1718726748.7301688,100.0,20338.0
1718726748.9833028,100.0,20338.0
1718726749.2998161,42.0,20338.0
1718726749.5223365,50.0,20338.0
1718726749.704881,50.0,20338.0
1718726749.8699713,100.0,20338.0
1718726750.030988,99.0,20338.0
1718726750.188956,100.0,20338.0
1718726750.3440351,100.0,20338.0
1718726750.5879211,100.0,20338.0
1718726750.9794307,2.0,20338.0
1718726751.3677633,2.0,20338.0
1718726751.6557899,100.0,20338.0
1718726751.92377,88.0,20338.0
1718726752.2219095,100.0,20338.0
1718726752.4878156,100.0,20338.0
1718726752.7354782,100.0,20338.0
1718726752.9599802,100.0,20338.0
1718726753.176485,23.0,20338.0
1718726753.363779,100.0,20338.0
1718726753.6007512,92.0,20341.0
1718726753.814993,100.0,20337.0
1718726754.0557847,100.0,20337.0
1718726754.3350093,100.0,20335.0
1718726754.720276,78.0,20335.0
1718726754.9057496,42.0,20335.0
1718726755.1595943,100.0,20335.0
1718726755.3317053,98.0,20335.0
1718726755.5210133,100.0,20335.0
1718726755.7265687,100.0,20335.0
1718726755.9225516,100.0,20335.0
1718726756.1797538,100.0,20335.0
1718726756.5376835,8.0,20335.0
1718726756.7517056,49.0,20335.0
1718726756.9285262,100.0,20335.0
1718726757.0913007,100.0,20335.0
1718726757.2470667,99.0,20335.0
1718726757.4139998,100.0,20335.0
1718726757.5760362,100.0,20335.0
1718726757.787872,100.0,20335.0
1718726758.1242049,2.0,20335.0
1718726758.5212076,2.0,20335.0
1718726758.7839785,61.0,20335.0
1718726759.086762,100.0,20335.0
1718726759.5154588,100.0,20335.0
1718726759.744647,100.0,20335.0
1718726759.943794,100.0,20335.0
1718726760.1757226,87.0,20335.0
1718726760.3956888,24.0,20335.0
1718726760.6071336,100.0,20335.0
1718726760.804748,97.0,20339.0
1718726761.0007112,100.0,20339.0
1718726761.2099714,100.0,20339.0
1718726761.5117648,100.0,20339.0
1718726761.7535005,100.0,20339.0
1718726761.9561641,40.0,20339.0
1718726762.1517074,100.0,20339.0
1718726762.3676972,97.0,20339.0
1718726762.587085,100.0,20339.0
1718726762.8112552,100.0,20339.0
1718726763.0237083,100.0,20339.0
1718726763.2999737,100.0,20339.0
1718726763.5917468,34.0,20339.0
1718726763.8631601,7.0,20339.0
1718726764.0266933,100.0,20339.0
1718726764.1828372,99.0,20339.0
1718726764.337959,100.0,20339.0
1718726764.4940927,100.0,20339.0
1718726764.655757,100.0,20339.0
1718726764.8622918,100.0,20339.0
1718726765.250902,38.0,20339.0
1718726765.6173143,5.0,20339.0
1718726765.8957884,98.0,20339.0
1718726766.1700735,100.0,20339.0
1718726766.5473762,100.0,20341.0
1718726766.8419366,100.0,20341.0
1718726767.0128694,100.0,20341.0
1718726767.2597604,100.0,20341.0
1718726767.4654193,52.0,20341.0
1718726767.6317015,100.0,20341.0
1718726767.8914733,98.0,20341.0
1718726768.0918946,100.0,20341.0
1718726768.3081665,100.0,20341.0
1718726768.5710113,100.0,20339.0
1718726768.910501,85.0,20339.0
1718726769.1212802,40.0,20339.0
1718726769.3036942,100.0,20339.0
1718726769.5117083,99.0,20339.0
1718726769.7224169,100.0,20339.0
1718726769.9364321,100.0,20339.0
1718726770.1199007,100.0,20339.0
1718726770.3231952,100.0,20339.0
1718726770.607155,9.0,20339.0
1718726770.8796244,29.0,20339.0
1718726771.0762503,29.0,20339.0
1718726771.232058,100.0,20339.0
1718726771.3877072,98.0,20339.0
1718726771.5415735,100.0,20339.0
1718726771.698055,100.0,20339.0
1718726771.8858752,100.0,20339.0
1718726772.1310592,100.0,20339.0
1718726772.484392,21.0,20339.0
1718726772.8591654,2.0,20339.0
1718726773.065815,100.0,20339.0
1718726773.3317838,91.0,20339.0
1718726773.6727777,100.0,20339.0
1718726773.9504714,100.0,20339.0
1718726774.122051,100.0,20339.0
1718726774.3810625,84.0,20339.0
1718726774.6100898,15.0,20339.0
1718726774.8238423,100.0,20339.0
1718726775.0233183,99.0,20339.0
1718726775.2477906,100.0,20339.0
1718726775.4592414,100.0,20339.0
1718726775.7752032,100.0,20339.0
1718726776.0838594,35.0,20339.0
1718726776.2849944,80.0,20339.0
1718726776.5436976,96.0,20339.0
1718726776.7832952,86.0,20339.0
1718726777.0104246,100.0,20339.0
1718726777.1980512,100.0,20339.0
1718726777.4038825,100.0,20339.0
1718726777.6706147,82.0,20339.0
1718726777.9793284,3.0,20339.0
1718726778.1842473,81.0,20339.0
1718726778.3397813,93.0,20339.0
1718726778.499275,93.0,20339.0
1718726778.6512191,99.0,20339.0
1718726778.8076882,100.0,20339.0
1718726779.0762124,100.0,20339.0
1718726779.4423885,71.0,20339.0
1718726779.8044183,2.0,20339.0
1718726780.0837767,84.0,20339.0
1718726780.4103518,100.0,20339.0
1718726780.7624137,100.0,20339.0
1718726781.0279455,100.0,20339.0
1718726781.2437954,100.0,20339.0
1718726781.4939356,64.0,20339.0
1718726781.6979988,57.0,20339.0
1718726781.9159281,100.0,20339.0
1718726782.1197376,97.0,20339.0
1718726782.3477015,100.0,20339.0
1718726782.527804,100.0,20339.0
1718726782.8855133,100.0,20339.0
1718726783.1775548,96.0,20349.0
1718726783.3756912,10.0,20349.0
1718726783.6236928,100.0,20349.0
1718726783.855702,98.0,20349.0
1718726784.0798001,99.0,20349.0
1718726784.2912717,99.0,20349.0
1718726784.527575,99.0,20349.0
1718726784.86609,52.0,20349.0
1718726785.1198146,38.0,20349.0
1718726785.2886717,38.0,20349.0
1718726785.4522903,100.0,20349.0
1718726785.6090972,98.0,20349.0
1718726785.7678165,100.0,20349.0
1718726785.9317756,100.0,20349.0
1718726786.1913793,99.0,20349.0
1718726786.4919925,99.0,20339.0
1718726786.8542001,3.0,20339.0
1718726787.1677547,46.0,20339.0
1718726787.4164464,50.0,20339.0
1718726787.7700322,100.0,20339.0
1718726788.0142796,100.0,20339.0
1718726788.2936034,100.0,20339.0
1718726788.5226634,100.0,20339.0
1718726788.7326572,49.0,20339.0
1718726788.917845,66.0,20339.0
1718726789.123444,100.0,20339.0
1718726789.3030343,99.0,20339.0
1718726789.5391777,100.0,20339.0
1718726789.815843,100.0,20339.0
1718726790.1677945,100.0,20339.0
1718726790.3628569,81.0,20339.0
1718726790.5632493,40.0,20339.0
1718726790.8178298,100.0,20339.0
1718726790.9976013,89.0,20339.0
1718726791.2332034,100.0,20339.0
1718726791.4446054,100.0,20339.0
1718726791.651235,100.0,20339.0
1718726791.9612186,100.0,20339.0
1718726792.259698,21.0,20339.0
1718726792.4442933,61.0,20339.0
1718726792.604169,100.0,20339.0
1718726792.7594337,99.0,20339.0
1718726792.9130797,100.0,20339.0
1718726793.0738661,100.0,20339.0
1718726793.3317845,100.0,20339.0
1718726793.6704502,90.0,20339.0
1718726794.044011,2.0,20339.0
1718726794.3314657,80.0,20339.0
1718726794.6242154,98.0,20339.0
1718726794.948969,100.0,20339.0
1718726795.259271,100.0,20339.0
1718726795.4434762,100.0,20339.0
1718726795.6828034,73.0,20339.0
1718726795.9013193,42.0,20339.0
1718726796.1143844,100.0,20339.0
1718726796.3348958,98.0,20339.0
1718726796.5557098,100.0,20339.0
1718726796.7667193,100.0,20339.0
1718726797.0223236,100.0,20339.0
1718726797.3039567,100.0,20339.0
1718726797.50544,42.0,20339.0
1718726797.7076175,100.0,20339.0
1718726797.9317012,99.0,20339.0
1718726798.159699,100.0,20339.0
1718726798.3753428,100.0,20339.0
1718726798.598082,100.0,20339.0
1718726798.831784,100.0,20339.0
1718726799.2291718,19.0,20339.0
1718726799.452772,6.0,20339.0
1718726799.610619,100.0,20339.0
1718726799.7700112,99.0,20339.0
1718726799.928824,100.0,20339.0
1718726800.0908546,100.0,20339.0
1718726800.2546527,100.0,20339.0
1718726800.5397942,100.0,20339.0
1718726800.91913,2.0,20339.0
1718726801.297665,6.0,20339.0
1718726801.511802,100.0,20339.0
1718726801.8348284,100.0,20339.0
1718726802.1946232,100.0,20339.0
1718726802.4034665,100.0,20339.0
1718726802.5732124,100.0,20339.0
1718726802.8117514,100.0,20339.0
1718726803.0221803,51.0,20339.0
1718726803.2197645,77.0,20339.0
1718726803.4471788,100.0,20339.0
1718726803.6753845,100.0,20339.0
1718726803.8837712,100.0,20339.0
1718726804.1911454,100.0,20339.0
1718726804.463705,100.0,20339.0
1718726804.6551056,74.0,20339.0
1718726804.8716264,99.0,20339.0
1718726805.0797038,100.0,20339.0
1718726805.286617,100.0,20339.0
1718726805.4977245,100.0,20339.0
1718726805.7124822,100.0,20339.0
1718726805.9518018,74.0,20339.0
1718726806.3164523,2.0,20339.0
1718726806.5572338,61.0,20339.0
1718726806.7345462,100.0,20339.0
1718726806.8939588,100.0,20339.0
1718726807.0481114,99.0,20339.0
1718726807.2000992,100.0,20339.0
1718726807.3552318,100.0,20339.0
1718726807.625019,100.0,20339.0
1718726808.0305479,2.0,20339.0
1718726808.4791243,69.0,20339.0
1718726808.6968324,100.0,20340.0
1718726808.987128,100.0,20340.0
1718726809.3117638,100.0,20340.0
1718726809.5473807,100.0,20340.0
1718726809.7478032,100.0,20340.0
1718726809.9997897,100.0,20340.0
1718726810.2076979,10.0,20340.0
1718726810.4287043,100.0,20340.0
1718726810.6197515,98.0,20340.0
1718726810.839798,100.0,20340.0
1718726811.0507,100.0,20340.0
1718726811.3456705,100.0,20340.0
1718726811.6272442,100.0,20340.0
1718726811.8145304,48.0,20340.0
1718726811.9965148,82.0,20340.0
1718726812.2157052,99.0,20340.0
1718726812.4356987,100.0,20340.0
1718726812.669727,100.0,20340.0
1718726812.8951547,100.0,20340.0
1718726813.1875646,68.0,20340.0
1718726813.5677264,2.0,20340.0
1718726813.7590065,58.0,20340.0
1718726813.923695,100.0,20340.0
1718726814.0818279,100.0,20340.0
1718726814.2416396,99.0,20340.0
1718726814.4018793,100.0,20340.0
1718726814.5564122,100.0,20340.0
1718726814.751821,100.0,20340.0
1718726815.0349317,90.0,20340.0
1718726815.4367332,2.0,20340.0
1718726815.710441,63.0,20340.0
1718726815.948674,54.0,20340.0
1718726816.2966807,100.0,20340.0
1718726816.591821,100.0,20340.0
1718726816.8079522,100.0,20340.0
1718726817.0032299,100.0,20340.0
1718726817.2404368,100.0,20340.0
1718726817.4477844,30.0,20340.0
1718726817.6473126,88.0,20340.0
1718726817.8437645,99.0,20340.0
1718726818.055771,100.0,20340.0
1718726818.2597907,100.0,20340.0
1718726818.5902057,100.0,20340.0
1718726818.8391716,100.0,20340.0
1718726819.0472462,63.0,20340.0
1718726819.2406416,71.0,20340.0
1718726819.4367003,100.0,20340.0
1718726819.648849,99.0,20340.0
1718726819.8577359,100.0,20340.0
1718726820.0711067,100.0,20340.0
1718726820.3362665,100.0,20340.0
1718726820.6608837,2.0,20340.0
1718726820.9377398,60.0,20340.0
1718726821.1049888,100.0,20340.0
1718726821.261876,100.0,20340.0
1718726821.4237294,99.0,20340.0
1718726821.5871053,100.0,20340.0
1718726821.7749314,100.0,20340.0
1718726822.0158474,100.0,20340.0
1718726822.3745399,2.0,20340.0
1718726822.707752,4.0,20340.0
1718726822.9604125,92.0,20340.0
1718726823.2237887,100.0,20340.0
1718726823.5231936,100.0,20340.0
1718726823.7998607,100.0,20340.0
1718726824.0420074,100.0,20340.0
1718726824.283752,55.0,20340.0
1718726824.504971,65.0,20340.0
1718726824.683887,100.0,20340.0
1718726824.9157286,94.0,20340.0
1718726825.1458306,100.0,20340.0
1718726825.3558254,100.0,20340.0
1718726825.6589785,100.0,20340.0
1718726825.9683228,89.0,20340.0
1718726826.1675591,36.0,20340.0
1718726826.4157073,100.0,20340.0
1718726826.6485307,100.0,20340.0
1718726826.8837404,100.0,20340.0
1718726827.083786,100.0,20340.0
1718726827.3037736,100.0,20340.0
1718726827.6118367,38.0,20340.0
1718726827.907851,28.0,20340.0
1718726828.0975301,28.0,20340.0
1718726828.249031,100.0,20340.0
1718726828.4054904,99.0,20340.0
1718726828.570305,100.0,20340.0
1718726828.7263958,100.0,20340.0
1718726828.8790944,100.0,20340.0
1718726829.0761232,100.0,20340.0
1718726829.4638689,2.0,20340.0
1718726829.877663,2.0,20340.0
1718726830.1061637,89.0,20340.0
1718726830.37179,100.0,20340.0
1718726830.707762,100.0,20340.0
1718726831.0158818,100.0,20340.0
1718726831.1929426,100.0,20340.0
1718726831.4422157,100.0,20340.0
1718726831.6430042,66.0,20340.0
1718726831.857082,100.0,20340.0
1718726832.0773847,99.0,20340.0
1718726832.3108187,100.0,20340.0
1718726832.5164506,100.0,20340.0
1718726832.8316138,100.0,20340.0
1718726833.1119506,85.0,20340.0
1718726833.31185,38.0,20340.0
1718726833.5636358,100.0,20340.0
1718726833.7927842,98.0,20340.0
1718726834.020361,100.0,20340.0
1718726834.2450783,100.0,20340.0
1718726834.4678762,100.0,20340.0
1718726834.735761,15.0,20340.0
1718726835.079742,47.0,20340.0
1718726835.2829618,47.0,20340.0
1718726835.4435747,100.0,20340.0
1718726835.597195,99.0,20340.0
1718726835.7512925,100.0,20340.0
1718726835.9035282,100.0,20340.0
1718726836.0812795,100.0,20340.0
1718726836.3237383,100.0,20340.0
1718726836.710024,2.0,20340.0
1718726837.083735,50.0,20340.0
1718726837.2887614,100.0,20340.0
1718726837.5677626,100.0,20340.0
1718726837.9542642,100.0,20340.0
1718726838.183374,100.0,20340.0
1718726838.3814135,100.0,20340.0
1718726838.6509683,16.0,20340.0
1718726838.8713014,100.0,20340.0
1718726839.0713053,80.0,20340.0
1718726839.2587948,100.0,20340.0
1718726839.4837565,100.0,20340.0
1718726839.7006478,100.0,20340.0
1718726840.003899,100.0,20340.0
1718726840.3284066,65.0,20340.0
1718726840.5934203,23.0,20340.0
1718726840.8036973,100.0,20340.0
1718726841.0357845,95.0,20340.0
1718726841.2478108,100.0,20340.0
1718726841.4789732,100.0,20340.0
1718726841.7610404,100.0,20340.0
1718726842.0409706,100.0,20340.0
1718726842.2634342,33.0,20340.0
1718726842.4184783,82.0,20340.0
1718726842.5786173,99.0,20340.0
1718726842.7371454,100.0,20340.0
1718726842.889353,100.0,20340.0
1718726843.1745477,100.0,20340.0
1718726843.4900758,100.0,20340.0
1718726843.8313062,2.0,20340.0
1718726844.1214154,38.0,20340.0
1718726844.4130516,42.0,20340.0
1718726844.8190942,100.0,20340.0
1718726845.187235,100.0,20340.0
1718726845.3837445,100.0,20340.0
1718726845.5997999,100.0,20340.0
1718726845.8038006,73.0,20340.0
1718726845.999317,81.0,20340.0
1718726846.1989746,97.0,20340.0
1718726846.448418,100.0,20340.0
1718726846.6833847,100.0,20340.0
1718726847.0328958,100.0,20340.0
1718726847.2700446,100.0,20340.0
1718726847.461078,53.0,20340.0
1718726847.7105672,100.0,20340.0
1718726847.9227598,97.0,20340.0
1718726848.155396,100.0,20340.0
1718726848.3517616,100.0,20340.0
1718726848.5792081,100.0,20340.0
1718726848.8772125,100.0,20340.0
1718726849.1805701,2.0,20340.0
1718726849.364476,88.0,20340.0
1718726849.5216806,99.0,20340.0
1718726849.6870224,100.0,20340.0
1718726849.8489344,100.0,20340.0
1718726850.0026283,100.0,20340.0
1718726850.2318943,100.0,20340.0
1718726850.6246245,63.0,20340.0
1718726851.0012286,5.0,20340.0
1718726851.2838042,83.0,20340.0
1718726851.5775862,100.0,20340.0
1718726851.9743416,100.0,20340.0
1718726852.2396204,100.0,20340.0
1718726852.4461749,100.0,20340.0
1718726852.6973927,66.0,20340.0
1718726852.8876996,50.0,20340.0
1718726853.0964448,100.0,20340.0
1718726853.2965343,96.0,20340.0
1718726853.5157845,100.0,20340.0
1718726853.7118182,100.0,20340.0
1718726854.0026062,100.0,20340.0
1718726854.2837658,100.0,20340.0
1718726854.4996912,36.0,20340.0
1718726854.7397826,100.0,20340.0
1718726854.9194665,99.0,20340.0
1718726855.1171017,100.0,20340.0
1718726855.314413,100.0,20340.0
1718726855.485051,100.0,20340.0
1718726855.6919234,100.0,20340.0
1718726855.9800282,18.0,20340.0
1718726856.3064792,6.0,20340.0
1718726856.4896636,100.0,20340.0
1718726856.644664,100.0,20340.0
1718726856.80381,98.0,20340.0
1718726856.9583454,100.0,20340.0
1718726857.1158156,100.0,20340.0
1718726857.3211772,100.0,20340.0
1718726857.549268,100.0,20340.0
1718726857.883654,49.0,20340.0
1718726858.2130153,5.0,20340.0
1718726858.4595573,97.0,20340.0
1718726858.7215521,100.0,20340.0
1718726859.0677545,100.0,20340.0
1718726859.3355002,100.0,20340.0
1718726859.583771,100.0,20340.0
1718726859.8277242,100.0,20340.0
1718726860.0265477,53.0,20340.0
1718726860.2427356,77.0,20340.0
1718726860.4335635,100.0,20342.0
1718726860.687641,100.0,20342.0
1718726860.9289308,100.0,20342.0
1718726861.1912534,100.0,20342.0
1718726861.492105,74.0,20342.0
1718726861.7231264,2.0,20342.0
1718726861.9357045,64.0,20342.0
1718726862.1631665,100.0,20342.0
1718726862.3566859,99.0,20342.0
1718726862.575606,100.0,20342.0
1718726862.9397666,100.0,20342.0
1718726863.1869087,100.0,20342.0
1718726863.3745887,91.0,20342.0
1718726863.5497997,55.0,20342.0
1718726863.7126913,100.0,20342.0
1718726863.8808007,99.0,20342.0
1718726864.0438561,100.0,20342.0
1718726864.3477645,100.0,20342.0
1718726864.677091,100.0,20342.0
1718726865.06578,4.0,20342.0
1718726865.2932417,60.0,20342.0
1718726865.5317862,37.0,20342.0
1718726865.99739,100.0,20343.0
1718726866.301021,100.0,20343.0
1718726866.4677927,100.0,20343.0
1718726866.6789892,100.0,20343.0
1718726866.8690453,59.0,20343.0
1718726867.1246371,49.0,20343.0
1718726867.312929,100.0,20343.0
1718726867.5307353,95.0,20343.0
1718726867.7439551,100.0,20343.0
1718726868.0559883,100.0,20344.0
1718726868.3668325,100.0,20344.0
1718726868.5516984,100.0,20344.0
1718726868.8019671,9.0,20341.0
1718726869.043698,97.0,20341.0
1718726869.2599013,100.0,20341.0
1718726869.4596565,100.0,20341.0
1718726869.65869,100.0,20341.0
1718726869.9946263,100.0,20341.0
1718726870.2788908,67.0,20341.0
1718726870.4740174,67.0,20341.0
1718726870.6282802,61.0,20341.0
1718726870.7882657,100.0,20341.0
1718726870.9418054,99.0,20341.0
1718726871.0968983,100.0,20341.0
1718726871.3558047,100.0,20341.0
1718726871.7279384,100.0,20341.0
1718726872.0358465,2.0,20341.0
1718726872.327741,19.0,20341.0
1718726872.6037686,68.0,20341.0
1718726872.9317539,100.0,20341.0
1718726873.287201,100.0,20341.0
1718726873.4753926,100.0,20341.0
1718726873.7207801,100.0,20341.0
1718726873.931305,64.0,20341.0
1718726874.099926,64.0,20341.0
1718726874.337112,100.0,20341.0
1718726874.530021,93.0,20341.0
1718726874.77982,100.0,20341.0
1718726875.0717797,100.0,20341.0
1718726875.398131,100.0,20341.0
1718726875.6133754,22.0,20341.0
1718726875.851607,100.0,20341.0
1718726876.074744,99.0,20341.0
1718726876.296503,100.0,20341.0
1718726876.5086265,100.0,20341.0
1718726876.729114,100.0,20341.0
1718726876.9757693,100.0,20341.0
1718726877.3668072,34.0,20341.0
1718726877.5617766,71.0,20341.0
1718726877.7169151,100.0,20341.0
1718726877.8752418,100.0,20341.0
1718726878.0281205,97.0,20341.0
1718726878.1849172,100.0,20341.0
1718726878.4478881,100.0,20341.0
1718726878.8134098,82.0,20341.0
1718726879.1917694,4.0,20341.0
1718726879.4794815,95.0,20341.0
1718726879.736244,100.0,20341.0
1718726880.0664456,100.0,20341.0
1718726880.2958488,100.0,20341.0
1718726880.5059602,100.0,20341.0
1718726880.6954973,100.0,20341.0
1718726880.9235332,66.0,20341.0
1718726881.114594,42.0,20341.0
1718726881.3268452,100.0,20341.0
1718726881.5368946,98.0,20341.0
1718726881.7543263,100.0,20341.0
1718726881.95701,100.0,20341.0
1718726882.2618918,100.0,20341.0
1718726882.5477815,100.0,20341.0
1718726882.7476928,22.0,20341.0
1718726882.9676986,100.0,20341.0
1718726883.1397076,99.0,20341.0
1718726883.3317072,100.0,20341.0
1718726883.534569,100.0,20341.0
1718726883.725236,100.0,20341.0
1718726883.9557621,100.0,20341.0
1718726884.2646613,45.0,20341.0
1718726884.5288172,18.0,20341.0
1718726884.7180805,100.0,20341.0
1718726884.877014,99.0,20341.0
1718726885.0375366,99.0,20341.0
1718726885.2083457,100.0,20341.0
1718726885.3638022,100.0,20341.0
1718726885.6118064,100.0,20341.0
1718726885.9589603,38.0,20341.0
1718726886.3409257,2.0,20341.0
1718726886.5755548,26.0,20341.0
1718726886.823841,50.0,20341.0
1718726887.1751199,91.0,20336.0
1718726887.4355097,100.0,20336.0
1718726887.6924381,100.0,20336.0
1718726887.8797057,100.0,20336.0
1718726888.1102896,83.0,20336.0
1718726888.3286278,43.0,20336.0
1718726888.5426443,100.0,20336.0
1718726888.7358944,99.0,20336.0
1718726888.9843862,100.0,20336.0
1718726889.311777,100.0,20336.0
1718726889.6253724,100.0,20336.0
1718726889.8382258,12.0,20336.0
1718726890.047534,12.0,20336.0
1718726890.2323809,97.0,20336.0
1718726890.4447591,100.0,20336.0
1718726890.647977,100.0,20336.0
1718726890.8303502,100.0,20336.0
1718726891.0752776,100.0,20336.0
1718726891.409967,65.0,20336.0
1718726891.6787694,48.0,20336.0
1718726891.8632185,48.0,20336.0
1718726892.0211875,100.0,20338.0
1718726892.1873643,99.0,20334.0
1718726892.3553543,100.0,20332.0
1718726892.5197866,100.0,20332.0
1718726892.765345,100.0,20332.0
1718726893.0899076,40.0,20332.0
1718726893.4754193,2.0,20332.0
1718726893.7278016,44.0,20332.0
1718726894.0317678,97.0,20332.0
1718726894.3501837,100.0,20332.0
1718726894.6342328,100.0,20332.0
1718726894.8625176,100.0,20332.0
1718726895.1077466,100.0,20332.0
1718726895.3183877,28.0,20332.0
1718726895.5224798,100.0,20332.0
1718726895.7517443,99.0,20332.0
1718726895.986318,100.0,20332.0
1718726896.227495,100.0,20332.0
1718726896.4752624,100.0,20336.0
1718726896.67106,100.0,20336.0
1718726896.995762,34.0,20336.0
1718726897.2197063,100.0,20336.0
1718726897.4516296,98.0,20336.0
1718726897.6713088,100.0,20336.0
1718726897.8997936,100.0,20336.0
1718726898.1808276,100.0,20336.0
1718726898.471794,100.0,20336.0
1718726898.648902,100.0,20336.0
1718726898.8169718,42.0,20338.0
1718726898.9722357,100.0,20338.0
1718726899.1325974,99.0,20338.0
1718726899.302532,100.0,20338.0
1718726899.471262,100.0,20338.0
1718726899.7056613,100.0,20338.0
1718726900.007811,100.0,20338.0
1718726900.4164407,2.0,20338.0
1718726900.684526,83.0,20338.0
1718726901.0158005,95.0,20338.0
1718726901.4475002,100.0,20338.0
1718726901.6777213,100.0,20338.0
1718726901.8877842,100.0,20340.0
1718726902.1354885,81.0,20340.0
1718726902.3314736,27.0,20340.0
1718726902.5363986,100.0,20340.0
1718726902.7750762,96.0,20340.0
1718726902.9776146,100.0,20338.0
1718726903.1854193,100.0,20338.0
1718726903.4319293,100.0,20338.0
1718726903.7502196,100.0,20338.0
1718726903.9745286,36.0,20338.0
1718726904.2074757,100.0,20338.0
1718726904.3909023,98.0,20338.0
1718726904.595702,100.0,20338.0
1718726904.8045208,100.0,20338.0
1718726905.0246804,100.0,20338.0
1718726905.291859,49.0,20340.0
1718726905.6773329,2.0,20340.0
1718726905.891749,79.0,20340.0
1718726906.0496092,79.0,20340.0
1718726906.2066355,99.0,20340.0
1718726906.3601198,100.0,20340.0
1718726906.520223,100.0,20340.0
1718726906.6837816,100.0,20340.0
1718726906.9557743,100.0,20340.0
1718726907.3545313,2.0,20340.0
1718726907.7464116,9.0,20340.0
1718726907.9472818,95.0,20340.0
1718726908.2557712,100.0,20340.0
1718726908.5758111,100.0,20340.0
1718726908.7998085,100.0,20340.0
1718726908.9757733,100.0,20340.0
1718726909.2087815,100.0,20340.0
1718726909.415735,50.0,20340.0
1718726909.5997343,66.0,20340.0
1718726909.8313854,100.0,20340.0
1718726910.013308,91.0,20340.0
1718726910.2433105,100.0,20340.0
1718726910.5385678,100.0,20340.0
1718726910.865004,98.0,20340.0
1718726911.0562875,43.0,20340.0
1718726911.2597063,100.0,20340.0
1718726911.499703,99.0,20339.0
1718726911.7276971,100.0,20339.0
1718726911.9473407,100.0,20339.0
1718726912.1717362,100.0,20339.0
1718726912.4479759,100.0,20339.0
1718726912.780569,28.0,20339.0
1718726913.0406356,28.0,20339.0
1718726913.198696,100.0,20339.0
1718726913.3588624,97.0,20339.0
1718726913.5165088,100.0,20339.0
1718726913.6740263,100.0,20339.0
1718726913.8599002,100.0,20339.0
1718726914.1087365,100.0,20339.0
1718726914.4878042,29.0,20339.0
1718726914.826329,14.0,20339.0
1718726915.052247,100.0,20339.0
1718726915.373189,100.0,20339.0
1718726915.6614788,100.0,20339.0
1718726915.9229093,100.0,20339.0
1718726916.113399,100.0,20339.0
1718726916.3677528,100.0,20339.0
1718726916.5728357,48.0,20339.0
1718726916.7357113,82.0,20339.0
1718726916.9646938,97.0,20339.0
1718726917.1498148,100.0,20339.0
1718726917.387907,100.0,20339.0
1718726917.6957586,100.0,20339.0
1718726918.0841289,71.0,20339.0
1718726918.2793632,39.0,20339.0
1718726918.5234554,100.0,20339.0
1718726918.7389302,98.0,20339.0
1718726918.95923,100.0,20339.0
1718726919.1917646,100.0,20339.0
1718726919.4157965,100.0,20339.0
1718726919.7111266,100.0,20339.0
1718726920.014685,17.0,20339.0
1718726920.217092,59.0,20339.0
1718726920.3750074,100.0,20339.0
1718726920.5373304,99.0,20339.0
1718726920.6925726,100.0,20339.0
1718726920.8476937,100.0,20339.0
1718726921.0037935,100.0,20339.0
1718726921.230765,100.0,20339.0
1718726921.547834,2.0,20339.0
1718726921.9357781,2.0,20339.0
1718726922.1957495,100.0,20339.0
1718726922.4837701,100.0,20339.0
1718726922.8585064,100.0,20339.0
1718726923.1096723,100.0,20339.0
1718726923.323781,100.0,20339.0
1718726923.5837524,100.0,20339.0
1718726923.7814393,15.0,20339.0
1718726923.9862742,100.0,20339.0
1718726924.2237165,100.0,20339.0
1718726924.4477794,100.0,20339.0
1718726924.6437898,100.0,20339.0
1718726924.9720004,100.0,20339.0
1718726925.2491724,58.0,20339.0
1718726925.4557052,70.0,20339.0
1718726925.6396916,100.0,20339.0
1718726925.8397074,99.0,20339.0
1718726926.0533566,100.0,20339.0
1718726926.2679396,100.0,20339.0
1718726926.479765,100.0,20339.0
1718726926.7311249,83.0,20339.0
1718726927.1358068,2.0,20339.0
1718726927.3457365,48.0,20339.0
1718726927.5128977,100.0,20339.0
1718726927.6737688,99.0,20339.0
1718726927.82916,99.0,20339.0
1718726927.9823844,100.0,20339.0
1718726928.13569,100.0,20339.0
1718726928.3917913,100.0,20339.0
1718726928.7307465,4.0,20339.0
1718726929.1169245,2.0,20339.0
1718726929.3477552,13.0,20339.0
1718726929.6042712,73.0,20339.0
1718726929.947905,100.0,20339.0
1718726930.2169266,100.0,20339.0
1718726930.4610217,100.0,20339.0
1718726930.6817737,100.0,20339.0
1718726930.886758,70.0,20339.0
1718726931.0913997,57.0,20339.0
1718726931.3021543,100.0,20339.0
1718726931.4777164,99.0,20339.0
1718726931.7477224,100.0,20339.0
1718726931.9405844,100.0,20339.0
1718726932.2731864,94.0,20339.0
1718726932.6970754,2.0,20339.0
1718726932.899653,68.0,20339.0
1718726933.107737,100.0,20339.0
1718726933.3438308,75.0,20339.0
1718726933.5740972,100.0,20339.0
1718726933.8831341,100.0,20339.0
1718726934.1700513,100.0,20339.0
1718726934.3499718,100.0,20339.0
1718726934.5182014,48.0,20339.0
1718726934.6797037,100.0,20339.0
1718726934.8310013,100.0,20339.0
1718726934.9879029,100.0,20339.0
1718726935.247791,100.0,20339.0
1718726935.633952,100.0,20339.0
1718726935.9474895,100.0,20339.0
1718726936.2117262,61.0,20339.0
1718726936.483817,69.0,20339.0
1718726936.836436,100.0,20339.0
1718726937.0958374,100.0,20339.0
1718726937.3377848,100.0,20339.0
1718726937.5265067,100.0,20339.0
1718726937.7423315,100.0,20339.0
1718726937.9471166,36.0,20339.0
1718726938.1357546,100.0,20339.0
1718726938.3173096,99.0,20339.0
1718726938.5357492,100.0,20339.0
1718726938.7397583,100.0,20339.0
1718726939.0398374,100.0,20339.0
1718726939.3157694,100.0,20339.0
1718726939.5143516,47.0,20339.0
1718726939.7397637,99.0,20339.0
1718726939.9130614,96.0,20339.0
1718726940.1117072,100.0,20339.0
1718726940.3073866,100.0,20339.0
1718726940.5243287,100.0,20339.0
1718726940.761296,100.0,20339.0
1718726941.2032547,7.0,20339.0
1718726941.432934,7.0,20339.0
1718726941.5874305,100.0,20339.0
1718726941.7452142,99.0,20339.0
1718726941.9037387,100.0,20339.0
1718726942.0628743,100.0,20339.0
1718726942.223803,100.0,20339.0
1718726942.4703898,100.0,20339.0
1718726942.8581111,49.0,20339.0
1718726943.1823678,5.0,20339.0
1718726943.4358318,98.0,20339.0
1718726943.7317898,100.0,20339.0
1718726944.0795865,100.0,20339.0
1718726944.3400185,100.0,20339.0
1718726944.5410407,100.0,20339.0
1718726944.7749684,100.0,20339.0
1718726944.9970305,52.0,20339.0
1718726945.1997416,100.0,20339.0
1718726945.4308302,98.0,20339.0
1718726945.647285,100.0,20339.0
1718726945.8598065,100.0,20339.0
1718726946.189213,100.0,20339.0
1718726946.4960701,86.0,20339.0
1718726946.6996982,22.0,20339.0
1718726946.9373457,100.0,20339.0
1718726947.1837025,98.0,20339.0
1718726947.414392,100.0,20339.0
1718726947.6305275,100.0,20339.0
1718726947.8409095,100.0,20339.0
1718726948.14284,100.0,20339.0
1718726948.4191978,28.0,20339.0
1718726948.622515,28.0,20339.0
1718726948.7773206,100.0,20339.0
1718726948.9377997,99.0,20339.0
1718726949.0914276,100.0,20339.0
1718726949.2462764,100.0,20339.0
1718726949.4037492,100.0,20339.0
1718726949.5992477,100.0,20339.0
1718726949.9440546,24.0,20339.0
1718726950.2920346,2.0,20339.0
1718726950.5477424,100.0,20339.0
1718726950.831903,59.0,20339.0
1718726951.1327236,100.0,20339.0
1718726951.3997767,100.0,20339.0
1718726951.6608765,100.0,20339.0
1718726951.8571274,100.0,20339.0
1718726952.08031,66.0,20339.0
1718726952.3037484,43.0,20339.0
1718726952.4994273,100.0,20339.0
1718726952.6957614,99.0,20339.0
1718726952.9397407,100.0,20339.0
1718726953.1877224,100.0,20339.0
1718726953.4234753,100.0,20339.0
1718726953.6884892,100.0,20339.0
1718726953.967475,9.0,20339.0
1718726954.1757069,55.0,20339.0
1718726954.4148426,100.0,20339.0
1718726954.6165226,100.0,20339.0
1718726954.859806,100.0,20339.0
1718726955.2491157,100.0,20339.0
1718726955.4853535,98.0,20339.0
1718726955.655697,57.0,20339.0
1718726955.8154845,57.0,20339.0
1718726955.9690413,100.0,20339.0
1718726956.1236985,99.0,20339.0
1718726956.2757921,100.0,20339.0
1718726956.5307608,100.0,20339.0
1718726956.90307,95.0,20339.0
1718726957.2535276,2.0,20339.0
1718726957.5117428,30.0,20339.0
1718726957.811768,95.0,20339.0
1718726958.128727,99.0,20339.0
1718726958.415879,100.0,20339.0
1718726958.628597,100.0,20339.0
1718726958.8517008,100.0,20339.0
1718726959.0715172,28.0,20339.0
1718726959.2717786,82.0,20339.0
1718726959.4797058,91.0,20339.0
1718726959.6781425,96.0,20339.0
1718726959.9517567,100.0,20339.0
1718726960.3118072,100.0,20339.0
1718726960.5958729,100.0,20339.0
1718726960.7972155,43.0,20339.0
1718726961.051707,100.0,20339.0
1718726961.2372742,98.0,20339.0
1718726961.4235637,100.0,20339.0
1718726961.6244116,100.0,20339.0
1718726961.8238626,100.0,20339.0
1718726962.0592124,100.0,20339.0
1718726962.3225472,11.0,20339.0
1718726962.678119,47.0,20339.0
1718726962.8501163,100.0,20339.0
1718726963.0168993,100.0,20339.0
1718726963.171479,99.0,20339.0
1718726963.3310964,100.0,20339.0
1718726963.4957814,100.0,20339.0
1718726963.7229462,100.0,20339.0
1718726964.0478666,100.0,20339.0
1718726964.3718305,1.0,20339.0
1718726964.6677315,62.0,20339.0
1718726964.923895,49.0,20339.0
1718726965.2598162,100.0,20339.0
1718726965.5711682,100.0,20339.0
1718726965.8140194,100.0,20339.0
1718726966.021138,100.0,20339.0
1718726966.2217884,44.0,20339.0
1718726966.4376075,70.0,20339.0
1718726966.6272242,100.0,20339.0
1718726966.8178973,97.0,20339.0
1718726967.023181,100.0,20339.0
1718726967.2237873,100.0,20339.0
1718726967.5517807,100.0,20339.0
1718726967.7902482,100.0,20339.0
1718726967.9837654,81.0,20339.0
1718726968.186177,10.0,20339.0
1718726968.3851004,100.0,20339.0
1718726968.6022732,100.0,20339.0
1718726968.81591,100.0,20339.0
1718726969.0054169,100.0,20339.0
1718726969.219813,100.0,20339.0
1718726969.583789,45.0,20339.0
1718726969.816779,45.0,20339.0
1718726969.9952333,35.0,20339.0
1718726970.1537278,100.0,20339.0
1718726970.3111851,98.0,20339.0
1718726970.4661477,100.0,20339.0
1718726970.6194293,100.0,20339.0
1718726970.89183,100.0,20339.0
1718726971.2339818,100.0,20339.0
1718726971.586154,2.0,20339.0
1718726971.8837857,74.0,20339.0
1718726972.159788,97.0,20339.0
1718726972.4621751,100.0,20339.0
1718726972.7155497,100.0,20339.0
1718726972.9351761,100.0,20339.0
1718726973.123652,100.0,20339.0
1718726973.373334,80.0,20339.0
1718726973.5797362,34.0,20339.0
1718726973.7880046,100.0,20339.0
1718726973.97142,78.0,20339.0
1718726974.1957536,100.0,20339.0
1718726974.4044938,100.0,20339.0
1718726974.675792,100.0,20339.0
1718726974.9789228,100.0,20339.0
1718726975.1636984,82.0,20339.0
1718726975.4229681,98.0,20339.0
1718726975.662223,100.0,20339.0
1718726975.892416,100.0,20339.0
1718726976.1077673,100.0,20339.0
1718726976.3077598,100.0,20339.0
1718726976.6433573,72.0,20339.0
1718726976.900516,3.0,20339.0
1718726977.1044571,83.0,20339.0
1718726977.2607315,98.0,20339.0
1718726977.4218698,98.0,20339.0
1718726977.575102,100.0,20339.0
1718726977.73733,100.0,20339.0
1718726977.8984208,100.0,20339.0
1718726978.1559148,100.0,20339.0
1718726978.4530795,71.0,20339.0
1718726978.8086355,2.0,20339.0
1718726979.0853615,74.0,20339.0
1718726979.3678138,100.0,20339.0
1718726979.836623,100.0,20339.0
1718726980.0578465,100.0,20339.0
1718726980.2637312,100.0,20339.0
1718726980.5253584,90.0,20339.0
1718726980.7287738,29.0,20339.0
1718726980.941715,100.0,20339.0
1718726981.1557727,96.0,20339.0
1718726981.3717823,100.0,20339.0
1718726981.5627906,100.0,20339.0
1718726981.847757,100.0,20339.0
1718726982.1429186,100.0,20339.0
1718726982.3397007,32.0,20339.0
1718726982.5835726,89.0,20339.0
1718726982.7676969,97.0,20339.0
1718726982.9511995,100.0,20339.0
1718726983.1579297,100.0,20339.0
1718726983.351729,100.0,20339.0
1718726983.5792048,100.0,20339.0
1718726983.9512458,68.0,20339.0
1718726984.188393,5.0,20339.0
1718726984.3611047,100.0,20339.0
1718726984.5197062,99.0,20339.0
1718726984.6754153,100.0,20339.0
1718726984.8310654,100.0,20339.0
1718726984.9878008,100.0,20339.0
1718726985.2526112,100.0,20339.0
1718726985.659795,2.0,20339.0
1718726986.0325701,2.0,20339.0
1718726986.2677248,89.0,20339.0
1718726986.5318093,100.0,20339.0
1718726986.924617,100.0,20339.0
1718726987.1588273,100.0,20339.0
1718726987.340821,100.0,20339.0
1718726987.5754101,100.0,20339.0
1718726987.7875118,69.0,20339.0
1718726987.9517574,74.0,20339.0
1718726988.1834602,100.0,20339.0
1718726988.3728125,91.0,20339.0
1718726988.5997875,100.0,20339.0
1718726988.8638182,100.0,20339.0
1718726989.2125642,100.0,20339.0
1718726989.3951504,85.0,20339.0
1718726989.595509,100.0,20339.0
1718726989.8233302,99.0,20339.0
1718726990.0637012,100.0,20339.0
1718726990.2820554,100.0,20339.0
1718726990.4947886,100.0,20339.0
1718726990.7277968,100.0,20339.0
1718726991.0557678,20.0,20339.0
1718726991.3024287,33.0,20339.0
1718726991.486079,100.0,20339.0
1718726991.6424825,99.0,20339.0
1718726991.8014152,99.0,20339.0
1718726991.963704,100.0,20339.0
1718726992.1235385,100.0,20339.0
1718726992.4277737,100.0,20339.0
1718726992.740109,23.0,20339.0
1718726993.1007886,2.0,20339.0
1718726993.328129,100.0,20339.0
1718726993.6557913,95.0,20339.0
1718726993.9227788,100.0,20339.0
1718726994.2423754,100.0,20339.0
1718726994.44769,100.0,20339.0
1718726994.6935446,100.0,20339.0
1718726994.908996,30.0,20339.0
1718726995.1072009,99.0,20339.0
1718726995.335756,99.0,20339.0
1718726995.571549,100.0,20339.0
1718726995.7798014,100.0,20339.0
1718726996.0270538,100.0,20339.0
1718726996.3437407,100.0,20339.0
1718726996.5637014,92.0,20339.0
1718726996.8124235,98.0,20339.0
1718726996.9992297,98.0,20339.0
1718726997.1850998,100.0,20339.0
1718726997.3876605,100.0,20339.0
1718726997.5837421,100.0,20339.0
1718726997.8278046,100.0,20339.0
1718726998.1414714,62.0,20339.0
1718726998.395883,2.0,20339.0
1718726998.5635872,92.0,20339.0
1718726998.7234075,99.0,20339.0
1718726998.8793004,100.0,20339.0
1718726999.0472267,100.0,20339.0
1718726999.2045496,100.0,20339.0
1718726999.4545112,100.0,20339.0
1718726999.8112655,60.0,20339.0
1718727000.1759806,4.0,20339.0
1718727000.4198103,93.0,20339.0
1718727000.705131,100.0,20339.0
1718727001.0338976,100.0,20339.0
1718727001.295923,100.0,20339.0
1718727001.4766421,100.0,20339.0
1718727001.697462,100.0,20339.0
1718727001.9190292,61.0,20339.0
1718727002.1157353,65.0,20339.0
1718727002.3634384,100.0,20339.0
1718727002.5560138,100.0,20339.0
1718727002.810126,100.0,20339.0
1718727003.0752807,100.0,20339.0
1718727003.4196033,89.0,20339.0
1718727003.625803,43.0,20339.0
1718727003.867643,100.0,20339.0
1718727004.0392656,96.0,20339.0
1718727004.2356892,100.0,20339.0
1718727004.4393344,100.0,20339.0
1718727004.6536002,100.0,20339.0
1718727004.9077942,100.0,20339.0
1718727005.3007777,15.0,20339.0
1718727005.5197058,38.0,20339.0
1718727005.6825843,100.0,20339.0
1718727005.8518734,99.0,20339.0
1718727006.0075257,99.0,20339.0
1718727006.166885,100.0,20339.0
1718727006.3281837,100.0,20339.0
1718727006.550708,100.0,20339.0
1718727006.8637774,17.0,20339.0
1718727007.2671688,2.0,20339.0
1718727007.4972768,41.0,20339.0
1718727007.7701063,61.0,20339.0
1718727008.123788,100.0,20339.0
1718727008.4026806,100.0,20339.0
1718727008.6342876,100.0,20339.0
1718727008.850361,100.0,20339.0
1718727009.0510812,51.0,20339.0
1718727009.243416,67.0,20339.0
1718727009.4436648,100.0,20339.0
1718727009.6240706,97.0,20339.0
1718727009.8328967,100.0,20339.0
1718727010.0337148,100.0,20339.0
1718727010.3357522,100.0,20339.0
1718727010.6184132,89.0,20339.0
1718727010.807186,31.0,20339.0
1718727011.0370402,100.0,20339.0
1718727011.2125933,99.0,20339.0
1718727011.4317102,100.0,20339.0
1718727011.6357355,100.0,20339.0
1718727011.8452294,100.0,20339.0
1718727012.0726786,100.0,20339.0
1718727012.4629612,22.0,20339.0
1718727012.699698,50.0,20339.0
1718727012.877246,100.0,20339.0
1718727013.0389593,99.0,20339.0
1718727013.2014132,99.0,20339.0
1718727013.3587754,100.0,20339.0
1718727013.5192368,100.0,20339.0
1718727013.7493513,100.0,20339.0
1718727014.1011345,5.0,20339.0
1718727014.5032125,2.0,20339.0
1718727014.7640367,100.0,20339.0
1718727015.035659,100.0,20339.0
1718727015.4226663,100.0,20339.0
1718727015.7142005,100.0,20339.0
1718727015.91899,100.0,20339.0
1718727016.161707,100.0,20339.0
1718727016.3757448,44.0,20339.0
1718727016.5517795,72.0,20339.0
1718727016.7715333,100.0,20339.0
1718727016.9534318,92.0,20339.0
1718727017.1917686,100.0,20339.0
1718727017.50777,100.0,20339.0
1718727017.833542,87.0,20339.0
1718727018.0477154,53.0,20339.0
1718727018.2717054,100.0,20339.0
1718727018.4588318,96.0,20339.0
1718727018.6690888,100.0,20339.0
1718727018.8759668,100.0,20339.0
1718727019.0738654,100.0,20339.0
1718727019.2790463,100.0,20339.0
1718727019.5591474,3.0,20339.0
1718727019.8495224,37.0,20339.0
1718727020.0413787,100.0,20339.0
1718727020.2077122,100.0,20339.0
1718727020.368312,99.0,20339.0
1718727020.5276926,100.0,20339.0
1718727020.685838,100.0,20339.0
1718727020.979653,100.0,20339.0
1718727021.3477755,19.0,20339.0
1718727021.7316263,2.0,20339.0
1718727021.9625213,100.0,20339.0
1718727022.2124457,94.0,20339.0
1718727022.5504503,100.0,20339.0
1718727022.8239186,100.0,20339.0
1718727023.0345118,100.0,20339.0
1718727023.2717452,100.0,20339.0
1718727023.4862857,10.0,20339.0
1718727023.659516,88.0,20339.0
1718727023.8837085,99.0,20339.0
1718727024.0690308,100.0,20339.0
1718727024.2948413,100.0,20339.0
1718727024.5837958,100.0,20339.0
1718727024.975767,100.0,20339.0
1718727025.1797078,68.0,20339.0
1718727025.423802,100.0,20339.0
1718727025.595702,100.0,20339.0
1718727025.7872322,100.0,20339.0
1718727025.9900017,100.0,20339.0
1718727026.1935701,100.0,20339.0
1718727026.3943264,100.0,20339.0
1718727026.6732264,84.0,20339.0
1718727027.0197117,53.0,20339.0
1718727027.1964905,53.0,20339.0
1718727027.3545969,100.0,20339.0
1718727027.512495,99.0,20339.0
1718727027.667729,100.0,20339.0
1718727027.82177,100.0,20339.0
1718727028.0180323,100.0,20339.0
1718727028.196502,100.0,20337.0
1718727028.5192,14.0,20337.0
1718727028.8860834,5.0,20351.0
1718727029.1671877,100.0,20335.0
1718727029.4050386,88.0,20335.0
1718727029.698428,100.0,20335.0
1718727030.0078201,100.0,20335.0
1718727030.2916987,100.0,20335.0
1718727030.4957864,100.0,20335.0
1718727030.7117004,72.0,20335.0
1718727030.9118078,30.0,20335.0
1718727031.1385458,100.0,20335.0
1718727031.326287,98.0,20335.0
1718727031.571156,100.0,20335.0
1718727031.8157973,100.0,20335.0
1718727032.1593685,100.0,20335.0
1718727032.3366535,100.0,20335.0
1718727032.5302339,30.0,20335.0
1718727032.7197065,97.0,20335.0
1718727032.9224,98.0,20335.0
1718727033.146351,100.0,20335.0
1718727033.3672464,100.0,20335.0
1718727033.5702996,100.0,20335.0
1718727033.787009,100.0,20335.0
1718727034.095818,2.0,20335.0
1718727034.4062688,60.0,20335.0
1718727034.6001177,60.0,20335.0
1718727034.7654686,100.0,20337.0
1718727034.9402313,99.0,20337.0
1718727035.1070204,100.0,20337.0
1718727035.2642426,100.0,20337.0
1718727035.5438263,100.0,20337.0
1718727035.9037635,2.0,20337.0
1718727036.2342334,2.0,20337.0
1718727036.547756,100.0,20337.0
1718727036.8984923,100.0,20337.0
1718727037.207769,100.0,20337.0
1718727037.4766042,100.0,20337.0
1718727037.6450071,100.0,20337.0
1718727037.8957567,100.0,20337.0
1718727038.1094072,23.0,20337.0
1718727038.3134823,100.0,20337.0
1718727038.5517566,95.0,20337.0
1718727038.7832139,100.0,20337.0
1718727038.9872973,100.0,20335.0
1718727039.3427007,100.0,20335.0
1718727039.6156304,53.0,20335.0
1718727039.8357182,54.0,20335.0
1718727040.1010535,100.0,20335.0
1718727040.3407192,71.0,20335.0
1718727040.5839403,100.0,20335.0
1718727040.7877808,100.0,20335.0
1718727040.9877803,100.0,20335.0
1718727041.274927,31.0,20335.0
1718727041.6128683,38.0,20335.0
1718727041.8019443,38.0,20339.0
1718727041.9551716,100.0,20339.0
1718727042.1237035,90.0,20339.0
1718727042.2807913,100.0,20339.0
1718727042.4428039,100.0,20339.0
1718727042.7077863,100.0,20339.0
1718727043.0638924,28.0,20339.0
1718727043.4197268,2.0,20339.0
1718727043.671266,44.0,20339.0
1718727043.9208558,48.0,20339.0
1718727044.2488806,100.0,20339.0
1718727044.4797873,100.0,20339.0
1718727044.7010322,100.0,20339.0
1718727044.8752482,100.0,20339.0
1718727045.127263,100.0,20339.0
1718727045.3258834,61.0,20339.0
1718727045.5398881,62.0,20339.0
1718727045.7634208,100.0,20339.0
1718727045.9667203,100.0,20339.0
1718727046.1909301,100.0,20339.0
1718727046.507776,100.0,20339.0
1718727046.8085356,100.0,20339.0
1718727046.9833162,28.0,20339.0
1718727047.1996996,100.0,20339.0
1718727047.419695,98.0,20339.0
1718727047.642962,100.0,20339.0
1718727047.8635507,100.0,20339.0
1718727048.0392182,100.0,20339.0
1718727048.2424202,100.0,20339.0
1718727048.523808,30.0,20339.0
1718727048.8826864,10.0,20339.0
1718727049.0773084,100.0,20339.0
1718727049.2301621,99.0,20339.0
1718727049.392598,99.0,20339.0
1718727049.5472403,100.0,20339.0
1718727049.7013688,100.0,20339.0
1718727049.8558028,100.0,20339.0
1718727050.1197948,100.0,20339.0
1718727050.4837434,2.0,20339.0
1718727050.8796985,21.0,20339.0
1718727051.0918128,90.0,20339.0
1718727051.4027085,100.0,20339.0
1718727051.8598237,100.0,20339.0
1718727052.1047335,100.0,20339.0
1718727052.3191686,100.0,20339.0
1718727052.5256257,45.0,20339.0
1718727052.7124178,88.0,20339.0
1718727052.902198,95.0,20339.0
1718727053.0876338,100.0,20339.0
1718727053.3333972,100.0,20339.0
1718727053.5314863,100.0,20339.0
1718727053.8706148,100.0,20339.0
1718727054.134217,72.0,20339.0
1718727054.3356977,48.0,20339.0
1718727054.5755801,99.0,20339.0
1718727054.8135648,100.0,20339.0
1718727055.0517406,100.0,20339.0
1718727055.281886,100.0,20339.0
1718727055.4837778,100.0,20339.0
1718727055.871157,10.0,20339.0
1718727056.1250176,23.0,20339.0
1718727056.3112135,100.0,20339.0
1718727056.4687278,99.0,20339.0
1718727056.6288993,100.0,20339.0
1718727056.7852318,100.0,20339.0
1718727056.9427125,100.0,20339.0
1718727057.0997686,100.0,20339.0
1718727057.4837904,33.0,20339.0
1718727057.8838112,5.0,20339.0
1718727058.207756,88.0,20339.0
1718727058.479909,100.0,20339.0
1718727058.8509157,100.0,20339.0
1718727059.1390512,100.0,20339.0
1718727059.381814,100.0,20339.0
1718727059.6237314,69.0,20339.0
1718727059.8303084,41.0,20339.0
1718727059.995757,100.0,20339.0
1718727060.2223287,93.0,20339.0
1718727060.4317772,100.0,20339.0
1718727060.6677184,100.0,20339.0
1718727060.9012835,100.0,20339.0
1718727061.1371603,100.0,20339.0
1718727061.433414,24.0,20339.0
1718727061.6796942,2.0,20339.0
1718727061.8866622,73.0,20339.0
1718727062.079487,100.0,20339.0
1718727062.28112,73.0,20339.0
1718727062.4939077,100.0,20339.0
1718727062.784894,100.0,20339.0
1718727063.0565886,100.0,20339.0
1718727063.2437127,100.0,20339.0
1718727063.4037137,100.0,20339.0
1718727063.5692334,62.0,20339.0
1718727063.7231283,100.0,20339.0
1718727063.8768282,99.0,20339.0
1718727064.0517964,100.0,20339.0
1718727064.347806,100.0,20339.0
1718727064.710899,100.0,20339.0
1718727065.0318286,3.0,20339.0
1718727065.2557812,71.0,20339.0
1718727065.5837688,87.0,20339.0
1718727065.8776553,100.0,20339.0
1718727066.1076882,100.0,20339.0
1718727066.2975893,100.0,20339.0
1718727066.531877,100.0,20339.0
1718727066.752143,98.0,20339.0
1718727066.92776,26.0,20339.0
1718727067.1436956,100.0,20339.0
1718727067.3320966,100.0,20339.0
1718727067.6003582,100.0,20339.0
1718727067.9199739,100.0,20339.0
1718727068.2349083,100.0,20339.0
1718727068.4471476,36.0,20339.0
1718727068.6837027,93.0,20339.0
1718727068.86331,97.0,20339.0
1718727069.0795727,100.0,20339.0
1718727069.2881093,100.0,20339.0
1718727069.4960089,100.0,20339.0
1718727069.731767,100.0,20339.0
1718727070.0412955,59.0,20339.0
1718727070.298704,7.0,20339.0
1718727070.4805439,100.0,20339.0
1718727070.6382527,99.0,20339.0
1718727070.7935357,99.0,20339.0
1718727070.946561,100.0,20339.0
1718727071.1007578,100.0,20339.0
1718727071.2587488,100.0,20339.0
1718727071.4818978,100.0,20339.0
1718727071.7797747,49.0,20339.0
1718727072.192138,2.0,20339.0
1718727072.4385753,90.0,20339.0
1718727072.7349505,100.0,20339.0
1718727073.0757952,100.0,20339.0
1718727073.322569,100.0,20339.0
1718727073.5545225,100.0,20339.0
1718727073.7732844,100.0,20339.0
1718727073.9676025,75.0,20339.0
1718727074.1559975,46.0,20339.0
1718727074.3577583,100.0,20339.0
1718727074.5493162,94.0,20339.0
1718727074.7777257,100.0,20339.0
1718727075.0128345,100.0,20339.0
1718727075.2997699,100.0,20339.0
1718727075.5634859,100.0,20339.0
1718727075.7557032,92.0,20339.0
1718727075.993092,92.0,20339.0
1718727076.1677155,99.0,20339.0
1718727076.367704,100.0,20339.0
1718727076.579943,100.0,20339.0
1718727076.7878847,100.0,20339.0
1718727077.015774,100.0,20339.0
1718727077.3531208,2.0,20339.0
1718727077.5917947,69.0,20339.0
1718727077.7737324,69.0,20339.0
1718727077.9327989,100.0,20339.0
1718727078.092729,99.0,20339.0
1718727078.2624207,100.0,20339.0
1718727078.4243906,100.0,20339.0
1718727078.7001443,100.0,20339.0
1718727079.0660336,2.0,20339.0
1718727079.4597201,3.0,20339.0
1718727079.6917045,67.0,20339.0
1718727079.947839,100.0,20339.0
1718727080.3868506,100.0,20339.0
1718727080.6492832,100.0,20339.0
1718727080.833984,100.0,20339.0
1718727081.071508,92.0,20339.0
1718727081.2636974,28.0,20339.0
1718727081.4742527,100.0,20339.0
1718727081.6797256,99.0,20339.0
1718727081.8958108,100.0,20339.0
1718727082.0997832,100.0,20339.0
1718727082.3878345,100.0,20339.0
1718727082.724921,100.0,20339.0
1718727082.9317358,44.0,20339.0
1718727083.199699,100.0,20339.0
1718727083.4197052,99.0,20339.0
1718727083.6475787,100.0,20339.0
1718727083.8557425,100.0,20339.0
1718727084.094242,100.0,20339.0
1718727084.375791,100.0,20339.0
1718727084.6996922,17.0,20339.0
1718727084.8837101,91.0,20339.0
1718727085.0413077,99.0,20339.0
1718727085.1998434,100.0,20339.0
1718727085.370566,100.0,20339.0
1718727085.5376456,100.0,20339.0
1718727085.6958015,100.0,20339.0
1718727085.9695287,100.0,20339.0
1718727086.3198252,2.0,20339.0
1718727086.7091055,11.0,20339.0
1718727086.9193518,96.0,20339.0
1718727087.2437842,100.0,20339.0
1718727087.543764,100.0,20339.0
1718727087.795791,100.0,20339.0
1718727087.991804,100.0,20339.0
1718727088.25175,51.0,20339.0
1718727088.4477735,61.0,20339.0
1718727088.611539,100.0,20339.0
1718727088.8336492,96.0,20339.0
1718727089.0168,100.0,20339.0
1718727089.2797902,100.0,20339.0
1718727089.558284,100.0,20339.0
1718727089.8780859,98.0,20339.0
1718727090.0876956,15.0,20339.0
1718727090.2637138,100.0,20339.0
1718727090.4797008,99.0,20339.0
1718727090.6998084,100.0,20339.0
1718727090.9228144,100.0,20339.0
1718727091.1239045,100.0,20339.0
1718727091.3239186,100.0,20339.0
1718727091.5849192,42.0,20339.0
1718727091.8884764,2.0,20339.0
1718727092.090694,73.0,20339.0
1718727092.2452898,100.0,20339.0
1718727092.4049742,100.0,20339.0
1718727092.5586913,98.0,20339.0
1718727092.713514,100.0,20339.0
1718727092.8673136,100.0,20339.0
1718727093.159711,100.0,20343.0
1718727093.4837754,3.0,20343.0
1718727093.8437414,4.0,20343.0
1718727094.0877929,97.0,20343.0
1718727094.4004188,92.0,20343.0
1718727094.7029426,99.0,20343.0
1718727094.9957626,99.0,20343.0
1718727095.175311,99.0,20343.0
1718727095.4197624,89.0,20343.0
1718727095.6355383,39.0,20343.0
1718727095.8357599,99.0,20343.0
1718727096.066412,99.0,20343.0
1718727096.267754,99.0,20343.0
1718727096.4717627,99.0,20343.0
1718727096.7637818,99.0,20343.0
1718727097.0917046,99.0,20343.0
1718727097.2775006,31.0,20343.0
1718727097.469088,99.0,20343.0
1718727097.673072,98.0,20343.0
1718727097.8790455,100.0,20343.0
1718727098.095509,99.0,20343.0
1718727098.322028,98.0,20343.0
1718727098.5719721,99.0,20343.0
1718727098.9349542,58.0,20343.0
1718727099.142331,2.0,20343.0
1718727099.325754,91.0,20343.0
1718727099.4806132,99.0,20343.0
1718727099.6366403,100.0,20343.0
1718727099.7938697,100.0,20343.0
1718727099.9466422,100.0,20343.0
1718727100.2219832,100.0,20343.0
1718727100.54385,73.0,20343.0
1718727100.955991,2.0,20343.0
1718727101.1997876,84.0,20343.0
1718727101.4717593,100.0,20343.0
1718727101.827825,100.0,20343.0
1718727102.107876,100.0,20343.0
1718727102.295707,100.0,20343.0
1718727102.53553,100.0,20343.0
1718727102.742709,79.0,20343.0
1718727102.9393382,100.0,20343.0
1718727103.1801472,99.0,20343.0
1718727103.3917649,100.0,20343.0
1718727103.595589,100.0,20343.0
1718727103.859578,100.0,20343.0
1718727104.1797452,100.0,20343.0
1718727104.3877606,25.0,20343.0
1718727104.5865765,100.0,20343.0
1718727104.807698,99.0,20343.0
1718727105.0317035,100.0,20343.0
1718727105.255793,100.0,20343.0
1718727105.463187,100.0,20343.0
1718727105.7037458,100.0,20343.0
1718727106.1083443,44.0,20343.0
1718727106.3377151,27.0,20343.0
1718727106.5003052,100.0,20343.0
1718727106.657903,99.0,20343.0
1718727106.814539,100.0,20343.0
1718727106.9797187,100.0,20343.0
1718727107.1397803,100.0,20343.0
1718727107.3576105,100.0,20343.0
1718727107.6897013,30.0,20343.0
1718727108.0671182,2.0,20343.0
1718727108.331749,100.0,20343.0
1718727108.635832,92.0,20343.0
1718727108.9357693,100.0,20343.0
1718727109.1923234,100.0,20343.0
1718727109.4288533,100.0,20343.0
1718727109.6437113,100.0,20343.0
1718727109.862805,53.0,20343.0
1718727110.0556016,76.0,20343.0
1718727110.2720165,100.0,20343.0
1718727110.4597483,97.0,20343.0
1718727110.7077842,100.0,20343.0
1718727111.015842,100.0,20343.0
1718727111.3180313,100.0,20343.0
1718727111.5013762,80.0,20343.0
1718727111.7275767,37.0,20343.0
1718727111.947879,99.0,20343.0
1718727112.1713157,100.0,20343.0
1718727112.3941343,100.0,20343.0
1718727112.592987,100.0,20343.0
1718727112.8006585,100.0,20343.0
1718727113.099839,20.0,20343.0
1718727113.4151464,42.0,20343.0
1718727113.5959842,42.0,20343.0
1718727113.755114,100.0,20343.0
1718727113.9155006,99.0,20343.0
1718727114.0684996,100.0,20343.0
1718727114.2233129,100.0,20343.0
1718727114.4436896,100.0,20343.0
1718727114.7628388,100.0,20343.0
1718727115.1152098,2.0,20343.0
1718727115.4323251,44.0,20343.0
1718727115.637784,100.0,20343.0
1718727115.9556339,100.0,20343.0
1718727116.287817,100.0,20343.0
1718727116.579865,100.0,20343.0
1718727116.759756,100.0,20343.0
1718727116.9716594,25.0,20343.0
1718727117.1840363,83.0,20343.0
1718727117.3802612,97.0,20343.0
1718727117.5699568,100.0,20343.0
1718727117.7998538,100.0,20343.0
1718727118.0388646,100.0,20343.0
1718727118.3871005,100.0,20343.0
1718727118.617884,74.0,20343.0
1718727118.831696,38.0,20343.0
1718727119.0587096,100.0,20343.0
1718727119.2832775,97.0,20343.0
1718727119.502849,100.0,20343.0
1718727119.6878176,100.0,20343.0
1718727119.9016953,100.0,20343.0
1718727120.1865618,100.0,20343.0
1718727120.435075,24.0,20343.0
1718727120.6348526,61.0,20343.0
1718727120.7876973,61.0,20343.0
1718727120.9477563,100.0,20343.0
1718727121.103265,99.0,20343.0
1718727121.2576203,100.0,20343.0
1718727121.4599392,100.0,20343.0
1718727121.8091953,100.0,20343.0
1718727122.1545222,2.0,20343.0
1718727122.4877448,6.0,20343.0
1718727122.7398276,86.0,20343.0
1718727123.087411,100.0,20343.0
1718727123.387776,100.0,20343.0
1718727123.615801,100.0,20343.0
1718727123.791784,100.0,20343.0
1718727124.0006034,62.0,20343.0
1718727124.2237532,59.0,20343.0
1718727124.4017918,100.0,20343.0
1718727124.6021101,99.0,20343.0
1718727124.8410301,100.0,20343.0
1718727125.031767,100.0,20343.0
1718727125.3357913,100.0,20343.0
1718727125.6208982,96.0,20343.0
1718727125.8356984,30.0,20343.0
1718727126.1129982,100.0,20343.0
1718727126.3149974,88.0,20343.0
1718727126.5237408,100.0,20343.0
1718727126.7477922,100.0,20343.0
1718727126.9837606,100.0,20343.0
1718727127.311785,39.0,20343.0
1718727127.6063066,9.0,20343.0
1718727127.8053288,100.0,20343.0
1718727127.959631,100.0,20343.0
1718727128.1211224,99.0,20343.0
1718727128.2811415,100.0,20343.0
1718727128.4398832,100.0,20343.0
1718727128.5998147,100.0,20343.0
1718727128.8180883,100.0,20343.0
1718727129.1140885,47.0,20343.0
1718727129.4630165,2.0,20343.0
1718727129.7311358,100.0,20343.0
1718727129.9879947,67.0,20343.0
1718727130.3437605,100.0,20343.0
1718727130.659942,100.0,20343.0
1718727130.8823047,100.0,20343.0
1718727131.1157374,100.0,20343.0
1718727131.3318074,96.0,20343.0
1718727131.5157752,22.0,20343.0
1718727131.7437851,100.0,20343.0
1718727131.9296565,94.0,20310.0
1718727132.1569939,100.0,20320.0
1718727132.4278815,100.0,20333.0
1718727132.7319944,100.0,20313.0
1718727132.9371536,100.0,20313.0
1718727133.135703,40.0,20313.0
1718727133.382854,100.0,20313.0
1718727133.619079,99.0,20313.0
1718727133.8378313,100.0,20313.0
1718727134.0467389,100.0,20313.0
1718727134.2825267,100.0,20313.0
1718727134.6274645,94.0,20313.0
1718727134.857756,17.0,20313.0
1718727135.0178986,100.0,20313.0
1718727135.1791673,100.0,20313.0
1718727135.33669,99.0,20313.0
1718727135.4888558,100.0,20313.0
1718727135.645519,100.0,20313.0
1718727135.9038055,100.0,20313.0
1718727136.2638528,14.0,20313.0
1718727136.6063015,0.0,20313.0
1718727136.8488967,40.0,20313.0
1718727137.1441646,97.0,20313.0
1718727137.4598064,100.0,20313.0
1718727137.7284667,100.0,20313.0
1718727137.9542696,100.0,20313.0
1718727138.1688483,93.0,20313.0
1718727138.402783,40.0,20313.0
1718727138.580145,100.0,20313.0
1718727138.798607,92.0,20313.0
1718727138.988204,100.0,20303.0
1718727139.2557926,100.0,20303.0
1718727139.536761,100.0,20303.0
1718727139.823835,100.0,20303.0
1718727140.0282524,34.0,20303.0
1718727140.2249982,100.0,20303.0
1718727140.439703,98.0,20303.0
1718727140.6636934,100.0,20303.0
1718727140.8774679,100.0,20303.0
1718727141.0598993,100.0,20303.0
1718727141.2734342,100.0,20303.0
1718727141.5597436,2.0,20303.0
1718727141.8485005,20.0,20303.0
1718727142.0445588,100.0,20303.0
1718727142.194985,99.0,20303.0
1718727142.3521676,99.0,20303.0
1718727142.5068297,100.0,20303.0
1718727142.6588733,100.0,20303.0
1718727142.8158052,100.0,20303.0
1718727143.0015461,100.0,20303.0
1718727143.391866,11.0,20303.0
1718727143.7580237,9.0,20303.0
1718727143.9980533,100.0,20303.0
1718727144.259747,100.0,20303.0
1718727144.6577945,100.0,20303.0
1718727144.8842518,100.0,20303.0
1718727145.0811157,100.0,20303.0
1718727145.3198001,100.0,20303.0
1718727145.499589,27.0,20303.0
1718727145.693722,87.0,20303.0
1718727145.9117422,99.0,20303.0
1718727146.139797,100.0,20303.0
1718727146.3422637,100.0,20303.0
1718727146.5910246,100.0,20303.0
1718727146.861716,100.0,20303.0
1718727147.0404909,45.0,20303.0
1718727147.2364447,77.0,20303.0
1718727147.449386,99.0,20303.0
1718727147.6877089,100.0,20303.0
1718727147.9079664,100.0,20303.0
1718727148.1117156,100.0,20303.0
1718727148.342912,54.0,20303.0
1718727148.8023572,26.0,20303.0
1718727148.9978027,100.0,20303.0
1718727149.1658134,100.0,20303.0
1718727149.3193963,99.0,20303.0
1718727149.473105,100.0,20303.0
1718727149.6240573,100.0,20303.0
1718727149.7755957,100.0,20303.0
1718727150.0111067,100.0,20303.0
1718727150.3277378,6.0,20303.0
1718727150.7305794,3.0,20303.0
1718727150.9797783,85.0,20303.0
1718727151.3117824,100.0,20303.0
1718727151.6028795,100.0,20303.0
1718727151.8680055,100.0,20303.0
1718727152.0568645,100.0,20303.0
1718727152.295735,100.0,20303.0
1718727152.498822,48.0,20303.0
1718727152.6856935,91.0,20303.0
1718727152.9163435,93.0,20303.0
1718727153.1158395,100.0,20303.0
1718727153.3236408,100.0,20303.0
1718727153.6477892,100.0,20303.0
1718727153.90506,100.0,20303.0
1718727154.103811,50.0,20303.0
1718727154.2956593,85.0,20303.0
1718727154.5116978,99.0,20303.0
1718727154.7317026,100.0,20303.0
1718727154.9477904,100.0,20303.0
1718727155.166445,100.0,20303.0
1718727155.4409328,47.0,20303.0
1718727155.7757492,2.0,20303.0
1718727156.021013,89.0,20303.0
1718727156.1787417,89.0,20303.0
1718727156.3374043,97.0,20303.0
1718727156.495699,100.0,20303.0
1718727156.6471393,100.0,20303.0
1718727156.797239,100.0,20303.0
1718727157.0477643,100.0,20303.0
1718727157.3918765,42.0,20303.0
1718727157.7393486,0.0,20303.0
1718727158.030972,82.0,20303.0
1718727158.3332717,97.0,20303.0
1718727158.660419,100.0,20303.0
1718727158.9317956,100.0,20303.0
1718727159.139728,100.0,20303.0
1718727159.390449,63.0,20303.0
1718727159.589316,49.0,20303.0
1718727159.7837768,100.0,20303.0
1718727160.0077088,97.0,20303.0
1718727160.2117496,100.0,20303.0
1718727160.4314783,100.0,20303.0
1718727160.7397988,100.0,20303.0
1718727161.0069377,85.0,20303.0
1718727161.2156963,41.0,20303.0
1718727161.4691207,100.0,20303.0
1718727161.663553,97.0,20303.0
1718727161.8397012,100.0,20303.0
1718727162.0538085,100.0,20303.0
1718727162.2507832,100.0,20303.0
1718727162.5236187,93.0,20303.0
1718727162.8618953,0.0,20303.0
1718727163.102469,28.0,20303.0
1718727163.2633805,100.0,20303.0
1718727163.4197054,99.0,20303.0
1718727163.578837,99.0,20303.0
1718727163.7349494,100.0,20303.0
1718727163.920457,100.0,20303.0
1718727164.2152817,100.0,20303.0
1718727164.5798135,3.0,20303.0
1718727164.9377916,93.0,20303.0
1718727165.2051914,58.0,20303.0
1718727165.5860462,100.0,20303.0
1718727165.8593664,100.0,20303.0
1718727166.0818932,100.0,20303.0
1718727166.2917612,100.0,20303.0
1718727166.4843805,98.0,20303.0
1718727166.6771288,17.0,20303.0
1718727166.8676317,100.0,20303.0
1718727167.0530963,97.0,20303.0
1718727167.2823129,100.0,20303.0
1718727167.4882698,100.0,20303.0
1718727167.7957609,100.0,20303.0
1718727168.0427847,100.0,20303.0
1718727168.2272727,39.0,20303.0
1718727168.4634595,100.0,20303.0
1718727168.678869,97.0,20303.0
1718727168.8545666,100.0,20303.0
1718727169.0711243,100.0,20303.0
1718727169.303494,100.0,20303.0
1718727169.6397967,100.0,20303.0
1718727169.9215186,17.0,20303.0
1718727170.1116674,71.0,20303.0
1718727170.2651873,100.0,20303.0
1718727170.4180846,99.0,20303.0
1718727170.5677075,99.0,20303.0
1718727170.7179012,100.0,20303.0
1718727170.8990498,100.0,20303.0
1718727171.2157505,61.0,20303.0
1718727171.6040132,0.0,20303.0
1718727171.8953364,7.0,20305.0
1718727172.095426,85.0,20301.0
1718727172.4117382,100.0,20301.0
1718727172.695782,100.0,20299.0
1718727172.944021,100.0,20299.0
1718727173.129911,100.0,20299.0
1718727173.3637483,83.0,20299.0
1718727173.5822523,51.0,20299.0
1718727173.7926645,100.0,20299.0
1718727174.0277255,91.0,20299.0
1718727174.2557786,100.0,20299.0
1718727174.4553795,100.0,20299.0
1718727174.7575378,100.0,20299.0
1718727175.0106895,92.0,20299.0
1718727175.219726,35.0,20299.0
1718727175.4365087,100.0,20299.0
1718727175.6190536,99.0,20299.0
1718727175.835702,100.0,20299.0
1718727176.0518372,100.0,20299.0
1718727176.2454307,100.0,20299.0
1718727176.485745,97.0,20299.0
1718727176.8678267,0.0,20299.0
1718727177.1226668,23.0,20299.0
1718727177.2811804,100.0,20299.0
1718727177.440357,99.0,20299.0
1718727177.59909,100.0,20303.0
1718727177.7604792,100.0,20303.0
1718727177.9318223,100.0,20303.0
1718727178.1797636,100.0,20305.0
1718727178.575867,10.0,20305.0
1718727178.9557173,48.0,20305.0
1718727179.163808,100.0,20305.0
1718727179.4717488,100.0,20305.0
1718727179.7677944,100.0,20305.0
1718727180.1062338,100.0,20305.0
1718727180.2837768,100.0,20305.0
1718727180.520132,94.0,20305.0
1718727180.7256114,15.0,20305.0
1718727180.9550197,99.0,20305.0
1718727181.1477993,100.0,20305.0
1718727181.3997762,100.0,20305.0
1718727181.6717374,100.0,20305.0
1718727182.0102005,100.0,20305.0
1718727182.2057245,42.0,20305.0
1718727182.3917131,100.0,20305.0
1718727182.6037004,98.0,20303.0
1718727182.8280659,100.0,20303.0
1718727183.0454879,100.0,20303.0
1718727183.2191033,100.0,20303.0
1718727183.4197469,100.0,20303.0
1718727183.6767943,7.0,20303.0
1718727184.0479603,25.0,20303.0
1718727184.2348518,100.0,20303.0
1718727184.3915484,99.0,20303.0
1718727184.5518644,99.0,20303.0
1718727184.708451,100.0,20303.0
1718727184.8591356,100.0,20303.0
1718727185.1239445,100.0,20303.0
1718727185.4533014,7.0,20303.0
1718727185.8026905,0.0,20303.0
1718727186.03231,40.0,20303.0
1718727186.3044643,58.0,20303.0
1718727186.6045427,100.0,20303.0
1718727186.899617,100.0,20303.0
1718727187.1414304,100.0,20303.0
1718727187.359776,100.0,20303.0
1718727187.5971198,31.0,20303.0
1718727187.7953668,88.0,20303.0
1718727188.029912,99.0,20303.0
1718727188.2317436,100.0,20303.0
1718727188.4525795,100.0,20303.0
1718727188.7382855,100.0,20303.0
1718727189.0254316,100.0,20303.0
1718727189.2113013,46.0,20303.0
1718727189.485028,53.0,20303.0
1718727189.7156918,100.0,20303.0
1718727189.9317517,100.0,20303.0
1718727190.1677775,100.0,20303.0
1718727190.3708491,100.0,20303.0
1718727190.66379,100.0,20303.0
1718727190.9525084,15.0,20303.0
1718727191.1731627,15.0,20303.0
1718727191.3305256,100.0,20303.0
1718727191.4909503,92.0,20303.0
1718727191.6459205,100.0,20303.0
1718727191.8032935,100.0,20303.0
1718727192.0557668,100.0,20303.0
1718727192.4382017,25.0,20293.0
1718727192.8237221,2.0,20293.0
1718727193.0558443,49.0,20293.0
1718727193.319778,95.0,20307.0
1718727193.7050943,100.0,20307.0
1718727193.9596472,100.0,20307.0
1718727194.159803,100.0,20307.0
1718727194.399749,100.0,20307.0
1718727194.5956924,40.0,20307.0
1718727194.8118834,100.0,20307.0
1718727195.015762,99.0,20307.0
1718727195.2392907,100.0,20307.0
1718727195.4530878,100.0,20307.0
1718727195.7139385,100.0,20307.0
1718727195.953227,100.0,20307.0
1718727196.2514658,9.0,20307.0
1718727196.4677024,60.0,20307.0
1718727196.7037401,100.0,20307.0
1718727196.9219284,100.0,20307.0
1718727197.1758285,100.0,20307.0
1718727197.4915411,100.0,20307.0
1718727197.7223916,100.0,20307.0
1718727197.9034948,78.0,20307.0
1718727198.05781,87.0,20307.0
1718727198.2118692,99.0,20307.0
1718727198.3671453,99.0,20307.0
1718727198.5192618,100.0,20307.0
1718727198.6758072,100.0,20307.0
1718727198.87805,100.0,20307.0
1718727199.2749834,49.0,20307.0
1718727199.649134,0.0,20307.0
1718727199.859753,100.0,20307.0
1718727200.1637912,97.0,20307.0
1718727200.4467554,100.0,20307.0
1718727200.6599088,100.0,20307.0
1718727200.874375,100.0,20307.0
1718727201.1157043,100.0,20307.0
1718727201.337951,72.0,20307.0
1718727201.54333,100.0,20297.0
1718727201.7632885,99.0,20297.0
1718727201.9734871,100.0,20297.0
1718727202.2091901,100.0,20297.0
1718727202.4797964,100.0,20307.0
1718727202.779189,100.0,20307.0
1718727202.9585261,66.0,20297.0
1718727203.1567345,55.0,20297.0
1718727203.387695,100.0,20297.0
1718727203.6236887,99.0,20297.0
1718727203.8449566,100.0,20297.0
1718727204.0278606,100.0,20297.0
1718727204.2354128,100.0,20297.0
1718727204.5609899,100.0,20297.0
1718727204.82274,35.0,20297.0
1718727205.0269241,60.0,20297.0
1718727205.18289,100.0,20297.0
1718727205.3447251,100.0,20297.0
1718727205.505579,99.0,20297.0
1718727205.660821,100.0,20297.0
1718727205.9390626,100.0,20297.0
1718727206.226285,75.0,20297.0
1718727206.5868897,0.0,20297.0
1718727206.8597445,100.0,20297.0
1718727207.1917865,96.0,20297.0
1718727207.4758093,100.0,20297.0
1718727207.7313585,100.0,20297.0
1718727207.9558952,100.0,20297.0
1718727208.1636415,100.0,20297.0
1718727208.3612602,15.0,20297.0
1718727208.563938,92.0,20297.0
1718727208.7570145,98.0,20297.0
1718727208.9357784,100.0,20297.0
1718727209.1630273,100.0,20297.0
1718727209.3998282,100.0,20297.0
1718727209.7194588,100.0,20297.0
1718727209.9591062,41.0,20297.0
1718727210.1557,78.0,20297.0
1718727210.4037025,93.0,20297.0
1718727210.5776577,94.0,20297.0
1718727210.8149147,100.0,20297.0
1718727211.0197964,100.0,20297.0
1718727211.247761,100.0,20297.0
1718727211.563747,67.0,20297.0
1718727211.874638,5.0,20297.0
1718727212.0533867,100.0,20297.0
1718727212.2074764,99.0,20297.0
1718727212.3629699,99.0,20297.0
1718727212.5122387,100.0,20297.0
1718727212.6700432,100.0,20297.0
1718727212.8447068,100.0,20297.0
1718727213.1002703,100.0,20297.0
1718727213.5019746,0.0,20297.0
1718727213.827867,23.0,20297.0
1718727214.0078006,100.0,20297.0
1718727214.3135548,100.0,20297.0
1718727214.7103984,100.0,20297.0
1718727214.9558759,100.0,20297.0
1718727215.1317663,100.0,20297.0
1718727215.3517416,14.0,20297.0
1718727215.5586433,99.0,20297.0
1718727215.7351172,99.0,20297.0
1718727215.9237564,100.0,20297.0
1718727216.139857,100.0,20297.0
1718727216.3210504,100.0,20297.0
1718727216.605974,100.0,20297.0
1718727216.8706243,100.0,20297.0
1718727217.0465782,50.0,20297.0
1718727217.2291756,100.0,20297.0
1718727217.4437027,99.0,20297.0
1718727217.6637034,100.0,20297.0
1718727217.881195,100.0,20297.0
1718727218.0865722,100.0,20297.0
1718727218.3668377,100.0,20297.0
1718727218.7197332,25.0,20297.0
1718727218.9321578,25.0,20297.0
1718727219.0916944,100.0,20297.0
1718727219.2444582,98.0,20297.0
1718727219.4017928,100.0,20297.0
1718727219.554626,100.0,20297.0
1718727219.7158065,100.0,20297.0
1718727219.918658,100.0,20297.0
1718727220.2709312,9.0,20297.0
1718727220.65986,0.0,20297.0
1718727220.8918748,100.0,20297.0
1718727221.2199106,93.0,20297.0
1718727221.5118387,100.0,20297.0
1718727221.748002,100.0,20297.0
1718727221.9431946,100.0,20297.0
1718727222.173348,100.0,20297.0
1718727222.3946245,42.0,20297.0
1718727222.5578945,100.0,20297.0
1718727222.775764,92.0,20297.0
1718727222.95577,100.0,20297.0
1718727223.2037604,100.0,20297.0
1718727223.5207071,100.0,20297.0
1718727223.7634428,100.0,20297.0
1718727223.9644642,40.0,20297.0
1718727224.1740363,100.0,20297.0
1718727224.395653,99.0,20297.0
1718727224.6196961,100.0,20297.0
1718727224.833446,100.0,20297.0
1718727225.05374,100.0,20297.0
1718727225.277444,100.0,20297.0
1718727225.6566985,3.0,20297.0
1718727225.8740628,24.0,20297.0
1718727226.0346315,100.0,20297.0
1718727226.1976044,99.0,20297.0
1718727226.3540802,99.0,20297.0
1718727226.504386,100.0,20297.0
1718727226.6553235,100.0,20297.0
1718727226.8527818,100.0,20297.0
1718727227.1997914,8.0,20297.0
1718727227.589305,0.0,20297.0
1718727227.8797374,100.0,20297.0
1718727228.15178,86.0,20297.0
1718727228.5229475,100.0,20297.0
1718727228.760514,100.0,20297.0
1718727228.9830763,100.0,20297.0
1718727229.2307725,100.0,20297.0
1718727229.4537725,12.0,20297.0
1718727229.6557748,99.0,20297.0
1718727229.874464,95.0,20297.0
1718727230.076492,100.0,20297.0
1718727230.278985,100.0,20297.0
1718727230.5757706,100.0,20297.0
1718727230.845504,100.0,20297.0
1718727231.0344064,39.0,20297.0
1718727231.2315109,100.0,20297.0
1718727231.4557033,99.0,20297.0
1718727231.679694,100.0,20297.0
1718727231.893168,100.0,20297.0
1718727232.078621,100.0,20297.0
1718727232.286842,100.0,20297.0
1718727232.5797634,27.0,20297.0
1718727232.8471873,3.0,20297.0
1718727233.0411987,97.0,20297.0
1718727233.1973336,99.0,20297.0
1718727233.3489656,99.0,20297.0
1718727233.4958084,100.0,20297.0
1718727233.6482651,100.0,20297.0
1718727233.7998292,100.0,20297.0
1718727234.0677478,100.0,20297.0
1718727234.4397652,0.0,20297.0
1718727234.7997525,33.0,20297.0
1718727235.0109692,100.0,20297.0
1718727235.297344,100.0,20297.0
1718727235.615783,100.0,20297.0
1718727235.8613389,100.0,20297.0
1718727236.0721455,100.0,20297.0
1718727236.3231938,9.0,20297.0
1718727236.5543127,98.0,20297.0
1718727236.773577,95.0,20297.0
1718727236.9678516,100.0,20324.0
1718727237.1838777,100.0,20293.0
1718727237.3958151,100.0,20277.0
1718727237.6728883,100.0,20293.0
1718727237.9642487,71.0,20277.0
1718727238.1476917,49.0,20285.0
1718727238.4197056,100.0,20293.0
1718727238.6150174,95.0,20297.0
1718727238.8342633,100.0,20297.0
1718727239.0340762,100.0,20297.0
1718727239.265191,100.0,20293.0
1718727239.563797,97.0,20277.0
1718727239.896327,1.0,20277.0
1718727240.0954692,69.0,20277.0
1718727240.2501142,100.0,20293.0
1718727240.4129386,99.0,20327.0
1718727240.5744069,100.0,20353.0
1718727240.7397482,100.0,20384.0
1718727240.9237952,99.0,20348.0
1718727241.1318712,99.0,20370.0
