timestamp,gpu_util,gpu_mem
1719245236.8028433,0.0,4.0
1719245236.9383678,0.0,4.0
1719245237.0716105,0.0,4.0
1719245237.2071671,0.0,21.0
1719245237.3577776,7.0,633.0
1719245237.4893568,7.0,633.0
1719245237.6258137,0.0,633.0
1719245237.7948852,0.0,633.0
1719245237.945219,0.0,633.0
1719245238.0847743,0.0,633.0
1719245238.2209103,0.0,633.0
1719245238.3561282,0.0,633.0
1719245238.4920073,0.0,633.0
1719245238.6250112,0.0,633.0
1719245238.7579284,0.0,633.0
1719245238.9269733,0.0,633.0
1719245239.0596392,0.0,633.0
1719245239.190592,0.0,633.0
1719245239.3198204,0.0,633.0
1719245239.4497159,0.0,633.0
1719245239.5787947,0.0,633.0
1719245239.7078476,0.0,633.0
1719245239.8384652,0.0,633.0
1719245239.9746573,0.0,633.0
1719245240.108393,0.0,633.0
1719245240.2445188,0.0,633.0
1719245240.3756163,0.0,633.0
1719245240.511785,0.0,633.0
1719245240.665782,0.0,633.0
1719245240.799879,0.0,633.0
1719245240.9333277,0.0,633.0
1719245241.065001,0.0,633.0
1719245241.1977677,0.0,633.0
1719245241.3292239,0.0,633.0
1719245241.4652627,0.0,633.0
1719245241.5993004,0.0,633.0
1719245241.738513,0.0,633.0
1719245241.8756416,0.0,633.0
1719245242.050187,0.0,633.0
1719245242.1882122,0.0,633.0
1719245242.3243897,0.0,633.0
1719245242.4602392,0.0,633.0
1719245242.5963104,0.0,633.0
1719245242.7372582,0.0,633.0
1719245242.8728683,0.0,633.0
1719245243.0115292,0.0,633.0
1719245243.1467915,0.0,633.0
1719245243.2823305,0.0,633.0
1719245243.4162722,0.0,633.0
1719245243.5483751,0.0,633.0
1719245243.6843688,0.0,633.0
1719245243.8174329,0.0,633.0
1719245243.9527555,0.0,633.0
1719245244.0877814,0.0,633.0
1719245244.2232866,0.0,633.0
1719245244.3582952,0.0,633.0
1719245244.4936717,0.0,633.0
1719245244.6295772,0.0,633.0
1719245244.7663782,0.0,633.0
1719245244.9032307,0.0,633.0
1719245245.037867,0.0,633.0
1719245245.1753976,0.0,633.0
1719245245.3144643,0.0,633.0
1719245245.4500167,0.0,633.0
1719245245.5839157,0.0,633.0
1719245245.7237823,0.0,633.0
1719245245.860569,0.0,633.0
1719245245.9974897,0.0,633.0
1719245246.133719,0.0,633.0
1719245246.27004,0.0,633.0
1719245246.4058466,0.0,633.0
1719245246.542462,0.0,633.0
1719245246.6768463,0.0,633.0
1719245246.8109775,0.0,633.0
1719245246.9514909,0.0,633.0
1719245247.0856676,0.0,633.0
1719245247.2187018,0.0,633.0
1719245247.3557272,0.0,633.0
1719245247.6863546,0.0,633.0
1719245247.8220077,0.0,633.0
1719245247.9576824,0.0,633.0
1719245248.0933259,0.0,633.0
1719245248.2296085,0.0,633.0
1719245248.366493,0.0,633.0
1719245248.5022743,0.0,633.0
1719245248.638373,0.0,633.0
1719245248.7720363,0.0,633.0
1719245248.906128,0.0,633.0
1719245249.0372086,0.0,633.0
1719245249.1693685,0.0,633.0
1719245249.309882,0.0,633.0
1719245249.4507897,0.0,633.0
1719245249.5857754,0.0,633.0
1719245249.7214596,0.0,633.0
1719245249.854293,0.0,633.0
1719245249.986898,0.0,633.0
1719245250.1221151,0.0,633.0
1719245250.2583706,0.0,633.0
1719245250.3958867,0.0,633.0
1719245250.5315626,0.0,633.0
1719245250.6667275,0.0,633.0
1719245250.8023949,0.0,633.0
1719245250.938001,0.0,633.0
1719245251.0753527,0.0,633.0
1719245251.2118633,0.0,633.0
1719245251.3479846,0.0,633.0
1719245251.4855282,0.0,633.0
1719245251.616624,0.0,633.0
1719245251.749275,0.0,633.0
1719245251.8789485,0.0,633.0
1719245252.0096433,0.0,633.0
1719245252.1463792,0.0,633.0
1719245252.2774174,0.0,633.0
1719245252.407873,0.0,633.0
1719245252.5367632,0.0,633.0
1719245252.6676476,0.0,633.0
1719245252.7964532,0.0,633.0
1719245252.925167,0.0,633.0
1719245253.055302,0.0,633.0
1719245253.1839073,0.0,633.0
1719245253.3122048,0.0,633.0
1719245253.444219,0.0,633.0
1719245253.5755975,0.0,633.0
1719245253.7099786,0.0,633.0
1719245253.8465881,0.0,633.0
1719245253.9827933,0.0,633.0
1719245254.119803,0.0,633.0
1719245254.2560253,0.0,633.0
1719245254.3902938,0.0,633.0
1719245254.5244746,0.0,633.0
1719245254.6591895,0.0,633.0
1719245254.793132,0.0,633.0
1719245254.9294612,0.0,633.0
1719245255.0648253,0.0,633.0
1719245255.2025309,0.0,633.0
1719245255.3385365,0.0,633.0
1719245255.4755397,0.0,633.0
1719245255.612486,0.0,633.0
1719245255.7469473,0.0,633.0
1719245255.8823845,0.0,633.0
1719245256.0197682,0.0,633.0
1719245256.1552129,0.0,633.0
1719245256.291614,0.0,633.0
1719245256.429964,0.0,633.0
1719245256.626112,0.0,633.0
1719245256.7625954,0.0,633.0
1719245256.8981674,0.0,633.0
1719245257.0316863,0.0,633.0
1719245257.1648924,0.0,633.0
1719245257.2978656,0.0,633.0
1719245257.4313052,0.0,633.0
1719245257.5628104,0.0,633.0
1719245257.6988978,0.0,633.0
1719245257.8358338,0.0,633.0
1719245257.9715884,0.0,633.0
1719245258.1089036,0.0,633.0
1719245258.2441354,0.0,633.0
1719245258.380192,0.0,633.0
1719245258.516602,0.0,633.0
1719245258.6533473,0.0,633.0
1719245258.7970593,0.0,633.0
1719245258.933339,0.0,633.0
1719245259.0689926,0.0,633.0
1719245259.201984,0.0,633.0
1719245259.3345895,0.0,633.0
1719245259.4657245,0.0,633.0
1719245259.5968475,0.0,633.0
1719245259.728003,0.0,633.0
1719245259.8582876,0.0,633.0
1719245259.9894452,0.0,633.0
1719245260.119991,0.0,633.0
1719245260.2494833,0.0,633.0
1719245260.3818758,0.0,633.0
1719245260.5110705,0.0,633.0
1719245260.6397855,0.0,633.0
1719245260.7691386,0.0,633.0
1719245260.8971834,0.0,633.0
1719245261.028185,0.0,633.0
1719245261.160787,0.0,633.0
1719245261.2938893,0.0,633.0
1719245261.446196,0.0,633.0
1719245261.6176333,0.0,633.0
1719245261.7803037,0.0,633.0
1719245261.9525874,0.0,633.0
1719245262.1033273,0.0,633.0
1719245262.2726247,0.0,633.0
1719245262.4294446,0.0,633.0
1719245262.5811884,0.0,633.0
1719245262.7511952,0.0,633.0
1719245262.9080477,0.0,633.0
1719245263.1012785,0.0,633.0
1719245263.276087,0.0,633.0
1719245263.4184418,0.0,633.0
1719245263.6197212,0.0,633.0
1719245263.793391,0.0,633.0
1719245263.9823546,0.0,633.0
1719245264.1359472,0.0,633.0
1719245264.3353124,0.0,633.0
1719245264.497112,0.0,633.0
1719245264.6667767,0.0,633.0
1719245264.8247564,0.0,633.0
1719245264.9671493,0.0,633.0
1719245265.246937,0.0,633.0
1719245265.3852577,0.0,633.0
1719245265.517175,0.0,633.0
1719245265.656261,0.0,633.0
1719245265.7906928,0.0,633.0
1719245265.9283562,0.0,633.0
1719245266.080918,0.0,633.0
1719245266.2325656,0.0,633.0
1719245266.391035,0.0,633.0
1719245266.5630531,0.0,633.0
1719245266.7418048,0.0,633.0
1719245266.8866081,0.0,633.0
1719245267.046695,0.0,633.0
1719245267.1927128,0.0,633.0
1719245267.3525124,0.0,633.0
1719245267.5391023,0.0,633.0
1719245267.6878307,0.0,633.0
1719245267.8465986,0.0,633.0
1719245267.9905677,0.0,633.0
1719245268.1966352,0.0,633.0
1719245268.4003627,0.0,633.0
1719245268.5910177,0.0,633.0
1719245268.7542398,0.0,633.0
1719245268.9587579,0.0,633.0
1719245269.1384275,0.0,633.0
1719245269.3007715,0.0,633.0
1719245269.4669278,0.0,633.0
1719245269.6054366,0.0,633.0
1719245269.7452798,0.0,633.0
1719245269.8812513,0.0,633.0
1719245270.0156562,0.0,633.0
1719245270.1489174,0.0,633.0
1719245270.287345,0.0,633.0
1719245270.4233134,0.0,633.0
1719245270.5867808,0.0,633.0
1719245270.750875,0.0,633.0
1719245270.9008741,0.0,633.0
1719245271.0616653,0.0,633.0
1719245271.2148812,0.0,633.0
1719245271.393367,0.0,633.0
1719245271.5616133,0.0,633.0
1719245271.708383,0.0,633.0
1719245271.865281,0.0,633.0
1719245272.0247636,0.0,633.0
1719245272.199954,0.0,633.0
1719245272.3558931,0.0,633.0
1719245272.4986053,0.0,633.0
1719245272.7002876,0.0,633.0
1719245272.9053118,0.0,633.0
1719245273.0925357,0.0,633.0
1719245273.2501364,0.0,633.0
1719245273.4384034,0.0,633.0
1719245273.6116958,0.0,633.0
1719245273.7768757,0.0,633.0
1719245273.9436712,0.0,633.0
1719245274.0808413,0.0,633.0
1719245274.2191503,0.0,633.0
1719245274.3544898,0.0,633.0
1719245274.4848866,0.0,633.0
1719245274.6143672,0.0,633.0
1719245274.7507515,0.0,633.0
1719245274.8866262,0.0,633.0
1719245275.067853,0.0,633.0
1719245275.2390728,0.0,633.0
1719245275.3976028,0.0,633.0
1719245275.5673168,0.0,633.0
1719245275.7210777,0.0,633.0
1719245275.8868175,0.0,633.0
1719245276.054433,0.0,633.0
1719245276.2057598,0.0,633.0
1719245276.363816,0.0,633.0
1719245276.526427,0.0,633.0
1719245276.7101033,0.0,633.0
1719245276.8736205,0.0,633.0
1719245277.0401475,0.0,633.0
1719245277.243302,0.0,633.0
1719245277.40039,0.0,633.0
1719245277.5864859,0.0,633.0
1719245277.736144,0.0,633.0
1719245277.917246,0.0,633.0
1719245278.0983913,0.0,633.0
1719245278.265309,0.0,633.0
1719245278.44053,0.0,633.0
1719245278.5878675,0.0,633.0
1719245278.727156,0.0,633.0
1719245278.8631268,0.0,633.0
1719245278.994537,0.0,633.0
1719245279.1305823,0.0,633.0
1719245279.2668867,0.0,633.0
1719245279.4031892,0.0,633.0
1719245279.5732882,0.0,633.0
1719245279.7412615,0.0,633.0
1719245279.9133008,0.0,633.0
1719245280.0696447,0.0,633.0
1719245280.229345,0.0,633.0
1719245280.3864288,0.0,633.0
1719245280.543099,0.0,633.0
1719245280.6933436,0.0,633.0
1719245280.851785,0.0,633.0
1719245281.0175254,0.0,633.0
1719245281.1708598,0.0,633.0
1719245281.3215032,0.0,633.0
1719245281.4712121,0.0,633.0
1719245281.680433,0.0,633.0
1719245281.889893,0.0,633.0
1719245282.0939615,0.0,633.0
1719245282.255819,0.0,633.0
1719245282.451644,0.0,633.0
1719245282.6218197,0.0,633.0
1719245282.7963557,0.0,633.0
1719245282.956909,0.0,633.0
1719245283.0985408,0.0,633.0
1719245283.2383013,0.0,633.0
1719245283.3751912,0.0,633.0
1719245283.5172067,0.0,633.0
1719245283.654901,0.0,633.0
1719245283.7892556,0.0,633.0
1719245283.9517252,0.0,633.0
1719245284.1108618,0.0,633.0
1719245284.2657182,0.0,633.0
1719245284.4192226,0.0,633.0
1719245284.5763447,0.0,633.0
1719245284.7724516,0.0,633.0
1719245284.9336834,0.0,633.0
1719245285.0925014,0.0,633.0
1719245285.2630985,0.0,633.0
1719245285.4294245,0.0,633.0
1719245285.591825,0.0,633.0
1719245285.7480507,0.0,633.0
1719245285.890828,0.0,633.0
1719245286.0841599,0.0,633.0
1719245286.286088,0.0,633.0
1719245286.4933436,0.0,633.0
1719245286.653864,0.0,633.0
1719245286.8417132,0.0,633.0
1719245287.013293,0.0,633.0
1719245287.1900887,0.0,633.0
1719245287.3562346,0.0,633.0
1719245287.4934802,0.0,633.0
1719245287.6319096,0.0,633.0
1719245287.7694995,0.0,633.0
1719245287.9006565,0.0,633.0
1719245288.0382962,0.0,633.0
1719245288.1750076,0.0,633.0
1719245288.311481,0.0,633.0
1719245288.4865274,0.0,633.0
1719245288.6379886,0.0,633.0
1719245288.7997344,0.0,633.0
1719245288.977366,0.0,633.0
1719245289.154904,0.0,633.0
1719245289.3064475,0.0,633.0
1719245289.4631746,0.0,633.0
1719245289.6107724,0.0,633.0
1719245289.7604764,0.0,633.0
1719245289.9060676,0.0,633.0
1719245290.079852,0.0,633.0
1719245290.2348113,0.0,633.0
1719245290.390488,0.0,633.0
1719245290.5742126,0.0,633.0
1719245290.7670202,0.0,633.0
1719245290.9634118,0.0,633.0
1719245291.1264915,0.0,633.0
1719245291.328883,0.0,633.0
1719245291.4840264,0.0,633.0
1719245291.6583383,0.0,633.0
1719245291.8073637,0.0,633.0
1719245291.947804,0.0,633.0
1719245292.087979,0.0,633.0
1719245292.2273483,0.0,633.0
1719245292.357998,0.0,633.0
1719245292.4945233,0.0,633.0
1719245292.6295674,0.0,633.0
1719245292.768711,0.0,633.0
1719245292.9283247,0.0,633.0
1719245293.0827522,0.0,633.0
1719245293.2347999,0.0,633.0
1719245293.3970087,0.0,633.0
1719245293.5746992,0.0,633.0
1719245293.7140641,0.0,633.0
1719245293.8725646,0.0,633.0
1719245294.0196104,0.0,633.0
1719245294.1667807,0.0,633.0
1719245294.339546,0.0,633.0
1719245294.4992354,0.0,633.0
1719245294.6512985,0.0,633.0
1719245294.8068385,0.0,633.0
1719245295.0021605,0.0,633.0
1719245295.1729708,0.0,633.0
1719245295.361719,0.0,633.0
1719245295.5199757,0.0,633.0
1719245295.7163036,0.0,633.0
1719245295.8638926,0.0,633.0
1719245296.0184872,0.0,633.0
1719245296.1804056,0.0,633.0
1719245296.3456228,0.0,633.0
1719245296.483726,0.0,633.0
1719245296.6233878,0.0,633.0
1719245296.7615745,0.0,633.0
1719245296.8959582,0.0,633.0
1719245297.0361218,0.0,633.0
1719245297.1726022,0.0,633.0
1719245297.3297598,0.0,633.0
1719245297.5041227,0.0,633.0
1719245297.6659598,0.0,633.0
1719245297.8210547,0.0,633.0
1719245297.9751787,0.0,633.0
1719245298.1589558,0.0,633.0
1719245298.3211722,0.0,633.0
1719245298.4654057,0.0,633.0
1719245298.694656,0.0,633.0
1719245298.870938,0.0,633.0
1719245299.0494387,0.0,633.0
1719245299.2092679,0.0,633.0
1719245299.390522,0.0,633.0
1719245299.6017787,0.0,633.0
1719245299.8186,0.0,633.0
1719245300.0056858,0.0,633.0
1719245300.200001,0.0,633.0
1719245300.3600366,0.0,633.0
1719245300.5069103,0.0,633.0
1719245300.643369,0.0,633.0
1719245300.797467,0.0,633.0
1719245300.9479883,0.0,633.0
1719245301.0877638,0.0,633.0
1719245301.2249188,0.0,633.0
1719245301.358437,0.0,633.0
1719245301.489647,0.0,633.0
1719245301.6278048,0.0,633.0
1719245301.7621348,0.0,633.0
1719245301.943116,0.0,633.0
1719245302.1082695,0.0,633.0
1719245302.2763321,0.0,633.0
1719245302.4283078,0.0,633.0
1719245302.5913143,0.0,633.0
1719245302.752906,0.0,633.0
1719245302.941395,0.0,633.0
1719245303.08829,0.0,633.0
1719245303.2360768,0.0,633.0
1719245303.392185,0.0,633.0
1719245303.56732,0.0,633.0
1719245303.720636,0.0,633.0
1719245303.8677344,0.0,633.0
1719245304.060677,0.0,633.0
1719245304.2768817,0.0,633.0
1719245304.463119,0.0,633.0
1719245304.6167285,0.0,633.0
1719245304.8223689,0.0,633.0
1719245304.975531,0.0,633.0
1719245305.1388242,0.0,633.0
1719245305.3025076,0.0,633.0
1719245305.441411,0.0,633.0
1719245305.5799944,0.0,633.0
1719245305.7193623,0.0,633.0
1719245305.8509085,0.0,633.0
1719245305.9806075,0.0,633.0
1719245306.1192374,0.0,633.0
1719245306.2561977,0.0,633.0
1719245306.3966093,0.0,633.0
1719245306.556898,0.0,633.0
1719245306.7211328,0.0,633.0
1719245306.874656,0.0,633.0
1719245307.036539,0.0,633.0
1719245307.2016156,0.0,633.0
1719245307.3578794,0.0,633.0
1719245307.5353322,0.0,633.0
1719245307.682453,0.0,633.0
1719245307.8322678,0.0,633.0
1719245307.9896402,0.0,633.0
1719245308.1562526,0.0,633.0
1719245308.31668,0.0,633.0
1719245308.4584134,0.0,633.0
1719245308.6762066,0.0,633.0
1719245308.8786004,0.0,633.0
1719245309.0816715,0.0,633.0
1719245309.236208,0.0,633.0
1719245309.4237752,0.0,633.0
1719245309.5877528,0.0,633.0
1719245309.7387974,0.0,633.0
1719245309.893163,0.0,633.0
1719245310.0332425,0.0,633.0
1719245310.1724558,0.0,633.0
1719245310.308819,0.0,633.0
1719245310.4394841,0.0,633.0
1719245310.5701368,0.0,633.0
1719245310.7073665,0.0,633.0
1719245310.841862,0.0,633.0
1719245311.032696,0.0,633.0
1719245311.1887083,0.0,633.0
1719245311.3471904,0.0,633.0
1719245311.512191,0.0,633.0
1719245311.6804917,0.0,633.0
1719245311.8571792,0.0,633.0
1719245312.003614,0.0,633.0
1719245312.1442757,0.0,633.0
1719245312.2997901,0.0,633.0
1719245312.4591851,0.0,633.0
1719245312.602718,0.0,633.0
1719245312.7897656,0.0,633.0
1719245312.9439561,0.0,633.0
1719245313.148424,0.0,633.0
1719245313.3383949,0.0,633.0
1719245313.5296953,0.0,633.0
1719245313.734953,0.0,633.0
1719245313.923465,0.0,633.0
1719245314.1107366,0.0,633.0
1719245314.2772765,0.0,633.0
1719245314.4378636,0.0,633.0
1719245314.5767007,0.0,633.0
1719245314.7174444,0.0,633.0
1719245314.8534975,0.0,633.0
1719245314.98763,0.0,633.0
1719245315.1192904,0.0,633.0
1719245315.2568026,0.0,633.0
1719245315.3953054,0.0,633.0
1719245315.5814908,0.0,633.0
1719245315.737925,0.0,633.0
1719245315.9063175,0.0,633.0
1719245316.0721388,0.0,633.0
1719245316.237497,0.0,633.0
1719245316.402397,0.0,633.0
1719245316.5628178,0.0,633.0
1719245316.717546,0.0,633.0
1719245316.8876138,0.0,633.0
1719245317.055123,0.0,633.0
1719245317.2051015,0.0,633.0
1719245317.3589182,0.0,633.0
1719245317.5018718,0.0,633.0
1719245317.7120087,0.0,633.0
1719245317.9219263,0.0,633.0
1719245318.1118736,0.0,633.0
1719245318.2873092,0.0,633.0
1719245318.4705985,0.0,633.0
1719245318.6588967,0.0,633.0
1719245318.8266773,0.0,633.0
1719245318.9954653,0.0,633.0
1719245319.1351833,0.0,633.0
1719245319.2745965,0.0,633.0
1719245319.4105315,0.0,633.0
1719245319.5434296,0.0,633.0
1719245319.6750526,0.0,633.0
1719245319.8138876,0.0,633.0
1719245319.951854,0.0,633.0
1719245320.1297688,0.0,633.0
1719245320.2801635,0.0,633.0
1719245320.4338033,0.0,633.0
1719245320.622976,0.0,633.0
1719245320.7906892,0.0,633.0
1719245320.9571867,0.0,633.0
1719245321.1152914,0.0,633.0
1719245321.2665896,0.0,633.0
1719245321.4163823,0.0,633.0
1719245321.5701191,0.0,633.0
1719245321.7299235,0.0,633.0
1719245321.8816824,0.0,633.0
1719245322.0229719,0.0,633.0
1719245322.224934,0.0,633.0
1719245322.431925,0.0,633.0
1719245322.6412115,0.0,633.0
1719245322.7945251,0.0,633.0
1719245322.9824226,0.0,633.0
1719245323.156059,0.0,633.0
1719245323.3297958,0.0,633.0
1719245323.4923196,0.0,633.0
1719245323.628379,0.0,633.0
1719245323.766575,0.0,633.0
1719245323.9047878,0.0,633.0
1719245324.0376425,0.0,633.0
1719245324.1690722,0.0,633.0
1719245324.3052545,0.0,633.0
1719245324.441828,0.0,633.0
1719245324.5792787,0.0,633.0
1719245324.7486138,0.0,633.0
1719245324.9031818,0.0,633.0
1719245325.08857,0.0,633.0
1719245325.2468932,0.0,633.0
1719245325.4043417,0.0,633.0
1719245325.5463831,0.0,633.0
1719245325.6949089,0.0,633.0
1719245325.8336124,0.0,633.0
1719245325.9867127,0.0,633.0
1719245326.140193,0.0,633.0
1719245326.3113205,0.0,633.0
1719245326.4648712,0.0,633.0
1719245326.6085207,0.0,633.0
1719245326.8138857,0.0,633.0
1719245327.0118713,0.0,633.0
1719245327.2224648,0.0,633.0
1719245327.3872998,0.0,633.0
1719245327.5699627,0.0,633.0
1719245327.7397532,0.0,633.0
1719245327.888219,0.0,633.0
1719245328.0507064,0.0,633.0
1719245328.203537,0.0,633.0
1719245328.3394997,0.0,633.0
1719245328.4766843,0.0,633.0
1719245328.6116529,0.0,633.0
1719245328.7439117,0.0,633.0
1719245328.8793588,0.0,633.0
1719245329.0150356,0.0,633.0
1719245329.1524205,0.0,633.0
1719245329.299504,0.0,633.0
1719245329.4719594,0.0,633.0
1719245329.6335738,0.0,633.0
1719245329.9253168,0.0,633.0
1719245330.0905938,0.0,633.0
1719245330.2406461,0.0,633.0
1719245330.3991704,0.0,633.0
1719245330.546817,0.0,633.0
1719245330.7237525,0.0,633.0
1719245330.8859305,0.0,633.0
1719245331.0434089,0.0,633.0
1719245331.1914613,0.0,633.0
1719245331.380438,0.0,633.0
1719245331.5710053,0.0,633.0
1719245331.7674634,0.0,633.0
1719245331.9622128,0.0,633.0
1719245332.1462655,0.0,633.0
1719245332.3185446,0.0,633.0
1719245332.4615028,0.0,633.0
1719245332.6386724,0.0,633.0
1719245332.782786,0.0,633.0
1719245332.9202647,0.0,633.0
1719245333.0568423,0.0,633.0
1719245333.190686,0.0,633.0
1719245333.324002,0.0,633.0
1719245333.461393,0.0,633.0
1719245333.5987346,0.0,633.0
1719245333.7700174,0.0,633.0
1719245333.9176779,0.0,633.0
1719245334.078133,0.0,633.0
1719245334.236087,0.0,633.0
1719245334.4039874,0.0,633.0
1719245334.5838103,0.0,633.0
1719245334.7445085,0.0,633.0
1719245334.9010012,0.0,633.0
1719245335.055687,0.0,633.0
1719245335.2539291,0.0,633.0
1719245335.406995,0.0,633.0
1719245335.5658977,0.0,633.0
1719245335.7115266,0.0,633.0
1719245335.917963,0.0,633.0
1719245336.1348357,0.0,633.0
1719245336.3219104,0.0,633.0
1719245336.4951437,0.0,633.0
1719245336.7146428,0.0,633.0
1719245336.8750758,0.0,633.0
1719245337.0389953,0.0,633.0
1719245337.1921704,0.0,633.0
1719245337.3299077,0.0,633.0
1719245337.4682975,0.0,633.0
1719245337.6044168,0.0,633.0
1719245337.7342784,0.0,633.0
1719245337.8626573,0.0,633.0
1719245338.0001009,0.0,633.0
1719245338.137595,0.0,633.0
1719245338.3044496,0.0,633.0
1719245338.4574118,0.0,633.0
1719245338.6130521,0.0,633.0
1719245338.775308,0.0,633.0
1719245338.9385967,0.0,633.0
1719245339.103032,0.0,633.0
1719245339.2466342,0.0,633.0
1719245339.414907,0.0,633.0
1719245339.5823066,0.0,633.0
1719245339.7326221,0.0,633.0
1719245339.8710692,0.0,633.0
1719245340.0296328,0.0,633.0
1719245340.1893675,0.0,633.0
1719245340.3428538,0.0,633.0
1719245340.5477772,0.0,633.0
1719245340.7646878,0.0,633.0
1719245340.9704068,0.0,633.0
1719245341.1307209,0.0,633.0
1719245341.3271146,0.0,633.0
1719245341.4932187,0.0,633.0
1719245341.6558125,0.0,633.0
1719245341.8079834,0.0,633.0
1719245341.9471738,0.0,633.0
1719245342.0850751,0.0,633.0
1719245342.2242,0.0,633.0
1719245342.3612459,0.0,633.0
1719245342.4948084,0.0,633.0
1719245342.6329963,0.0,633.0
1719245342.768075,0.0,633.0
1719245342.9447262,0.0,633.0
1719245343.096759,0.0,633.0
1719245343.2529695,0.0,633.0
1719245343.4352849,0.0,633.0
1719245343.5913126,0.0,633.0
1719245343.7698765,0.0,633.0
1719245343.9289963,0.0,633.0
1719245344.0910306,0.0,633.0
1719245344.2495987,0.0,633.0
1719245344.4313183,0.0,633.0
1719245344.5955896,0.0,633.0
1719245344.766668,0.0,633.0
1719245344.9094052,0.0,633.0
1719245345.1058404,0.0,633.0
1719245345.316036,0.0,633.0
1719245345.5028434,0.0,633.0
1719245345.6744845,0.0,633.0
1719245345.871315,0.0,633.0
1719245346.0313044,0.0,633.0
1719245346.1823015,0.0,633.0
1719245346.332953,0.0,633.0
1719245346.4717097,0.0,633.0
1719245346.609601,0.0,633.0
1719245346.7470877,0.0,633.0
1719245346.8774781,0.0,633.0
1719245347.0073152,0.0,633.0
1719245347.1442447,0.0,633.0
1719245347.2795353,0.0,633.0
1719245347.4553218,0.0,633.0
1719245347.6176205,0.0,633.0
1719245347.772906,0.0,633.0
1719245347.968635,0.0,633.0
1719245348.1279902,0.0,633.0
1719245348.279654,0.0,633.0
1719245348.4402215,0.0,633.0
1719245348.5817242,0.0,633.0
1719245348.746904,0.0,633.0
1719245348.9222403,0.0,633.0
1719245349.0802774,0.0,633.0
1719245349.233585,0.0,633.0
1719245349.4313114,0.0,633.0
1719245349.6377194,0.0,633.0
1719245349.8390167,0.0,633.0
1719245350.022759,0.0,633.0
1719245350.1663702,0.0,633.0
1719245350.3533344,0.0,633.0
1719245350.5046473,0.0,633.0
1719245350.6508162,0.0,633.0
1719245350.802356,0.0,633.0
1719245350.958844,0.0,633.0
1719245351.0981047,0.0,633.0
1719245351.2354314,0.0,633.0
1719245351.3708305,0.0,633.0
1719245351.5015168,0.0,633.0
1719245351.6374328,0.0,633.0
1719245351.7757447,0.0,633.0
1719245351.9125557,0.0,633.0
1719245352.0762916,0.0,633.0
1719245352.2486117,0.0,633.0
1719245352.3951163,0.0,633.0
1719245352.5459075,0.0,633.0
1719245352.7349713,0.0,633.0
1719245352.8821754,0.0,633.0
1719245353.0429447,0.0,633.0
1719245353.1856396,0.0,633.0
1719245353.3296535,0.0,633.0
1719245353.4781873,0.0,633.0
1719245353.6433222,0.0,633.0
1719245353.7996812,0.0,633.0
1719245353.9436195,0.0,633.0
1719245354.1434078,0.0,633.0
1719245354.334392,0.0,633.0
1719245354.545083,0.0,633.0
1719245354.7004828,0.0,633.0
1719245354.8861434,0.0,633.0
1719245355.0535522,0.0,633.0
1719245355.2372854,0.0,633.0
1719245355.395943,0.0,633.0
1719245355.5338137,0.0,633.0
1719245355.6701798,0.0,633.0
1719245355.808093,0.0,633.0
1719245355.9408224,0.0,633.0
1719245356.0772674,0.0,633.0
1719245356.2142205,0.0,633.0
1719245356.3826997,0.0,633.0
1719245356.5404606,0.0,633.0
1719245356.7021773,0.0,633.0
1719245356.8676853,0.0,633.0
1719245357.0314295,0.0,633.0
1719245357.1895337,0.0,633.0
1719245357.349529,0.0,633.0
1719245357.4981623,0.0,633.0
1719245357.665819,0.0,633.0
1719245357.8118804,0.0,633.0
1719245357.9784188,0.0,633.0
1719245358.1386364,0.0,633.0
1719245358.2927153,0.0,633.0
1719245358.5025094,0.0,633.0
1719245358.6872954,0.0,633.0
1719245358.8811486,0.0,633.0
1719245359.0334382,0.0,633.0
1719245359.2187603,0.0,633.0
1719245359.3978574,0.0,633.0
1719245359.5687382,0.0,633.0
1719245359.7189054,0.0,633.0
1719245359.8613718,0.0,633.0
1719245359.999457,0.0,633.0
1719245360.1368408,0.0,633.0
1719245360.268128,0.0,633.0
1719245360.4090617,0.0,633.0
1719245360.5459623,0.0,633.0
1719245360.6835215,0.0,633.0
1719245360.8397675,0.0,633.0
1719245360.9908097,0.0,633.0
1719245361.137796,0.0,633.0
1719245361.3169415,0.0,633.0
1719245361.478313,0.0,633.0
1719245361.6633484,0.0,633.0
1719245361.8081727,0.0,633.0
1719245361.9697926,0.0,633.0
1719245362.12701,0.0,633.0
1719245362.283318,0.0,633.0
1719245362.4511476,0.0,633.0
1719245362.6153233,0.0,633.0
1719245362.7694664,0.0,633.0
1719245362.9747176,0.0,633.0
1719245363.1747136,0.0,633.0
1719245363.3630583,0.0,633.0
1719245363.5516248,0.0,633.0
1719245363.745069,0.0,633.0
1719245363.8918364,0.0,633.0
1719245364.0412397,0.0,633.0
1719245364.194601,0.0,633.0
1719245364.34308,0.0,633.0
1719245364.481563,0.0,633.0
1719245364.6178355,0.0,633.0
1719245364.752994,0.0,633.0
1719245364.885267,0.0,633.0
1719245365.021777,0.0,633.0
1719245365.1845286,0.0,633.0
1719245365.3608856,0.0,633.0
1719245365.5156672,0.0,633.0
1719245365.672111,0.0,633.0
1719245365.8324838,0.0,633.0
1719245366.0096886,0.0,633.0
1719245366.1852632,0.0,633.0
1719245366.3506842,0.0,633.0
1719245366.4936426,0.0,633.0
1719245366.6384854,0.0,633.0
1719245366.8063433,0.0,633.0
1719245366.9729846,0.0,633.0
1719245367.1410747,0.0,633.0
1719245367.2982056,0.0,633.0
1719245367.5041287,0.0,633.0
1719245367.6929662,0.0,633.0
1719245367.881016,0.0,633.0
1719245368.0337005,0.0,633.0
1719245368.2146392,0.0,633.0
1719245368.3897588,0.0,633.0
1719245368.5506427,0.0,633.0
1719245368.7047043,0.0,633.0
1719245368.8423035,0.0,633.0
1719245368.9827435,0.0,633.0
1719245369.1209877,0.0,633.0
1719245369.2564237,0.0,633.0
1719245369.3927813,0.0,633.0
1719245369.5307586,0.0,633.0
1719245369.6665409,0.0,633.0
1719245369.81753,0.0,633.0
1719245369.9737306,0.0,633.0
1719245370.125134,0.0,633.0
1719245370.2939928,0.0,633.0
1719245370.455179,0.0,633.0
1719245370.6178412,0.0,633.0
1719245370.7713137,0.0,633.0
1719245370.9384947,0.0,633.0
1719245371.079007,0.0,633.0
1719245371.2347379,0.0,633.0
1719245371.4059854,0.0,633.0
1719245371.573334,0.0,633.0
1719245371.7449222,0.0,633.0
1719245372.8178782,0.0,633.0
1719245372.9955387,0.0,633.0
1719245373.1540546,0.0,633.0
1719245373.3076491,0.0,633.0
1719245373.4559495,0.0,633.0
1719245373.5934956,0.0,633.0
1719245373.7289898,0.0,633.0
1719245373.861186,0.0,633.0
1719245373.9986248,0.0,633.0
1719245374.1531365,0.0,633.0
1719245374.3165374,0.0,633.0
1719245374.4697978,0.0,633.0
1719245374.6332066,0.0,633.0
1719245374.8068287,0.0,633.0
1719245374.9611387,0.0,633.0
1719245375.140152,0.0,633.0
1719245375.294837,0.0,633.0
1719245375.4369836,0.0,633.0
1719245375.5962284,0.0,633.0
1719245375.778874,0.0,633.0
1719245375.9405613,0.0,633.0
1719245376.1068988,0.0,633.0
1719245376.2504907,0.0,633.0
1719245376.4459813,0.0,633.0
1719245376.6466608,0.0,633.0
1719245376.8455136,0.0,633.0
1719245377.0089054,0.0,633.0
1719245377.1997225,0.0,633.0
1719245377.3766527,0.0,633.0
1719245377.5960078,0.0,633.0
1719245377.7644615,0.0,633.0
1719245377.9024916,0.0,633.0
1719245378.0423527,0.0,633.0
1719245378.1792307,0.0,633.0
1719245378.3122876,0.0,633.0
1719245378.441814,0.0,633.0
1719245378.5791721,0.0,633.0
1719245378.7163055,0.0,633.0
1719245378.8704882,0.0,633.0
1719245379.0517905,0.0,633.0
1719245379.2058563,0.0,633.0
1719245379.3955054,0.0,633.0
1719245379.5501385,0.0,633.0
1719245379.698056,0.0,633.0
1719245379.8374598,0.0,633.0
1719245380.0063682,0.0,633.0
1719245380.1564002,0.0,633.0
1719245380.2986915,0.0,633.0
1719245380.4737825,0.0,633.0
1719245380.6468036,0.0,633.0
1719245380.7936525,0.0,633.0
1719245380.9438205,0.0,633.0
1719245381.141784,0.0,633.0
1719245381.3268685,0.0,633.0
1719245381.5227592,0.0,633.0
1719245381.695813,0.0,633.0
1719245381.8749444,0.0,633.0
1719245382.0165317,0.0,633.0
1719245382.180714,0.0,633.0
1719245382.337111,0.0,633.0
1719245382.474989,0.0,633.0
1719245382.612357,0.0,633.0
1719245382.750874,0.0,633.0
1719245383.0491602,0.0,633.0
1719245383.1851504,0.0,633.0
1719245383.3212764,0.0,633.0
1719245383.4737191,0.0,633.0
1719245383.6434388,0.0,633.0
1719245383.812699,0.0,633.0
1719245383.9756606,0.0,633.0
1719245384.1943235,0.0,633.0
1719245384.3800585,0.0,633.0
1719245384.5576313,0.0,633.0
1719245384.6982918,0.0,633.0
1719245384.8574378,0.0,633.0
1719245385.0159142,0.0,633.0
1719245385.1841328,0.0,633.0
1719245385.3348587,0.0,633.0
1719245385.4873078,0.0,633.0
1719245385.689726,0.0,633.0
1719245385.8941221,0.0,633.0
1719245386.0858166,0.0,633.0
1719245386.2371283,0.0,633.0
1719245386.4216757,0.0,633.0
1719245386.5969436,0.0,633.0
1719245386.7421443,0.0,633.0
1719245386.8988135,0.0,633.0
1719245387.061906,0.0,633.0
1719245387.2008193,0.0,633.0
1719245387.343728,0.0,633.0
1719245387.4800825,0.0,633.0
1719245387.6125617,0.0,633.0
1719245387.7527466,0.0,633.0
1719245387.8891604,0.0,633.0
1719245388.0252872,0.0,633.0
1719245388.1877563,0.0,633.0
1719245388.3529572,0.0,633.0
1719245388.5212703,0.0,633.0
1719245388.6897333,0.0,633.0
1719245388.8506792,0.0,633.0
1719245388.9948668,0.0,633.0
1719245389.1770768,0.0,633.0
1719245389.3182864,0.0,633.0
1719245389.4730883,0.0,633.0
1719245389.6260073,0.0,633.0
1719245389.7709272,0.0,633.0
1719245389.9333632,0.0,633.0
1719245390.1104045,0.0,633.0
1719245390.299847,0.0,633.0
1719245390.5064874,0.0,633.0
1719245390.666111,0.0,633.0
1719245390.8432264,0.0,633.0
1719245391.0316093,0.0,633.0
1719245391.2232537,0.0,633.0
1719245391.4150553,0.0,633.0
1719245391.5649467,0.0,633.0
1719245391.7022345,0.0,633.0
1719245391.8413832,0.0,633.0
1719245391.9770563,0.0,633.0
1719245392.109723,0.0,633.0
1719245392.2490547,0.0,633.0
1719245392.3858411,0.0,633.0
1719245392.5225713,0.0,633.0
1719245392.6891153,0.0,633.0
1719245392.8509693,0.0,633.0
1719245393.0139704,0.0,633.0
1719245393.1703396,0.0,633.0
1719245393.3211455,0.0,633.0
1719245393.4621298,0.0,633.0
1719245393.6254175,0.0,633.0
1719245393.7726943,0.0,633.0
1719245393.958988,0.0,633.0
1719245394.1136603,0.0,633.0
1719245394.2873151,0.0,633.0
1719245394.4475777,0.0,633.0
1719245394.6053529,0.0,633.0
1719245394.8154516,0.0,633.0
1719245394.975465,0.0,633.0
1719245395.1666157,0.0,633.0
1719245395.3741562,0.0,633.0
1719245395.5582047,0.0,633.0
1719245395.6968372,0.0,633.0
1719245395.8645122,0.0,633.0
1719245396.0192425,0.0,633.0
1719245396.1618712,0.0,633.0
1719245396.2987313,0.0,633.0
1719245396.4354868,0.0,633.0
1719245396.5683758,0.0,633.0
1719245396.6972778,0.0,633.0
1719245396.8368776,0.0,633.0
1719245396.9727619,0.0,633.0
1719245397.10794,0.0,633.0
1719245397.2742233,0.0,633.0
1719245397.4341872,0.0,633.0
1719245397.592921,0.0,633.0
1719245397.7804086,0.0,633.0
1719245397.9979012,0.0,633.0
1719245398.151683,0.0,633.0
1719245398.304295,0.0,633.0
1719245398.4620595,0.0,633.0
1719245398.6382973,0.0,633.0
1719245398.7868085,0.0,633.0
1719245398.9422426,0.0,633.0
1719245399.0896916,0.0,633.0
1719245399.2992065,0.0,633.0
1719245399.504366,0.0,633.0
1719245399.6872337,0.0,633.0
1719245399.873135,0.0,633.0
1719245400.0587747,0.0,633.0
1719245400.2618008,0.0,633.0
1719245400.4547043,0.0,633.0
1719245400.608556,0.0,633.0
1719245400.7472355,0.0,633.0
1719245400.884854,0.0,633.0
1719245401.0207043,0.0,633.0
1719245401.1539483,0.0,633.0
1719245401.2896628,0.0,633.0
1719245401.426783,0.0,633.0
1719245401.565153,0.0,633.0
1719245401.7314684,0.0,633.0
1719245401.8976986,0.0,633.0
1719245402.060408,0.0,633.0
1719245402.21976,0.0,633.0
1719245402.4039447,0.0,633.0
1719245402.5502257,0.0,633.0
1719245402.712812,0.0,633.0
1719245402.8523433,0.0,633.0
1719245403.0009193,0.0,633.0
1719245403.1586735,0.0,633.0
1719245403.3183596,0.0,633.0
1719245403.4676366,0.0,633.0
1719245403.611943,0.0,633.0
1719245403.795107,0.0,633.0
1719245404.0037212,0.0,633.0
1719245404.1876526,0.0,633.0
1719245404.3895402,0.0,633.0
1719245404.5737038,0.0,633.0
1719245404.7534287,0.0,633.0
1719245404.9242387,0.0,633.0
1719245405.079898,0.0,633.0
1719245405.2246933,0.0,633.0
1719245405.3627396,0.0,633.0
1719245405.4991024,0.0,633.0
1719245405.6346934,0.0,633.0
1719245405.7723637,0.0,633.0
1719245405.9088376,0.0,633.0
1719245406.0476265,0.0,633.0
1719245406.2082932,0.0,633.0
1719245406.3850029,0.0,633.0
1719245406.5458813,0.0,633.0
1719245406.7260406,0.0,633.0
1719245406.897044,0.0,633.0
1719245407.0427122,0.0,633.0
1719245407.1908824,0.0,633.0
1719245407.3363895,0.0,633.0
1719245407.4912112,0.0,633.0
1719245407.6517286,0.0,633.0
1719245407.8287747,0.0,633.0
1719245407.989024,0.0,633.0
1719245408.1316931,0.0,633.0
1719245408.3474488,0.0,633.0
1719245408.553026,0.0,633.0
1719245408.7434664,0.0,633.0
1719245408.898047,0.0,633.0
1719245409.0734894,0.0,633.0
1719245409.2512634,0.0,633.0
1719245409.4206264,0.0,633.0
1719245409.569349,0.0,633.0
1719245409.7447064,0.0,633.0
1719245409.8839443,0.0,633.0
1719245410.0195322,0.0,633.0
1719245410.1665025,0.0,633.0
1719245410.2963765,0.0,633.0
1719245410.4465241,0.0,633.0
1719245410.5826175,0.0,633.0
1719245410.7435873,0.0,633.0
1719245410.8980203,0.0,633.0
1719245411.0561397,0.0,633.0
1719245411.222155,0.0,633.0
1719245411.3835928,0.0,633.0
1719245411.5637739,0.0,633.0
1719245411.7190495,0.0,633.0
1719245411.8750887,0.0,633.0
1719245412.0422282,0.0,633.0
1719245412.2018437,0.0,633.0
1719245412.3619058,0.0,633.0
1719245412.5136857,0.0,633.0
1719245412.6668828,0.0,633.0
1719245412.8485587,0.0,633.0
1719245413.0468948,0.0,633.0
1719245413.2511322,0.0,633.0
1719245413.4323976,0.0,633.0
1719245413.6346662,0.0,633.0
1719245413.8076835,0.0,633.0
1719245413.9503636,0.0,633.0
1719245414.1035018,0.0,633.0
1719245414.2643104,0.0,633.0
1719245414.4039533,0.0,633.0
1719245414.542069,0.0,633.0
1719245414.6779125,0.0,633.0
1719245414.8095,0.0,633.0
1719245414.9459033,0.0,633.0
1719245415.0830448,0.0,633.0
1719245415.2209265,0.0,633.0
1719245415.37291,0.0,633.0
1719245415.5260623,0.0,633.0
1719245415.6803086,0.0,633.0
1719245415.840361,0.0,633.0
1719245416.0062273,0.0,633.0
1719245416.1610672,0.0,633.0
1719245416.330141,0.0,633.0
1719245416.478011,0.0,633.0
1719245416.6233037,0.0,633.0
1719245416.7826865,0.0,633.0
1719245416.9486487,0.0,633.0
1719245417.103141,0.0,633.0
1719245417.243719,0.0,633.0
1719245417.4508455,0.0,633.0
1719245417.6716146,0.0,633.0
1719245417.870195,0.0,633.0
1719245418.0227172,0.0,633.0
1719245418.2232969,0.0,2453.0
1719245418.4658372,7.0,7715.0
1719245418.6456192,74.0,30409.0
1719245418.8351388,74.0,30409.0
1719245418.9975758,86.0,30419.0
1719245419.1949966,100.0,36565.0
1719245419.3429675,100.0,36567.0
1719245419.491021,100.0,36569.0
1719245419.6377287,99.0,36581.0
1719245419.8261468,9.0,36581.0
1719245420.035848,9.0,36581.0
1719245420.2071826,67.0,42727.0
1719245420.4193134,99.0,42727.0
1719245420.6053421,100.0,42727.0
1719245420.8105974,100.0,42727.0
1719245420.985681,100.0,42727.0
1719245421.1688254,37.0,42727.0
1719245421.3518605,79.0,42727.0
1719245421.5245306,100.0,42727.0
1719245421.7086036,99.0,42727.0
1719245421.8757672,100.0,42727.0
1719245422.1664891,26.0,42727.0
1719245422.4509625,94.0,42727.0
1719245422.7011385,99.0,42727.0
1719245422.9234638,100.0,42727.0
1719245423.1060126,100.0,42727.0
1719245423.281397,100.0,42727.0
1719245423.4514525,100.0,42727.0
1719245423.6344378,32.0,42727.0
1719245423.7832632,100.0,42727.0
1719245423.929894,100.0,42727.0
1719245424.0708346,100.0,42727.0
1719245424.2222214,100.0,42727.0
1719245424.3724713,100.0,42727.0
1719245424.5582702,83.0,42727.0
1719245424.7481198,31.0,42727.0
1719245424.9594803,100.0,42727.0
1719245425.1430259,98.0,42727.0
1719245425.3519516,100.0,42727.0
1719245425.5221622,100.0,42727.0
1719245425.7180078,76.0,42727.0
1719245425.9122653,54.0,42727.0
1719245426.0950103,100.0,42727.0
1719245426.2883594,99.0,42727.0
1719245426.4594626,99.0,42727.0
1719245426.620911,100.0,42727.0
1719245426.8413038,52.0,42727.0
1719245427.0709176,63.0,42727.0
1719245427.308854,100.0,42727.0
1719245427.4909418,99.0,42727.0
1719245427.6932693,99.0,42727.0
1719245427.8457475,100.0,42727.0
1719245428.0327775,100.0,42727.0
1719245428.2199774,43.0,42727.0
1719245428.3727844,86.0,42727.0
1719245428.5220768,86.0,42727.0
1719245428.6705396,99.0,42727.0
1719245428.8135712,99.0,42727.0
1719245428.9575193,100.0,42727.0
1719245429.1076314,100.0,42727.0
1719245429.2653341,26.0,42727.0
1719245429.445414,26.0,42727.0
1719245429.670899,100.0,42727.0
1719245429.8708634,99.0,42727.0
1719245430.043833,100.0,42727.0
1719245430.2376664,100.0,42727.0
1719245430.4154868,96.0,42727.0
1719245430.5953174,26.0,42727.0
1719245430.7616239,100.0,42727.0
1719245430.9583883,99.0,42727.0
1719245431.155859,100.0,42727.0
1719245431.3445497,100.0,42727.0
1719245431.5773408,79.0,42727.0
1719245431.8259172,24.0,42727.0
1719245432.0412476,100.0,42727.0
1719245432.2259884,90.0,42727.0
1719245432.4955726,100.0,42727.0
1719245432.6696362,90.0,42727.0
1719245432.8491173,90.0,42727.0
1719245433.017671,52.0,42727.0
1719245433.1737669,100.0,42727.0
1719245433.3315158,99.0,42727.0
1719245433.481117,99.0,42727.0
1719245433.6409664,100.0,42727.0
1719245433.7991617,100.0,42727.0
1719245433.9632943,54.0,42727.0
1719245434.1649752,93.0,42727.0
1719245434.3449044,99.0,42727.0
1719245434.528807,99.0,42727.0
1719245434.7054808,100.0,42727.0
1719245434.8851912,100.0,42727.0
1719245435.0548115,100.0,42727.0
1719245435.2534585,42.0,42727.0
1719245435.4091027,100.0,42727.0
1719245435.5833266,99.0,42727.0
1719245435.7582145,100.0,42727.0
1719245435.940718,100.0,42727.0
1719245436.1178057,73.0,42727.0
1719245436.3610215,16.0,42727.0
1719245436.583456,100.0,42727.0
1719245436.8082016,99.0,42727.0
1719245436.9892313,100.0,42727.0
1719245437.214074,100.0,42727.0
1719245437.3895657,88.0,42727.0
1719245437.569785,46.0,42727.0
1719245437.7431033,46.0,42727.0
1719245437.8979762,100.0,42727.0
1719245438.0480685,99.0,42727.0
1719245438.1980572,100.0,42727.0
1719245438.3411949,100.0,42727.0
1719245438.4922466,100.0,42727.0
1719245438.6508288,59.0,42727.0
1719245438.8519137,88.0,42727.0
1719245439.035493,99.0,42727.0
1719245439.2216177,100.0,42727.0
1719245439.4084003,100.0,42727.0
1719245439.579648,100.0,42727.0
1719245439.738843,100.0,42727.0
1719245439.9635324,35.0,42727.0
1719245440.1572413,99.0,42727.0
1719245440.352416,100.0,42727.0
1719245440.5156322,100.0,42727.0
1719245440.700809,100.0,42727.0
1719245440.864971,85.0,42727.0
1719245441.0956473,17.0,42727.0
1719245441.30792,100.0,42727.0
1719245441.5072336,98.0,42727.0
1719245441.6786902,100.0,42727.0
1719245441.892082,100.0,42727.0
1719245442.0717165,89.0,42727.0
1719245442.264364,44.0,42727.0
1719245442.4747505,100.0,42727.0
1719245442.626575,100.0,42727.0
1719245442.7787743,100.0,42727.0
1719245442.9296582,100.0,42727.0
1719245443.0744588,100.0,42727.0
1719245443.2245233,67.0,42727.0
1719245443.3792756,79.0,42727.0
1719245443.5355191,100.0,42727.0
1719245443.7525122,100.0,42727.0
1719245443.937362,99.0,42727.0
1719245444.111976,100.0,42727.0
1719245444.2959657,100.0,42727.0
1719245444.4845781,30.0,42727.0
1719245444.6630704,100.0,42727.0
1719245444.8231359,99.0,42727.0
1719245445.0050232,100.0,42727.0
1719245445.1741588,100.0,42727.0
1719245445.347217,100.0,42727.0
1719245445.5260634,99.0,42727.0
1719245445.690833,39.0,42727.0
1719245445.9193928,100.0,42727.0
1719245446.111114,99.0,42727.0
1719245446.338764,100.0,42727.0
1719245446.501724,100.0,42727.0
1719245446.714651,67.0,42727.0
1719245446.8799865,67.0,42727.0
1719245447.066434,100.0,42727.0
1719245447.2414193,99.0,42727.0
1719245447.400242,100.0,42727.0
1719245447.5503705,100.0,42727.0
1719245447.6986566,100.0,42727.0
1719245447.8459227,42.0,42727.0
1719245448.0063343,100.0,42727.0
1719245448.1618817,99.0,42727.0
1719245448.3735352,99.0,42727.0
1719245448.5654287,100.0,42727.0
1719245448.7397945,100.0,42727.0
1719245448.9278944,98.0,42727.0
1719245449.1142108,31.0,42727.0
1719245449.2756424,100.0,42727.0
1719245449.461355,99.0,42727.0
1719245449.6202178,100.0,42727.0
1719245449.7900813,100.0,42727.0
1719245449.95723,100.0,42727.0
1719245450.1367702,73.0,42727.0
1719245450.3134365,58.0,42727.0
1719245450.4857574,100.0,42727.0
1719245450.7312903,94.0,42727.0
1719245450.9026875,100.0,42727.0
1719245451.1226494,100.0,42727.0
1719245451.311915,52.0,42727.0
1719245451.5660338,34.0,42727.0
1719245451.734824,100.0,42727.0
1719245451.9089909,98.0,42727.0
1719245452.0738204,100.0,42727.0
1719245452.2257,100.0,42727.0
1719245452.377537,100.0,42727.0
1719245452.5232887,71.0,42727.0
1719245452.6698751,71.0,42727.0
1719245452.8473485,100.0,42727.0
1719245453.013278,99.0,42727.0
1719245453.1938558,100.0,42727.0
1719245453.4016387,100.0,42727.0
1719245453.582643,100.0,42727.0
1719245453.7641938,23.0,42727.0
1719245453.952184,95.0,42727.0
1719245454.118777,99.0,42727.0
1719245454.317192,100.0,42727.0
1719245454.5025308,100.0,42727.0
1719245454.6828005,100.0,42727.0
1719245454.8712506,100.0,42727.0
1719245455.0592556,100.0,42727.0
1719245455.2240593,91.0,42727.0
1719245455.4261746,100.0,42727.0
1719245455.6522284,100.0,42727.0
1719245455.8726463,96.0,42727.0
1719245456.0718505,14.0,42727.0
1719245456.2977605,100.0,42727.0
1719245456.4669693,99.0,42727.0
1719245456.6638458,99.0,42727.0
1719245456.8287718,100.0,42727.0
1719245456.9930234,100.0,42727.0
1719245457.1514306,90.0,42727.0
1719245457.3171415,54.0,42727.0
1719245457.4636993,54.0,42727.0
1719245457.6159444,100.0,42727.0
1719245457.769617,99.0,42727.0
1719245457.948427,100.0,42727.0
1719245458.1499033,100.0,42727.0
1719245458.3406649,51.0,42727.0
1719245458.5353124,57.0,42727.0
1719245458.960523,99.0,42727.0
1719245459.1118057,100.0,42727.0
1719245459.2752333,100.0,42727.0
1719245459.4471343,49.0,42727.0
1719245459.6605408,49.0,42727.0
1719245459.832248,82.0,42727.0
1719245460.0148208,99.0,42727.0
1719245460.246383,99.0,42727.0
1719245460.4124286,100.0,42727.0
1719245460.6767113,23.0,42727.0
1719245460.931068,64.0,42727.0
1719245461.1297832,100.0,42727.0
1719245461.3180425,100.0,42727.0
1719245461.505983,100.0,42727.0
1719245461.6561284,100.0,42727.0
1719245461.808222,100.0,42727.0
1719245461.9563153,51.0,42727.0
1719245462.1022756,100.0,42727.0
1719245462.2756817,100.0,42727.0
1719245462.4255798,97.0,42727.0
1719245462.6022842,100.0,42727.0
1719245462.7894547,100.0,42727.0
1719245462.966114,94.0,42727.0
1719245463.1568441,25.0,42727.0
1719245463.3337708,100.0,42727.0
1719245463.5202377,99.0,42727.0
1719245463.7206078,99.0,42727.0
1719245463.9150803,100.0,42727.0
1719245464.07867,100.0,42727.0
1719245464.2470376,79.0,42727.0
1719245464.4230921,65.0,42727.0
1719245464.5990384,100.0,42727.0
1719245464.7805693,99.0,42727.0
1719245465.002671,100.0,42727.0
1719245465.1853356,100.0,42727.0
1719245465.4461412,38.0,42727.0
1719245465.672362,81.0,42727.0
1719245465.8506887,100.0,42727.0
1719245466.023888,99.0,42727.0
1719245466.2116308,100.0,42727.0
1719245466.3722768,100.0,42727.0
1719245466.52319,100.0,42727.0
1719245466.6717727,52.0,42727.0
1719245466.8170693,52.0,42727.0
1719245466.9630744,100.0,42727.0
1719245467.1132004,99.0,42727.0
1719245467.269716,100.0,42727.0
1719245467.4455462,100.0,42727.0
1719245467.6159947,75.0,42727.0
1719245467.7949758,56.0,42727.0
1719245467.9753203,56.0,42727.0
1719245468.164225,100.0,42727.0
1719245468.319842,100.0,42727.0
1719245468.5000455,100.0,42727.0
1719245468.6563728,100.0,42727.0
1719245468.8206806,49.0,42727.0
1719245468.992889,77.0,42727.0
1719245469.1770642,77.0,42727.0
1719245469.351869,100.0,42727.0
1719245469.5607874,99.0,42727.0
1719245469.7786074,100.0,42727.0
1719245470.1057174,83.0,42727.0
1719245470.3370957,100.0,42727.0
1719245470.5475898,100.0,42727.0
1719245470.7237973,99.0,42727.0
1719245470.9134412,100.0,42727.0
1719245471.093593,100.0,42727.0
1719245471.2545931,44.0,42727.0
1719245471.404305,44.0,42727.0
1719245471.5507286,100.0,42727.0
1719245471.6925416,99.0,42727.0
1719245471.8423483,99.0,42727.0
1719245471.9904401,100.0,42727.0
1719245472.1694372,100.0,42727.0
1719245472.3791773,49.0,42727.0
1719245472.5591438,49.0,42727.0
1719245472.7508526,99.0,42727.0
1719245472.9604564,99.0,42727.0
1719245473.1209886,100.0,42727.0
1719245473.3254974,100.0,42727.0
1719245473.4795756,56.0,42727.0
1719245473.9081357,100.0,42727.0
1719245474.0892985,99.0,42727.0
1719245474.2512503,100.0,42727.0
1719245474.4644122,100.0,42727.0
1719245474.676606,40.0,42727.0
1719245474.887435,100.0,42727.0
1719245475.0585399,99.0,42727.0
1719245475.2871351,100.0,42727.0
1719245475.4554853,100.0,42727.0
1719245475.649715,86.0,42727.0
1719245475.8243463,43.0,42727.0
1719245475.9735956,43.0,42727.0
1719245476.1261766,100.0,42727.0
1719245476.2747133,94.0,42727.0
1719245476.4206946,94.0,42727.0
1719245476.5973487,100.0,42727.0
1719245476.7470384,100.0,42727.0
1719245476.9439023,67.0,42727.0
1719245477.1408832,66.0,42727.0
1719245477.3162537,100.0,42727.0
1719245477.4841895,100.0,42727.0
1719245477.661342,100.0,42727.0
1719245477.878161,100.0,42727.0
1719245478.0756605,41.0,42727.0
1719245478.2326663,41.0,42727.0
1719245478.4372063,99.0,42727.0
1719245478.6196613,100.0,42727.0
1719245478.7996035,100.0,42727.0
1719245478.9584563,100.0,42727.0
1719245479.1379943,100.0,42727.0
1719245479.3949404,3.0,42727.0
1719245479.5654278,100.0,42727.0
1719245479.783996,99.0,42727.0
1719245480.0032182,99.0,42727.0
1719245480.1859412,100.0,42727.0
1719245480.3495045,100.0,42727.0
1719245480.5391798,20.0,42727.0
1719245480.7116964,98.0,42727.0
1719245480.8617182,98.0,42727.0
1719245481.0174215,99.0,42727.0
1719245481.167954,100.0,42727.0
1719245481.3121378,100.0,42727.0
1719245481.4994824,100.0,42727.0
1719245481.6485963,43.0,42727.0
1719245481.8460562,100.0,42727.0
1719245482.029574,98.0,42727.0
1719245482.203548,98.0,42727.0
1719245482.3841584,100.0,42727.0
1719245482.5797741,100.0,42727.0
1719245482.7487073,67.0,42727.0
1719245482.951242,62.0,42727.0
1719245483.1043706,100.0,42727.0
1719245483.266026,99.0,42727.0
1719245483.453803,100.0,42727.0
1719245483.6519685,100.0,42727.0
1719245483.8395176,43.0,42727.0
1719245484.0848167,63.0,42727.0
1719245484.3053606,100.0,42727.0
1719245484.5143876,99.0,42727.0
1719245484.70389,100.0,42727.0
1719245484.9046423,100.0,42727.0
1719245485.1007626,100.0,42727.0
1719245485.2822766,100.0,42727.0
1719245485.4823184,99.0,42727.0
1719245485.633614,99.0,42727.0
1719245485.7832143,100.0,42727.0
1719245485.931062,100.0,42727.0
1719245486.0760312,100.0,42727.0
1719245486.2267296,95.0,42727.0
1719245486.3872993,51.0,42727.0
1719245486.5685172,100.0,42727.0
1719245486.742607,98.0,42727.0
1719245486.929298,100.0,42727.0
1719245487.1095486,100.0,42727.0
1719245487.2994778,100.0,42727.0
1719245487.4959385,55.0,42727.0
1719245487.6999254,100.0,42727.0
1719245487.8680263,100.0,42727.0
1719245488.0290143,99.0,42727.0
1719245488.2169497,100.0,42727.0
1719245488.393195,100.0,42727.0
1719245488.5710924,27.0,42727.0
1719245488.8155851,94.0,42727.0
1719245489.0454295,100.0,42727.0
1719245489.2752962,100.0,42727.0
1719245489.449422,100.0,42727.0
1719245489.6687436,100.0,42727.0
1719245489.9192314,13.0,42727.0
1719245490.1267023,99.0,42727.0
1719245490.2933302,99.0,42727.0
1719245490.444542,100.0,42727.0
1719245490.5942624,100.0,42727.0
1719245490.7428527,100.0,42727.0
1719245490.89319,100.0,42727.0
1719245491.042464,50.0,42727.0
1719245491.1907046,100.0,42727.0
1719245491.3695889,99.0,42727.0
1719245491.5446138,100.0,42727.0
1719245491.71304,100.0,42727.0
1719245491.8951468,100.0,42727.0
1719245492.1453261,58.0,42727.0
1719245492.3494897,100.0,42727.0
1719245492.5238934,99.0,42727.0
1719245492.6936004,99.0,42727.0
1719245492.8738086,100.0,42727.0
1719245493.056565,100.0,42727.0
1719245493.2323382,51.0,42727.0
1719245493.4214728,88.0,42727.0
1719245493.661143,99.0,42727.0
1719245493.8493085,100.0,42727.0
1719245494.1009526,100.0,42727.0
1719245494.3203607,17.0,42727.0
1719245494.5210943,17.0,42727.0
1719245494.7535362,96.0,42727.0
1719245494.9434996,100.0,42727.0
1719245495.0978358,100.0,42727.0
1719245495.2483945,100.0,42727.0
1719245495.3939962,100.0,42727.0
1719245495.545558,100.0,42727.0
1719245495.6948218,100.0,42727.0
1719245495.8966804,100.0,42727.0
1719245496.0674639,99.0,42727.0
1719245496.4523654,100.0,42727.0
1719245496.6369276,69.0,42727.0
1719245496.8078964,52.0,42727.0
1719245496.9830537,52.0,42727.0
1719245497.1655936,100.0,42727.0
1719245497.326197,99.0,42727.0
1719245497.4932966,100.0,42727.0
1719245497.6785443,100.0,42727.0
1719245497.8569205,52.0,42727.0
1719245498.1064982,99.0,42727.0
1719245498.3272965,100.0,42727.0
1719245498.555617,100.0,42727.0
1719245498.7226694,100.0,42727.0
1719245498.9424837,14.0,42727.0
1719245499.1371443,14.0,42727.0
1719245499.378572,100.0,42727.0
1719245499.5559866,99.0,42727.0
1719245499.7064307,100.0,42727.0
1719245499.864656,100.0,42727.0
1719245500.0122778,98.0,42727.0
1719245500.1568503,98.0,42727.0
1719245500.3089888,48.0,42727.0
1719245500.4600625,100.0,42727.0
1719245500.6106105,99.0,42727.0
1719245500.7906554,100.0,42727.0
1719245500.984374,100.0,42727.0
1719245501.14694,100.0,42727.0
1719245501.3247495,57.0,42727.0
1719245501.500463,63.0,42727.0
1719245501.6599064,100.0,42727.0
1719245501.8326018,95.0,42727.0
1719245501.9957142,95.0,42727.0
1719245502.2071307,100.0,42727.0
1719245502.427172,45.0,42727.0
1719245502.604318,45.0,42727.0
1719245502.7855203,100.0,42727.0
1719245503.0235047,100.0,42727.0
1719245503.2113504,100.0,42727.0
1719245503.4355059,100.0,42727.0
1719245503.6501691,30.0,42727.0
1719245503.8431704,76.0,42727.0
1719245504.0141327,100.0,42727.0
1719245504.1903358,100.0,42727.0
1719245504.358571,99.0,42727.0
1719245504.5087514,100.0,42727.0
1719245504.6566727,100.0,42727.0
1719245504.8006694,100.0,42727.0
1719245504.9449582,53.0,42727.0
1719245505.0958028,100.0,42727.0
1719245505.2484245,99.0,42727.0
1719245505.4581983,100.0,42727.0
1719245505.63623,100.0,42727.0
1719245505.8065383,80.0,42727.0
1719245505.9813693,43.0,42727.0
1719245506.1771364,43.0,42727.0
1719245506.3587103,100.0,42727.0
1719245506.5419395,99.0,42727.0
1719245506.7050564,100.0,42727.0
1719245506.8773224,100.0,42727.0
1719245507.2218502,61.0,42727.0
1719245507.4004571,74.0,42727.0
1719245507.5624363,99.0,42727.0
1719245507.796699,100.0,42727.0
1719245508.012035,100.0,42727.0
1719245508.2341511,36.0,42727.0
1719245508.4317062,100.0,42727.0
1719245508.626936,100.0,42727.0
1719245508.807304,93.0,42727.0
1719245508.9820008,100.0,42727.0
1719245509.153852,100.0,42727.0
1719245509.3084738,100.0,42727.0
1719245509.4863899,100.0,42727.0
1719245509.6401951,46.0,42727.0
1719245509.840076,100.0,42727.0
1719245509.990942,99.0,42727.0
1719245510.1984522,100.0,42727.0
1719245510.3890798,100.0,42727.0
1719245510.5632405,63.0,42727.0
1719245510.757532,74.0,42727.0
1719245510.9310029,100.0,42727.0
1719245511.0870585,100.0,42727.0
1719245511.2720366,99.0,42727.0
1719245511.4337587,100.0,42727.0
1719245511.6122127,100.0,42727.0
1719245511.7998827,32.0,42727.0
1719245511.9798636,100.0,42727.0
1719245512.143453,99.0,42727.0
1719245512.3381083,100.0,42727.0
1719245512.5755808,100.0,42727.0
1719245512.7599723,100.0,42727.0
1719245512.9914043,100.0,42727.0
1719245513.323652,99.0,42727.0
1719245513.5149996,99.0,42727.0
1719245513.6914456,100.0,42727.0
1719245514.0446513,96.0,42727.0
1719245514.1975267,55.0,42727.0
1719245514.3440447,55.0,42727.0
1719245514.4888344,99.0,42727.0
1719245514.6429315,99.0,42727.0
1719245514.7933512,100.0,42727.0
1719245514.9608035,100.0,42727.0
1719245515.1472964,51.0,42727.0
1719245515.3381078,85.0,42727.0
1719245515.5270665,100.0,42727.0
1719245515.7148244,100.0,42727.0
1719245515.876118,100.0,42727.0
1719245516.0450087,100.0,42727.0
1719245516.198608,100.0,42727.0
1719245516.3712988,33.0,42727.0
1719245516.5456269,100.0,42727.0
1719245516.738272,99.0,42727.0
1719245516.9184053,100.0,42727.0
1719245517.0875206,100.0,42727.0
1719245517.3160245,91.0,42727.0
1719245517.4937444,91.0,42727.0
1719245517.7205503,100.0,42727.0
1719245517.8995874,100.0,42727.0
1719245518.099718,100.0,42727.0
1719245518.2946398,100.0,42727.0
1719245518.4822984,100.0,42727.0
1719245518.6532395,91.0,42727.0
1719245518.8084536,60.0,42727.0
1719245518.9604907,100.0,42727.0
1719245519.1095064,100.0,42727.0
1719245519.2511666,99.0,42727.0
1719245519.4017854,100.0,42727.0
1719245519.5504007,100.0,42727.0
1719245519.7226386,100.0,42727.0
1719245519.9142363,45.0,42727.0
1719245520.1196651,100.0,42727.0
1719245520.2928178,99.0,42727.0
1719245520.4669144,99.0,42727.0
1719245520.6384153,100.0,42727.0
1719245520.813284,100.0,42727.0
1719245520.9690433,41.0,42727.0
1719245521.157218,100.0,42727.0
1719245521.3581188,99.0,42727.0
1719245521.5520453,100.0,42727.0
1719245521.718104,100.0,42727.0
1719245521.9250343,88.0,42727.0
1719245522.148702,88.0,42727.0
1719245522.338625,30.0,42727.0
1719245522.5537183,99.0,42727.0
1719245522.7710807,100.0,42727.0
1719245522.9669378,100.0,42727.0
1719245523.1545548,74.0,42727.0
1719245523.3471606,60.0,42727.0
1719245523.5145617,60.0,42727.0
1719245523.6690779,100.0,42727.0
1719245523.81878,99.0,42727.0
1719245523.969166,100.0,42727.0
1719245524.1323237,100.0,42727.0
1719245524.292408,100.0,42727.0
1719245524.4908178,44.0,42727.0
1719245524.6794705,82.0,42727.0
1719245524.8729243,100.0,42727.0
1719245525.0505319,99.0,42727.0
1719245525.2449641,100.0,42727.0
1719245525.4110615,100.0,42727.0
1719245525.5821085,100.0,42727.0
1719245525.770828,43.0,42727.0
1719245525.97777,99.0,42727.0
1719245526.1623857,100.0,42727.0
1719245526.3261745,100.0,42727.0
1719245526.487476,83.0,42727.0
1719245526.746848,1.0,42727.0
1719245527.0143108,97.0,42727.0
1719245527.2252867,99.0,42727.0
1719245527.442882,100.0,42727.0
1719245527.631313,100.0,42727.0
1719245527.814785,100.0,42727.0
1719245527.9843404,30.0,42727.0
1719245528.148916,30.0,42727.0
1719245528.2985685,100.0,42727.0
1719245528.4487462,100.0,42727.0
1719245528.5934918,99.0,42727.0
1719245528.7342203,100.0,42727.0
1719245528.8845906,100.0,42727.0
1719245529.0396218,80.0,42727.0
1719245529.2271774,58.0,42727.0
1719245529.4050167,100.0,42727.0
1719245529.5697258,99.0,42727.0
1719245529.767313,100.0,42727.0
1719245529.9517753,100.0,42727.0
1719245530.1232948,100.0,42727.0
1719245530.295716,46.0,42727.0
1719245530.452881,46.0,42727.0
1719245530.6226306,84.0,42727.0
1719245530.7949271,96.0,42727.0
1719245530.979316,100.0,42727.0
1719245531.1750996,100.0,42727.0
1719245531.346817,100.0,42727.0
1719245531.615411,27.0,42727.0
1719245531.8265047,99.0,42727.0
1719245532.0613492,100.0,42727.0
1719245532.2762413,100.0,42727.0
1719245532.467923,100.0,42727.0
1719245532.6575472,30.0,42727.0
1719245532.8300502,100.0,42727.0
1719245532.9920094,100.0,42727.0
1719245533.1474726,99.0,42727.0
1719245533.2998693,100.0,42727.0
1719245533.4460006,100.0,42727.0
1719245533.6019971,100.0,42727.0
1719245533.7546258,74.0,42727.0
1719245534.009298,62.0,42727.0
1719245534.2336977,99.0,42727.0
1719245534.4372602,100.0,42727.0
1719245534.6058443,100.0,42727.0
1719245534.7647316,100.0,42727.0
1719245534.9872086,41.0,42727.0
1719245535.233288,80.0,42727.0
1719245535.4451187,99.0,42727.0
1719245535.6479483,100.0,42727.0
1719245535.837312,100.0,42727.0
1719245536.0425053,22.0,42727.0
1719245536.2779024,22.0,42727.0
1719245536.4641562,100.0,42727.0
1719245536.6819444,91.0,42727.0
1719245536.935571,100.0,42727.0
1719245537.13919,100.0,42727.0
1719245537.3337433,28.0,42727.0
1719245537.6385758,96.0,42727.0
1719245537.7880912,99.0,42727.0
1719245537.9740384,100.0,42727.0
1719245538.117499,100.0,42727.0
1719245538.266014,100.0,42727.0
1719245538.4200754,100.0,42727.0
1719245538.6153002,50.0,42727.0
1719245538.8785198,100.0,42727.0
1719245539.0574582,100.0,42727.0
1719245539.2397835,100.0,42727.0
1719245539.4408455,62.0,42727.0
1719245539.6634297,62.0,42727.0
1719245539.818971,58.0,42727.0
1719245539.9800894,100.0,42727.0
1719245540.174327,98.0,42727.0
1719245540.345447,100.0,42727.0
1719245540.5243046,100.0,42727.0
1719245540.756953,47.0,42727.0
1719245541.0134094,47.0,42727.0
1719245541.2379706,100.0,42727.0
1719245541.413246,99.0,42727.0
1719245541.7834682,100.0,42727.0
1719245541.9731946,58.0,42727.0
1719245542.1599412,80.0,42727.0
1719245542.308518,100.0,42727.0
1719245542.4655137,100.0,42727.0
1719245542.6159306,99.0,42727.0
1719245542.7616487,100.0,42727.0
1719245542.913515,100.0,42727.0
1719245543.068438,100.0,42727.0
1719245543.3000839,25.0,42727.0
1719245543.5162761,95.0,42727.0
1719245543.6970086,100.0,42727.0
1719245543.8740385,100.0,42727.0
1719245544.0732458,100.0,42727.0
1719245544.2619703,100.0,42727.0
1719245544.4261117,23.0,42727.0
1719245544.5899343,100.0,42727.0
1719245544.795965,99.0,42727.0
1719245544.9800828,100.0,42727.0
1719245545.150587,100.0,42727.0
1719245545.3419297,92.0,42727.0
1719245545.5906298,99.0,42727.0
1719245546.0444224,100.0,42727.0
1719245546.2737904,100.0,42727.0
1719245546.458656,100.0,42727.0
1719245546.6543252,100.0,42727.0
1719245546.8506334,27.0,42727.0
1719245546.9985106,100.0,42727.0
1719245547.1476016,100.0,42727.0
1719245547.3003464,99.0,42727.0
1719245547.449522,100.0,42727.0
1719245547.6121306,100.0,42727.0
1719245547.7749813,82.0,42727.0
1719245547.9520898,44.0,42727.0
1719245548.134566,44.0,42727.0
1719245548.4993055,99.0,42727.0
1719245548.6945302,100.0,42727.0
1719245548.8590322,100.0,42727.0
1719245549.0390007,61.0,42727.0
1719245549.1913323,61.0,42727.0
1719245549.352318,78.0,42727.0
1719245549.5480504,99.0,42727.0
1719245549.7348323,100.0,42727.0
1719245549.9098275,100.0,42727.0
1719245550.1622841,26.0,42727.0
1719245550.419855,60.0,42727.0
1719245550.6515996,100.0,42727.0
1719245550.8252316,99.0,42727.0
1719245551.0384972,100.0,42727.0
1719245551.1944106,100.0,42727.0
1719245551.391685,44.0,42727.0
1719245551.56367,84.0,42727.0
1719245551.7328827,84.0,42727.0
1719245551.8814847,100.0,42727.0
1719245552.028995,100.0,42727.0
1719245552.1707237,99.0,42727.0
1719245552.3188426,100.0,42727.0
1719245552.470905,100.0,42727.0
1719245552.66329,25.0,42727.0
1719245552.8607006,100.0,42727.0
1719245553.0628767,99.0,42727.0
1719245553.2400284,100.0,42727.0
1719245553.4164743,100.0,42727.0
1719245553.5756102,99.0,42727.0
1719245553.7477436,99.0,42727.0
1719245553.9055338,47.0,42727.0
1719245554.0729282,100.0,42727.0
1719245554.2495935,97.0,42727.0
1719245554.4377604,100.0,42727.0
1719245554.6238165,100.0,42727.0
1719245554.819575,60.0,42727.0
1719245555.076224,45.0,42727.0
1719245555.3125818,100.0,42727.0
1719245555.517755,99.0,42727.0
1719245555.7157006,100.0,42727.0
1719245555.887763,100.0,42727.0
1719245556.0765963,59.0,42727.0
1719245556.251057,63.0,42727.0
1719245556.4147277,100.0,42727.0
1719245556.5821662,100.0,42727.0
1719245556.7332368,99.0,42727.0
1719245556.8825374,100.0,42727.0
1719245557.026132,100.0,42727.0
1719245557.1822758,100.0,42727.0
1719245557.4034765,41.0,42727.0
1719245557.609372,94.0,42727.0
1719245557.7962835,93.0,42727.0
1719245557.9849017,100.0,42727.0
1719245558.1754694,100.0,42727.0
1719245558.3788028,100.0,42727.0
1719245558.5361116,50.0,42727.0
1719245558.6985426,100.0,42727.0
1719245558.8613904,99.0,42727.0
1719245559.0565088,100.0,42727.0
1719245559.2471375,100.0,42727.0
1719245559.4229665,100.0,42727.0
1719245559.6429014,69.0,42727.0
1719245559.8828933,100.0,42727.0
1719245560.043162,93.0,42727.0
1719245560.255902,100.0,42727.0
1719245560.4402986,100.0,42727.0
1719245560.6533704,100.0,42727.0
1719245560.847012,41.0,42727.0
1719245561.0445204,79.0,42727.0
1719245561.2238178,100.0,42727.0
1719245561.3752842,99.0,42727.0
1719245561.5236633,100.0,42727.0
1719245561.667956,100.0,42727.0
1719245561.8222811,100.0,42727.0
1719245561.9798648,31.0,42727.0
1719245562.164024,100.0,42727.0
1719245562.3508215,98.0,42727.0
1719245562.5364797,100.0,42727.0
1719245562.7175705,100.0,42727.0
1719245562.884824,98.0,42727.0
1719245563.049464,98.0,42727.0
1719245563.3855526,100.0,42727.0
1719245563.547622,99.0,42727.0
1719245563.73847,100.0,42727.0
1719245563.922871,100.0,42727.0
1719245564.1124377,65.0,42727.0
1719245564.2884603,74.0,42727.0
1719245564.5076816,100.0,42727.0
1719245564.6984277,91.0,42727.0
1719245564.9291306,100.0,42727.0
1719245565.1037638,100.0,42727.0
1719245565.3154154,38.0,42727.0
1719245565.4715896,38.0,42727.0
1719245565.6727302,82.0,42727.0
1719245565.8688197,98.0,42727.0
1719245566.0268304,98.0,42727.0
1719245566.1852915,100.0,42727.0
1719245566.3343103,100.0,42727.0
1719245566.477811,55.0,42727.0
1719245566.6374366,55.0,42727.0
1719245566.798562,100.0,42727.0
1719245567.0223322,91.0,42727.0
1719245567.2014463,100.0,42727.0
1719245567.402966,100.0,42727.0
1719245567.5831335,81.0,42727.0
1719245567.7800643,53.0,42727.0
1719245567.9454591,100.0,42727.0
1719245568.146024,99.0,42727.0
1719245568.3062408,100.0,42727.0
1719245568.4680204,100.0,42727.0
1719245568.6650746,100.0,42727.0
1719245568.8903582,66.0,42727.0
1719245569.0759642,100.0,42727.0
1719245569.3078408,99.0,42727.0
1719245569.537844,100.0,42727.0
1719245569.7750297,100.0,42727.0
1719245569.9594603,38.0,42727.0
1719245570.1895971,72.0,42727.0
1719245570.3619308,100.0,42727.0
1719245570.5519621,99.0,42727.0
1719245570.7144666,100.0,42727.0
1719245570.863433,100.0,42727.0
1719245571.0136259,100.0,42727.0
1719245571.1612718,100.0,42727.0
1719245571.3098266,39.0,42727.0
1719245571.4612718,100.0,42727.0
1719245571.6151772,99.0,42727.0
1719245571.809989,100.0,42727.0
1719245572.0064285,100.0,42727.0
1719245572.187681,97.0,42727.0
1719245572.3620064,36.0,42727.0
1719245572.5662932,100.0,42727.0
1719245572.7529218,99.0,42727.0
1719245572.913498,99.0,42727.0
1719245573.082609,100.0,42727.0
1719245573.4991431,62.0,42727.0
1719245573.6818767,100.0,42727.0
1719245573.964104,99.0,42727.0
1719245574.189897,100.0,42727.0
1719245574.3950152,100.0,42727.0
1719245574.5590754,41.0,42727.0
1719245574.799414,41.0,42727.0
1719245574.9568417,67.0,42727.0
1719245575.1410997,99.0,42727.0
1719245575.3087492,99.0,42727.0
1719245575.4607518,100.0,42727.0
1719245575.6099198,100.0,42727.0
1719245575.757822,100.0,42727.0
1719245575.948322,46.0,42727.0
1719245576.1408722,100.0,42727.0
1719245576.2921891,99.0,42727.0
1719245576.45862,100.0,42727.0
1719245576.6447692,100.0,42727.0
1719245576.815607,97.0,42727.0
1719245577.0391128,29.0,42727.0
1719245577.209177,100.0,42727.0
1719245577.3918643,99.0,42727.0
1719245577.5693655,99.0,42727.0
1719245577.7291915,100.0,42727.0
1719245577.9083757,100.0,42727.0
1719245578.157413,59.0,42727.0
1719245578.3330638,100.0,42727.0
1719245578.5297892,99.0,42727.0
1719245578.7717092,100.0,42727.0
1719245578.9959714,100.0,42727.0
1719245579.218705,45.0,42727.0
1719245579.4476418,46.0,42727.0
1719245579.666402,100.0,42727.0
1719245580.0432343,96.0,42727.0
1719245580.2088056,100.0,42727.0
1719245580.361522,100.0,42727.0
1719245580.566993,60.0,42727.0
1719245580.7143228,86.0,42727.0
1719245580.864295,100.0,42727.0
1719245581.015166,99.0,42727.0
1719245581.2200277,100.0,42727.0
1719245581.400542,100.0,42727.0
1719245581.5754647,28.0,42727.0
1719245581.7574642,28.0,42727.0
1719245581.9462252,98.0,42727.0
1719245582.1460843,98.0,42727.0
1719245582.3358667,100.0,42727.0
1719245582.497649,100.0,42727.0
1719245582.6771429,95.0,42727.0
1719245582.8741403,16.0,42727.0
1719245583.0437617,100.0,42727.0
1719245583.2402706,99.0,42727.0
1719245583.4259367,100.0,42727.0
1719245583.6533666,100.0,42727.0
1719245583.8433037,89.0,42727.0
1719245584.0728037,20.0,42727.0
1719245584.292619,100.0,42727.0
1719245584.4656284,99.0,42727.0
1719245584.6342945,100.0,42727.0
1719245584.8120916,100.0,42727.0
1719245584.9757729,100.0,42727.0
1719245585.1272082,85.0,42727.0
1719245585.3017151,66.0,42727.0
1719245585.4541638,100.0,42727.0
1719245585.5990555,100.0,42727.0
1719245585.7551372,99.0,42727.0
1719245585.903493,100.0,42727.0
1719245586.0692146,100.0,42727.0
1719245586.2437274,100.0,42727.0
1719245586.431319,90.0,42727.0
1719245586.6256173,95.0,42727.0
1719245586.8343794,95.0,42727.0
1719245586.9996064,100.0,42727.0
1719245587.17669,100.0,42727.0
1719245587.342202,100.0,42727.0
1719245587.543839,21.0,42727.0
1719245587.7085536,100.0,42727.0
1719245587.891998,99.0,42727.0
1719245588.0538914,100.0,42727.0
1719245588.3026617,100.0,42727.0
1719245588.537354,2.0,42727.0
1719245588.8140397,100.0,42727.0
1719245589.057429,100.0,42727.0
1719245589.2220063,99.0,42727.0
1719245589.403687,100.0,42727.0
1719245589.5805326,100.0,42727.0
1719245589.7448416,100.0,42727.0
1719245589.9160707,43.0,42727.0
1719245590.066238,43.0,42727.0
1719245590.213071,100.0,42727.0
1719245590.3648443,99.0,42727.0
1719245590.5150633,100.0,42727.0
1719245590.6941793,100.0,42727.0
1719245590.8729753,100.0,42727.0
1719245591.05185,65.0,42727.0
1719245591.2623744,100.0,42727.0
1719245591.4661906,99.0,42727.0
1719245591.6296725,99.0,42727.0
1719245591.7968686,100.0,42727.0
1719245591.9853523,100.0,42727.0
1719245592.1685126,39.0,42727.0
1719245592.361843,78.0,42727.0
1719245592.5374596,100.0,42727.0
1719245592.7286146,99.0,42727.0
1719245592.9672554,100.0,42727.0
1719245593.1457932,100.0,42727.0
1719245593.4072924,80.0,42727.0
1719245593.719851,80.0,42727.0
1719245593.8835762,99.0,42727.0
1719245594.0611093,100.0,42727.0
1719245594.256561,100.0,42727.0
1719245594.4069064,100.0,42727.0
1719245594.5613122,48.0,42727.0
1719245594.7125242,48.0,42727.0
1719245594.8557987,100.0,42727.0
1719245595.0082011,99.0,42727.0
1719245595.159147,100.0,42727.0
1719245595.3439765,100.0,42727.0
1719245595.5235732,81.0,42727.0
1719245595.7184138,56.0,42727.0
1719245595.8925483,56.0,42727.0
1719245596.1050742,100.0,42727.0
1719245596.266832,99.0,42727.0
1719245596.4320114,100.0,42727.0
1719245596.5959132,100.0,42727.0
1719245596.7556283,49.0,42727.0
1719245596.9324474,97.0,42727.0
1719245597.1381984,99.0,42727.0
1719245597.3046803,100.0,42727.0
1719245597.5288382,100.0,42727.0
1719245597.7669187,10.0,42727.0
1719245598.1639228,97.0,42727.0
1719245598.3997216,99.0,42727.0
1719245598.5791473,100.0,42727.0
1719245598.7750192,100.0,42727.0
1719245598.9493992,100.0,42727.0
1719245599.1014147,100.0,42727.0
1719245599.2524846,48.0,42727.0
1719245599.400702,100.0,42727.0
1719245599.5487611,99.0,42727.0
1719245599.700481,99.0,42727.0
1719245599.8503132,100.0,42727.0
1719245600.0370867,100.0,42727.0
1719245600.2265103,64.0,42727.0
1719245600.4013443,75.0,42727.0
1719245600.5845523,100.0,42727.0
1719245600.8036335,98.0,42727.0
1719245600.970036,100.0,42727.0
1719245601.1470008,100.0,42727.0
1719245601.30945,100.0,42727.0
1719245601.5252166,37.0,42727.0
1719245601.7436268,99.0,42727.0
1719245601.918178,100.0,42727.0
1719245602.0811908,100.0,42727.0
1719245602.3013525,98.0,42727.0
1719245602.531449,34.0,42727.0
1719245602.756754,34.0,42727.0
1719245602.9380963,99.0,42727.0
1719245603.1699288,100.0,42727.0
1719245603.3472853,100.0,42727.0
1719245603.5226626,100.0,42727.0
1719245603.7058709,70.0,42727.0
1719245603.8628726,66.0,42727.0
1719245604.0200636,100.0,42727.0
1719245604.1724322,99.0,42727.0
1719245604.3301547,99.0,42727.0
1719245604.4926007,100.0,42727.0
1719245604.6534688,100.0,42727.0
1719245604.8365855,38.0,42727.0
1719245605.0162907,96.0,42727.0
1719245605.1788492,96.0,42727.0
1719245605.3603468,99.0,42727.0
1719245605.5560255,100.0,42727.0
1719245605.7148278,100.0,42727.0
1719245605.881809,100.0,42727.0
1719245606.0688343,37.0,42727.0
1719245606.250419,100.0,42727.0
1719245606.4320774,99.0,42727.0
1719245606.6201427,100.0,42727.0
1719245606.780218,100.0,42727.0
1719245607.0201225,75.0,42727.0
1719245607.233221,44.0,42727.0
1719245607.4582264,100.0,42727.0
1719245607.6383877,99.0,42727.0
1719245608.0433044,100.0,42727.0
1719245608.2214253,60.0,42727.0
1719245608.406624,62.0,42727.0
1719245608.5574353,62.0,42727.0
1719245608.7070575,100.0,42727.0
1719245608.8524232,99.0,42727.0
1719245609.0029752,99.0,42727.0
1719245609.1535091,100.0,42727.0
1719245609.3365855,100.0,42727.0
1719245609.519445,42.0,42727.0
1719245609.6876595,94.0,42727.0
1719245609.8881226,99.0,42727.0
1719245610.0719237,100.0,42727.0
1719245610.243087,100.0,42727.0
1719245610.4196548,100.0,42727.0
1719245610.5751407,100.0,42727.0
1719245610.7438886,41.0,42727.0
1719245610.9119148,100.0,42727.0
1719245611.0873115,98.0,42727.0
1719245611.265108,100.0,42727.0
1719245611.4298422,100.0,42727.0
1719245611.6789026,74.0,42727.0
1719245611.866134,37.0,42727.0
1719245612.0892022,100.0,42727.0
1719245612.2819219,99.0,42727.0
1719245612.5048206,100.0,42727.0
1719245612.6772716,100.0,42727.0
1719245612.8529365,67.0,42727.0
1719245613.021025,58.0,42727.0
1719245613.1831527,58.0,42727.0
1719245613.3345249,100.0,42727.0
1719245613.4832664,99.0,42727.0
1719245613.6334057,99.0,42727.0
1719245613.7850454,100.0,42727.0
1719245613.9487016,100.0,42727.0
1719245614.132114,46.0,42727.0
1719245614.3013625,84.0,42727.0
1719245614.4769638,100.0,42727.0
1719245614.6586514,99.0,42727.0
1719245614.859709,100.0,42727.0
1719245615.0274572,100.0,42727.0
1719245615.2183692,48.0,42727.0
1719245615.425789,48.0,42727.0
1719245615.6454134,99.0,42727.0
1719245615.828314,100.0,42727.0
1719245616.021186,100.0,42727.0
1719245616.2160194,77.0,42727.0
1719245616.473099,44.0,42727.0
1719245616.6540687,44.0,42727.0
1719245616.8657467,99.0,42727.0
1719245617.0734448,100.0,42727.0
1719245617.2362971,100.0,42727.0
1719245617.401991,100.0,42727.0
1719245617.6127992,60.0,42727.0
1719245617.783647,69.0,42727.0
1719245617.9353528,100.0,42727.0
1719245618.0861957,99.0,42727.0
1719245618.2317054,99.0,42727.0
1719245618.3817716,100.0,42727.0
1719245618.5325453,100.0,42727.0
1719245618.7115097,47.0,42727.0
1719245618.9002364,100.0,42727.0
1719245619.0953155,100.0,42727.0
1719245619.2757118,99.0,42727.0
1719245619.4874856,100.0,42727.0
1719245619.6476126,100.0,42727.0
1719245619.8173563,91.0,42727.0
1719245619.9870243,29.0,42727.0
1719245620.147916,100.0,42727.0
1719245620.3237898,99.0,42727.0
1719245620.5171742,100.0,42727.0
1719245620.6970663,100.0,42727.0
1719245620.9321203,75.0,42727.0
1719245621.226746,27.0,42727.0
1719245621.5242712,99.0,42727.0
1719245621.7391164,100.0,42727.0
1719245621.9336476,100.0,42727.0
1719245622.1037657,76.0,42727.0
1719245622.2799275,76.0,42727.0
1719245622.5070286,59.0,42727.0
1719245622.6589172,100.0,42727.0
1719245622.8161798,99.0,42727.0
1719245622.9584386,100.0,42727.0
1719245623.1095705,100.0,42727.0
1719245623.3104944,45.0,42727.0
1719245623.5131323,81.0,42727.0
1719245623.7170138,100.0,42727.0
1719245623.8840113,100.0,42727.0
1719245624.0749345,99.0,42727.0
1719245624.3245986,100.0,42727.0
1719245624.4943726,100.0,42727.0
1719245624.7173796,100.0,42727.0
1719245624.9007533,100.0,42727.0
1719245625.08945,87.0,42727.0
1719245625.270361,100.0,42727.0
1719245625.4368045,100.0,42727.0
1719245625.601214,100.0,42727.0
1719245625.8511589,17.0,42727.0
1719245626.0309753,100.0,42727.0
1719245626.2653878,100.0,42727.0
1719245626.5029552,100.0,42727.0
1719245626.6994576,100.0,42727.0
1719245626.8736413,89.0,42727.0
1719245627.0497417,46.0,42727.0
1719245627.2091086,100.0,42727.0
1719245627.3633704,100.0,42727.0
1719245627.5124018,99.0,42727.0
1719245627.6635501,100.0,42727.0
1719245627.825002,100.0,42727.0
1719245627.9923005,58.0,42727.0
1719245628.1881275,57.0,42727.0
1719245628.386133,100.0,42727.0
1719245628.5714896,99.0,42727.0
1719245628.7513013,100.0,42727.0
1719245628.9697409,100.0,42727.0
1719245629.1761377,49.0,42727.0
1719245629.3475783,49.0,42727.0
1719245629.5251124,92.0,42727.0
1719245629.7012413,99.0,42727.0
1719245629.885532,100.0,42727.0
1719245630.066969,100.0,42727.0
1719245630.2676709,100.0,42727.0
1719245630.561252,83.0,42727.0
1719245630.802723,100.0,42727.0
1719245630.991616,99.0,42727.0
1719245631.2144487,100.0,42727.0
1719245631.387219,100.0,42727.0
1719245631.5949392,25.0,42727.0
1719245631.779862,100.0,42727.0
1719245631.9438305,100.0,42727.0
1719245632.0974545,99.0,42727.0
1719245632.2481577,100.0,42727.0
1719245632.3914244,100.0,42727.0
1719245632.5430827,100.0,42727.0
1719245632.693612,100.0,42727.0
1719245632.8935246,40.0,42727.0
1719245633.0703697,100.0,42727.0
1719245633.254673,98.0,42727.0
1719245633.42677,100.0,42727.0
1719245633.6057394,100.0,42727.0
1719245633.7854302,100.0,42727.0
1719245633.9981797,64.0,42727.0
1719245634.1826756,100.0,42727.0
1719245634.3849423,99.0,42727.0
1719245634.5565245,100.0,42727.0
1719245634.7417083,100.0,42727.0
1719245634.912128,100.0,42727.0
1719245635.1143816,39.0,42727.0
1719245635.4315157,100.0,42727.0
1719245635.677308,93.0,42727.0
1719245635.8415954,100.0,42727.0
1719245636.0652413,100.0,42727.0
1719245636.2299883,46.0,42727.0
1719245636.4213977,100.0,42727.0
1719245636.6138844,100.0,42727.0
1719245636.7665944,99.0,42727.0
1719245636.9165404,100.0,42727.0
1719245637.0670063,100.0,42727.0
1719245637.2154138,100.0,42727.0
1719245637.3707547,89.0,42727.0
1719245637.5516133,59.0,42727.0
1719245637.73287,100.0,42727.0
1719245637.9053552,99.0,42727.0
1719245638.0824618,100.0,42727.0
1719245638.2612565,100.0,42727.0
1719245638.4596956,47.0,42727.0
1719245638.6532025,98.0,42727.0
1719245638.8158102,90.0,42727.0
1719245638.985848,100.0,42727.0
1719245639.1761541,100.0,42727.0
1719245639.3632329,100.0,42727.0
1719245639.5301254,15.0,42727.0
1719245639.8123045,92.0,42727.0
1719245640.0303288,93.0,42727.0
1719245640.2701855,94.0,42727.0
1719245640.4491742,100.0,42727.0
1719245640.66709,100.0,42727.0
1719245640.8301442,100.0,42727.0
1719245641.0206275,50.0,42727.0
1719245641.1890366,100.0,42727.0
1719245641.3411398,99.0,42727.0
1719245641.4938283,100.0,42727.0
1719245641.6443887,100.0,42727.0
1719245641.7926133,100.0,42727.0
1719245641.945586,79.0,42727.0
1719245642.0946088,73.0,42727.0
1719245642.2931142,100.0,42727.0
1719245642.4775462,100.0,42727.0
1719245642.649832,91.0,42727.0
1719245642.847083,100.0,42727.0
1719245643.0418887,39.0,42727.0
1719245643.2103188,39.0,42727.0
1719245643.4114335,93.0,42727.0
1719245643.5785778,99.0,42727.0
1719245643.7377238,100.0,42727.0
1719245643.917537,100.0,42727.0
1719245644.0933878,100.0,42727.0
1719245644.2716925,42.0,42727.0
1719245644.49499,100.0,42727.0
1719245644.7431831,99.0,42727.0
1719245644.9625523,100.0,42727.0
1719245645.1473784,100.0,42727.0
1719245645.3878293,75.0,42727.0
1719245645.5488946,56.0,42727.0
1719245645.7563279,100.0,42727.0
1719245645.9379792,99.0,42727.0
1719245646.0894995,100.0,42727.0
1719245646.2393415,100.0,42727.0
1719245646.3886147,100.0,42727.0
1719245646.5337079,51.0,42727.0
1719245646.6840181,51.0,42727.0
1719245646.873799,100.0,42727.0
1719245647.0486715,100.0,42727.0
1719245647.2267706,100.0,42727.0
1719245647.4164295,100.0,42727.0
1719245647.609381,100.0,42727.0
1719245647.7813983,26.0,42727.0
1719245647.9434357,100.0,42727.0
1719245648.121118,99.0,42727.0
1719245648.27748,100.0,42727.0
1719245648.4654188,100.0,42727.0
1719245648.635516,100.0,42727.0
1719245648.8141022,80.0,42727.0
1719245648.9834173,55.0,42727.0
1719245649.1746354,100.0,42727.0
1719245649.421107,84.0,42727.0
1719245649.6055903,100.0,42727.0
1719245649.8496943,65.0,42727.0
1719245650.1194391,65.0,42727.0
1719245650.2976873,47.0,42727.0
1719245650.4966476,99.0,42727.0
1719245650.6665375,99.0,42727.0
1719245650.816967,100.0,42727.0
1719245650.9669354,100.0,42727.0
1719245651.1237671,58.0,42727.0
1719245651.273594,58.0,42727.0
1719245651.4225223,93.0,42727.0
1719245651.5729272,99.0,42727.0
1719245651.726391,99.0,42727.0
1719245651.8990865,100.0,42727.0
1719245652.0679712,100.0,42727.0
1719245652.2421758,100.0,42727.0
1719245652.4290357,26.0,42727.0
1719245652.6464314,100.0,42727.0
1719245652.8199112,99.0,42727.0
1719245652.9874823,100.0,42727.0
1719245653.167205,100.0,42727.0
1719245653.3549426,89.0,42727.0
1719245653.5715458,42.0,42727.0
1719245653.7466884,100.0,42727.0
1719245653.927761,99.0,42727.0
1719245654.1515024,100.0,42727.0
1719245654.3272777,100.0,42727.0
1719245654.5608838,64.0,42727.0
1719245654.7766082,58.0,42727.0
1719245654.9717922,100.0,42727.0
1719245655.1381643,100.0,42727.0
1719245655.3120208,99.0,42727.0
1719245655.4744384,100.0,42727.0
1719245655.6337698,100.0,42727.0
1719245655.7877939,100.0,42727.0
1719245655.935575,100.0,42727.0
1719245656.0954,100.0,42727.0
1719245656.2492304,99.0,42727.0
1719245656.4281247,100.0,42727.0
1719245656.6054213,100.0,42727.0
1719245656.7794473,96.0,42727.0
1719245656.966974,96.0,42727.0
1719245657.1423547,29.0,42727.0
1719245657.3407915,99.0,42727.0
1719245657.5079095,99.0,42727.0
1719245657.6776419,100.0,42727.0
1719245657.8559358,100.0,42727.0
1719245658.0403645,75.0,42727.0
1719245658.2283955,68.0,42727.0
1719245658.4112933,100.0,42727.0
1719245658.5766711,92.0,42727.0
1719245658.827577,100.0,42727.0
1719245659.0192904,100.0,42727.0
1719245659.23823,42.0,42727.0
1719245659.4269621,74.0,42727.0
1719245659.6331155,100.0,42727.0
1719245659.8009515,91.0,42727.0
1719245659.9893904,100.0,42727.0
1719245660.1692789,100.0,42727.0
1719245660.3187785,100.0,42727.0
1719245660.4740758,45.0,42727.0
1719245660.6229565,45.0,42727.0
1719245660.7678883,100.0,42727.0
1719245660.920783,99.0,42727.0
1719245661.0701852,100.0,42727.0
1719245661.256516,100.0,42727.0
1719245661.4258926,95.0,42727.0
1719245661.6083753,29.0,42727.0
1719245661.795438,29.0,42727.0
1719245661.9952676,100.0,42727.0
1719245662.1634288,99.0,42727.0
1719245662.3524864,100.0,42727.0
1719245662.525638,100.0,42727.0
1719245662.6979709,75.0,42727.0
1719245662.8737104,64.0,42727.0
1719245663.058437,100.0,42727.0
1719245663.2283216,91.0,42727.0
1719245663.465778,100.0,42727.0
1719245663.683305,100.0,42727.0
1719245663.8647487,47.0,42727.0
1719245664.0556417,81.0,42727.0
1719245664.2757642,100.0,42727.0
1719245664.4582136,99.0,42727.0
1719245664.6408708,100.0,42727.0
1719245664.8221717,100.0,42727.0
1719245664.974623,100.0,42727.0
1719245665.1329532,45.0,42727.0
1719245665.280513,100.0,42727.0
1719245665.4311185,100.0,42727.0
1719245665.5801268,99.0,42727.0
1719245665.7531993,100.0,42727.0
1719245665.9420962,100.0,42727.0
1719245666.122298,81.0,42727.0
1719245666.3138955,45.0,42727.0
1719245666.4937377,100.0,42727.0
1719245666.6745765,94.0,42727.0
1719245666.8699133,100.0,42727.0
1719245667.0273082,100.0,42727.0
1719245667.198179,100.0,42727.0
1719245667.39608,66.0,42727.0
1719245667.5781507,69.0,42727.0
1719245667.7489614,100.0,42727.0
1719245667.9187846,99.0,42727.0
1719245668.155296,100.0,42727.0
1719245668.3834796,100.0,42727.0
1719245668.641848,37.0,42727.0
1719245668.835769,100.0,42727.0
1719245669.0397637,99.0,42727.0
1719245669.2119176,100.0,42727.0
1719245669.3900023,100.0,42727.0
1719245669.5903327,100.0,42727.0
1719245669.7598116,42.0,42727.0
1719245669.9163175,100.0,42727.0
1719245670.0661905,100.0,42727.0
1719245670.216492,99.0,42727.0
1719245670.3778598,100.0,42727.0
1719245670.5391104,100.0,42727.0
1719245670.7024477,100.0,42727.0
1719245670.8982992,18.0,42727.0
1719245671.0764976,100.0,42727.0
1719245671.2627401,99.0,42727.0
1719245671.4379401,99.0,42727.0
1719245671.5911713,100.0,42727.0
1719245671.7776918,100.0,42727.0
1719245671.93724,89.0,42727.0
1719245672.1031473,43.0,42727.0
1719245672.2851093,43.0,42727.0
1719245672.4808438,99.0,42727.0
1719245672.6624436,99.0,42727.0
1719245672.85219,100.0,42727.0
1719245673.0892196,61.0,42727.0
1719245673.3285341,50.0,42727.0
1719245673.5465355,100.0,42727.0
1719245673.7892213,92.0,42727.0
1719245673.9513116,100.0,42727.0
1719245674.152773,100.0,42727.0
1719245674.325101,100.0,42727.0
1719245674.477187,79.0,42727.0
1719245674.6341252,79.0,42727.0
1719245674.7810156,100.0,42727.0
1719245674.9248915,99.0,42727.0
1719245675.0768888,100.0,42727.0
1719245675.2278204,100.0,42727.0
1719245675.446866,26.0,42727.0
1719245675.6556106,26.0,42727.0
1719245675.8874314,96.0,42727.0
1719245676.0764806,100.0,42727.0
1719245676.274115,100.0,42727.0
1719245676.4522853,100.0,42727.0
1719245676.6157875,100.0,42727.0
1719245676.8069549,27.0,42727.0
1719245676.976118,100.0,42727.0
1719245677.1526208,99.0,42727.0
1719245677.3384116,100.0,42727.0
1719245677.52703,100.0,42727.0
1719245677.77717,84.0,42727.0
1719245677.9769263,39.0,42727.0
1719245678.208871,100.0,42727.0
1719245678.459892,87.0,42727.0
1719245678.6627648,100.0,42727.0
1719245678.8600955,100.0,42727.0
1719245679.026321,78.0,42727.0
1719245679.178266,78.0,42727.0
1719245679.330131,66.0,42727.0
1719245679.4795804,100.0,42727.0
1719245679.6241055,99.0,42727.0
1719245679.7697423,100.0,42727.0
1719245679.920469,100.0,42727.0
1719245680.0702991,100.0,42727.0
1719245680.2814791,39.0,42727.0
1719245680.5183685,91.0,42727.0
1719245680.7035494,100.0,42727.0
1719245680.882251,100.0,42727.0
1719245681.0720494,100.0,42727.0
1719245681.2714665,100.0,42727.0
1719245681.4365923,40.0,42727.0
1719245681.6085095,100.0,42727.0
1719245681.850114,99.0,42727.0
1719245682.0282457,100.0,42727.0
1719245682.1910496,100.0,42727.0
1719245682.4312944,78.0,42727.0
1719245682.6758668,100.0,42727.0
1719245682.9270735,99.0,42727.0
1719245683.1035173,99.0,42727.0
1719245683.3421733,100.0,42727.0
1719245683.5089822,80.0,42727.0
1719245683.7542922,51.0,42727.0
1719245683.9123123,51.0,42727.0
1719245684.071653,100.0,42727.0
1719245684.21996,99.0,42727.0
1719245684.3649673,100.0,42727.0
1719245684.5142965,100.0,42727.0
1719245684.6658726,100.0,42727.0
1719245684.8440485,54.0,42727.0
1719245685.0402567,85.0,42727.0
1719245685.2122898,100.0,42727.0
1719245685.3945801,99.0,42727.0
1719245685.5618749,99.0,42727.0
1719245685.7234716,100.0,42727.0
1719245685.908721,100.0,42727.0
1719245686.0824082,35.0,42727.0
1719245686.248866,100.0,42727.0
1719245686.4356668,99.0,42727.0
1719245686.6272979,100.0,42727.0
1719245686.8020728,100.0,42727.0
1719245687.0158446,88.0,42727.0
1719245687.2829618,3.0,42727.0
1719245687.5893474,99.0,42727.0
1719245687.8054194,99.0,42727.0
1719245687.971137,100.0,42727.0
1719245688.1246402,100.0,42727.0
1719245688.3008647,100.0,42727.0
1719245688.4914312,28.0,42727.0
1719245688.641381,100.0,42727.0
1719245688.7931745,100.0,42727.0
1719245688.9450114,99.0,42727.0
1719245689.0883725,100.0,42727.0
1719245689.2300165,100.0,42727.0
1719245689.3832297,100.0,42727.0
1719245689.585108,77.0,42727.0
1719245689.7543342,68.0,42727.0
1719245689.9405525,100.0,42727.0
1719245690.1192083,99.0,42727.0
1719245690.3036387,100.0,42727.0
1719245690.4885678,100.0,42727.0
1719245690.6626883,40.0,42727.0
1719245690.834686,40.0,42727.0
1719245690.9994895,99.0,42727.0
1719245691.1740026,100.0,42727.0
1719245691.3436267,100.0,42727.0
1719245691.520059,100.0,42727.0
1719245691.695466,99.0,42727.0
1719245691.8658903,37.0,42727.0
1719245692.1031516,100.0,42727.0
1719245692.291903,95.0,42727.0
1719245692.5112095,100.0,42727.0
1719245692.6867294,100.0,42727.0
1719245692.9262962,72.0,42727.0
1719245693.0972083,67.0,42727.0
1719245693.2875063,100.0,42727.0
1719245693.498462,99.0,42727.0
1719245693.6487718,100.0,42727.0
1719245693.7978446,100.0,42727.0
1719245693.9439547,100.0,42727.0
1719245694.1139297,45.0,42727.0
1719245694.2623184,100.0,42727.0
1719245694.4492846,100.0,42727.0
1719245694.6261368,99.0,42727.0
1719245694.8181684,100.0,42727.0
1719245694.9975724,100.0,42727.0
1719245695.163727,34.0,42727.0
1719245695.4038622,34.0,42727.0
1719245695.600881,100.0,42727.0
1719245695.7588134,99.0,42727.0
1719245695.9280937,100.0,42727.0
1719245696.1179333,100.0,42727.0
1719245696.2980921,70.0,42727.0
1719245696.4951377,70.0,42727.0
1719245696.6568706,100.0,42727.0
1719245696.885139,99.0,42727.0
1719245697.1046784,100.0,42727.0
1719245697.3272107,100.0,42727.0
1719245697.5846846,52.0,42727.0
1719245697.7503037,65.0,42727.0
1719245697.9158382,100.0,42727.0
1719245698.100245,91.0,42727.0
1719245698.2598293,100.0,42727.0
1719245698.4129395,100.0,42727.0
1719245698.5633304,100.0,42727.0
1719245698.709751,52.0,42727.0
1719245698.859224,100.0,42727.0
1719245699.0285256,100.0,42727.0
1719245699.2041216,99.0,42727.0
1719245699.394538,100.0,42727.0
1719245699.5687406,100.0,42727.0
1719245699.751152,99.0,42727.0
1719245699.965549,29.0,42727.0
1719245700.132661,100.0,42727.0
1719245700.3156083,99.0,42727.0
1719245700.4782724,100.0,42727.0
1719245700.6601338,100.0,42727.0
1719245700.8386889,100.0,42727.0
1719245701.0755975,75.0,42727.0
1719245701.2661202,100.0,42727.0
1719245701.4846451,99.0,42727.0
1719245701.7061937,100.0,42727.0
1719245701.9440532,100.0,42727.0
1719245702.132991,38.0,42727.0
1719245702.3519452,96.0,42727.0
1719245702.5165071,99.0,42727.0
1719245702.7127073,100.0,42727.0
1719245702.8872437,100.0,42727.0
1719245703.0384943,100.0,42727.0
1719245703.2054257,100.0,42727.0
1719245703.3624356,46.0,42727.0
1719245703.5149179,100.0,42727.0
1719245703.6731184,100.0,42727.0
1719245703.8333194,99.0,42727.0
1719245704.0097656,100.0,42727.0
1719245704.1936283,100.0,42727.0
1719245704.3836298,65.0,42727.0
1719245704.5782738,61.0,42727.0
1719245704.776008,100.0,42727.0
1719245704.9439275,91.0,42727.0
1719245705.1214173,100.0,42727.0
1719245705.2829468,100.0,42727.0
1719245705.4479856,100.0,42727.0
1719245705.6489666,50.0,42727.0
1719245705.8383567,82.0,42727.0
1719245706.0033152,100.0,42727.0
1719245706.226076,99.0,42727.0
1719245706.4631374,100.0,42727.0
1719245706.704834,22.0,42727.0
1719245706.9435816,80.0,42727.0
1719245707.164653,100.0,42727.0
1719245707.338077,93.0,42727.0
1719245707.525183,93.0,42727.0
1719245707.6959188,100.0,42727.0
1719245707.847916,100.0,42727.0
1719245708.0144749,45.0,42727.0
1719245708.1651974,100.0,42727.0
1719245708.332471,99.0,42727.0
1719245708.4861872,99.0,42727.0
1719245708.6341827,100.0,42727.0
1719245708.8393204,100.0,42727.0
1719245709.014521,90.0,42727.0
1719245709.21391,34.0,42727.0
1719245709.3899384,100.0,42727.0
1719245709.5946128,99.0,42727.0
1719245709.7580051,100.0,42727.0
1719245709.9476287,100.0,42727.0
1719245710.1323683,100.0,42727.0
1719245710.3041403,72.0,42727.0
1719245710.4782665,60.0,42727.0
1719245710.647692,100.0,42727.0
1719245710.8170655,99.0,42727.0
1719245711.0497322,100.0,42727.0
1719245711.2654464,100.0,42727.0
1719245711.488082,46.0,42727.0
1719245711.6580787,64.0,42727.0
1719245711.8797963,100.0,42727.0
1719245712.0578058,99.0,42727.0
1719245712.2565353,100.0,42727.0
1719245712.431501,100.0,42727.0
1719245712.5893328,100.0,42727.0
1719245712.764024,51.0,42727.0
1719245712.9147687,100.0,42727.0
1719245713.0601704,99.0,42727.0
1719245713.2093773,100.0,42727.0
1719245713.369624,100.0,42727.0
1719245713.5667398,92.0,42727.0
1719245713.7813647,92.0,42727.0
1719245713.97955,100.0,42727.0
1719245714.1740596,99.0,42727.0
1719245714.3624566,99.0,42727.0
1719245714.5211835,100.0,42727.0
1719245714.701823,100.0,42727.0
1719245714.8710628,76.0,42727.0
1719245715.0378344,49.0,42727.0
1719245715.20941,49.0,42727.0
1719245715.4010706,100.0,42727.0
1719245715.5804682,99.0,42727.0
1719245715.8005323,100.0,42727.0
1719245716.0440319,56.0,42727.0
1719245716.2789705,51.0,42727.0
1719245716.4838586,100.0,42727.0
1719245716.6961908,95.0,42727.0
1719245716.8673017,100.0,42727.0
1719245717.0569582,100.0,42727.0
1719245717.2338736,100.0,42727.0
1719245717.405292,57.0,42727.0
1719245717.5542061,78.0,42727.0
1719245717.703466,100.0,42727.0
1719245717.8474429,99.0,42727.0
1719245717.9970167,100.0,42727.0
1719245718.1673026,100.0,42727.0
1719245718.3704238,100.0,42727.0
1719245718.5555356,25.0,42727.0
1719245718.7307653,93.0,42727.0
1719245718.9174356,99.0,42727.0
1719245719.1044154,100.0,42727.0
1719245719.2651393,100.0,42727.0
1719245719.4327974,100.0,42727.0
1719245719.5942614,45.0,42727.0
1719245719.7600753,45.0,42727.0
1719245719.9468913,100.0,42727.0
1719245720.1380317,94.0,42727.0
1719245720.3138585,100.0,42727.0
1719245720.490153,100.0,42727.0
1719245720.727693,76.0,42727.0
1719245720.9121344,43.0,42727.0
1719245721.1359146,100.0,42727.0
1719245721.3661618,94.0,42727.0
1719245721.5542197,100.0,42727.0
1719245721.7242885,100.0,42727.0
1719245721.8957324,100.0,42727.0
1719245722.0652318,62.0,42727.0
1719245722.2167015,62.0,42727.0
1719245722.3659875,100.0,42727.0
1719245722.509157,99.0,42727.0
1719245722.649361,100.0,42727.0
1719245722.7999368,100.0,42727.0
1719245722.9506516,100.0,42727.0
1719245723.1218798,42.0,42727.0
1719245723.3230183,52.0,42727.0
1719245723.4905534,100.0,42727.0
1719245723.67275,99.0,42727.0
1719245723.8431582,100.0,42727.0
1719245724.0233018,100.0,42727.0
1719245724.200637,100.0,42727.0
1719245724.3910196,53.0,42727.0
1719245724.5589528,89.0,42727.0
1719245724.7395127,99.0,42727.0
1719245724.9151204,100.0,42727.0
1719245725.0834684,100.0,42727.0
1719245725.2787373,100.0,42727.0
1719245725.55863,28.0,42727.0
1719245725.7888412,100.0,42727.0
1719245725.997368,100.0,42727.0
1719245726.2343297,100.0,42727.0
1719245726.393036,100.0,42727.0
1719245726.5880916,93.0,42727.0
1719245726.7640445,43.0,42727.0
1719245726.924334,100.0,42727.0
1719245727.0795336,100.0,42727.0
1719245727.2280166,99.0,42727.0
1719245727.3722787,100.0,42727.0
1719245727.521943,100.0,42727.0
1719245727.6891787,62.0,42727.0
1719245727.9238749,76.0,42727.0
1719245728.0961294,100.0,42727.0
1719245728.293304,98.0,42727.0
1719245728.4821515,98.0,42727.0
1719245728.7006595,100.0,42727.0
1719245728.8571804,100.0,42727.0
1719245729.0945058,95.0,42727.0
1719245729.2607214,99.0,42727.0
1719245729.463321,100.0,42727.0
1719245729.66585,100.0,42727.0
1719245729.837499,100.0,42727.0
1719245730.0349984,100.0,42727.0
1719245730.2999523,96.0,42727.0
1719245730.511736,99.0,42727.0
1719245730.7227354,100.0,42727.0
1719245730.9444883,100.0,42727.0
1719245731.130983,100.0,42727.0
1719245731.314808,27.0,42727.0
1719245731.488029,27.0,42727.0
1719245731.7045436,100.0,42727.0
1719245731.857378,99.0,42727.0
1719245732.005273,100.0,42727.0
1719245732.1493547,100.0,42727.0
1719245732.2990124,100.0,42727.0
1719245732.4875238,51.0,42727.0
1719245732.67806,51.0,42727.0
1719245732.8673155,100.0,42727.0
1719245733.050188,99.0,42727.0
1719245733.2309158,100.0,42727.0
1719245733.4032836,100.0,42727.0
1719245733.5702064,54.0,42727.0
1719245733.7408807,69.0,42727.0
1719245733.920279,69.0,42727.0
1719245734.1282752,100.0,42727.0
1719245734.3453367,99.0,42727.0
1719245734.5337844,100.0,42727.0
1719245734.7412217,35.0,42727.0
1719245734.9879375,71.0,42727.0
1719245735.205265,100.0,42727.0
1719245735.4052255,99.0,42727.0
1719245735.641976,100.0,42727.0
1719245735.816363,100.0,42727.0
1719245735.9945056,33.0,42727.0
1719245736.1652532,96.0,42727.0
1719245736.3155105,96.0,42727.0
1719245736.4655645,99.0,42727.0
1719245736.6141438,100.0,42727.0
1719245736.756685,100.0,42727.0
1719245736.8965633,100.0,42727.0
1719245737.052147,100.0,42727.0
1719245737.2173476,43.0,42727.0
1719245737.386132,100.0,42727.0
1719245737.5684028,100.0,42727.0
1719245737.744953,99.0,42727.0
1719245737.9155054,100.0,42727.0
1719245738.102841,100.0,42727.0
1719245738.256731,69.0,42727.0
1719245738.4385426,77.0,42727.0
1719245738.6044765,100.0,42727.0
1719245738.7783413,99.0,42727.0
1719245738.963434,100.0,42727.0
1719245739.1368535,100.0,42727.0
1719245739.3308618,28.0,42727.0
1719245739.568615,96.0,42727.0
1719245739.809999,99.0,42727.0
1719245740.023662,100.0,42727.0
1719245740.2053416,100.0,42727.0
1719245740.404368,100.0,42727.0
1719245740.6084692,100.0,42727.0
1719245740.8026137,100.0,42727.0
1719245740.9770691,99.0,42727.0
1719245741.1302114,99.0,42727.0
1719245741.2809777,100.0,42727.0
1719245741.4279962,100.0,42727.0
1719245741.57024,100.0,42727.0
1719245741.7230375,73.0,42727.0
1719245741.8710976,73.0,42727.0
1719245742.0832338,100.0,42727.0
1719245742.255646,99.0,42727.0
1719245742.43151,99.0,42727.0
1719245742.6209173,100.0,42727.0
1719245742.7965312,31.0,42727.0
1719245743.0055954,74.0,42727.0
1719245743.1950235,100.0,42727.0
1719245743.366317,100.0,42727.0
1719245743.5308173,99.0,42727.0
1719245743.7093258,100.0,42727.0
1719245743.8986876,100.0,42727.0
1719245744.064759,33.0,42727.0
1719245744.234424,100.0,42727.0
1719245744.4601035,99.0,42727.0
1719245744.6468847,100.0,42727.0
1719245744.8799598,100.0,42727.0
1719245745.0960245,100.0,42727.0
1719245745.2947948,35.0,42727.0
1719245745.4670258,100.0,42727.0
1719245745.652404,99.0,42727.0
1719245745.8163273,99.0,42727.0
1719245745.968065,100.0,42727.0
1719245746.1186616,100.0,42727.0
1719245746.2661843,100.0,42727.0
1719245746.4205961,81.0,42727.0
1719245746.5691514,81.0,42727.0
1719245746.7178612,100.0,42727.0
1719245746.89443,99.0,42727.0
1719245747.069156,100.0,42727.0
1719245747.2484355,100.0,42727.0
1719245747.4238455,41.0,42727.0
1719245747.6376393,100.0,42727.0
1719245747.799181,100.0,42727.0
1719245747.9675868,99.0,42727.0
1719245748.132498,100.0,42727.0
1719245748.2950423,100.0,42727.0
1719245748.4914436,85.0,42727.0
1719245748.6760495,37.0,42727.0
1719245748.8415325,100.0,42727.0
1719245749.0905292,99.0,42727.0
1719245749.3247218,100.0,42727.0
1719245749.5452237,100.0,42727.0
1719245749.7373376,7.0,42727.0
1719245749.9945004,7.0,42727.0
1719245750.1672578,100.0,42727.0
1719245750.3414178,93.0,42727.0
1719245750.5317008,100.0,42727.0
1719245750.688888,100.0,42727.0
1719245750.8373787,100.0,42727.0
1719245750.982808,100.0,42727.0
1719245751.1342826,46.0,42727.0
1719245751.2835524,100.0,42727.0
1719245751.4865046,99.0,42727.0
1719245751.6656868,100.0,42727.0
1719245751.8606062,100.0,42727.0
1719245752.045585,100.0,42727.0
1719245752.2802985,47.0,42727.0
1719245752.450849,100.0,42727.0
1719245752.636475,99.0,42727.0
1719245752.8211343,100.0,42727.0
1719245753.02653,100.0,42727.0
1719245753.2193432,100.0,42727.0
1719245753.4269326,56.0,42727.0
1719245753.5970237,78.0,42727.0
1719245753.8222184,100.0,42727.0
1719245754.0371215,100.0,42727.0
1719245754.2812533,100.0,42727.0
1719245754.4971485,100.0,42727.0
1719245754.6959555,27.0,42727.0
1719245754.8920517,99.0,42727.0
1719245755.0916805,100.0,42727.0
1719245755.2509406,100.0,42727.0
1719245755.4018793,100.0,42727.0
1719245755.551803,100.0,42727.0
1719245755.7181041,48.0,42727.0
1719245755.8684351,48.0,42727.0
1719245756.0184538,100.0,42727.0
1719245756.1801934,99.0,42727.0
1719245756.3601096,100.0,42727.0
1719245756.5476973,100.0,42727.0
1719245756.7445052,63.0,42727.0
1719245756.9342,64.0,42727.0
1719245757.1331074,100.0,42727.0
1719245757.3094635,99.0,42727.0
1719245757.4708352,99.0,42727.0
1719245757.6441665,100.0,42727.0
1719245757.8136907,100.0,42727.0
1719245758.0087678,40.0,42727.0
1719245758.1881692,90.0,42727.0
1719245758.3665211,99.0,42727.0
1719245758.6036325,100.0,42727.0
1719245758.8116937,100.0,42727.0
1719245759.0672667,100.0,42727.0
1719245759.3181314,14.0,42727.0
1719245759.521592,100.0,42727.0
1719245759.7135296,99.0,42727.0
1719245759.899621,99.0,42727.0
1719245760.0528555,100.0,42727.0
1719245760.20209,100.0,42727.0
1719245760.3531084,49.0,42727.0
1719245760.5035303,49.0,42727.0
1719245760.6535408,100.0,42727.0
1719245760.8439255,99.0,42727.0
1719245761.0211685,100.0,42727.0
1719245761.1910431,100.0,42727.0
1719245761.3700516,81.0,42727.0
1719245761.5493126,45.0,42727.0
1719245761.7565494,100.0,42727.0
1719245761.9504528,100.0,42727.0
1719245762.1141946,99.0,42727.0
1719245762.290712,100.0,42727.0
1719245762.4624274,100.0,42727.0
1719245762.6800587,60.0,42727.0
1719245762.8576584,81.0,42727.0
1719245763.1721392,99.0,42727.0
1719245763.3693707,100.0,42727.0
1719245763.599691,100.0,42727.0
1719245763.8136728,26.0,42727.0
1719245764.0092983,100.0,42727.0
1719245764.1859531,100.0,42727.0
1719245764.3640144,99.0,42727.0
1719245764.5625033,100.0,42727.0
1719245764.7145877,100.0,42727.0
1719245764.868322,100.0,42727.0
1719245765.0230057,47.0,42727.0
1719245765.17465,100.0,42727.0
1719245765.324871,100.0,42727.0
1719245765.4828558,99.0,42727.0
1719245765.676701,100.0,42727.0
1719245765.8607252,100.0,42727.0
1719245766.0267034,59.0,42727.0
1719245766.2032268,59.0,42727.0
1719245766.4073026,100.0,42727.0
1719245766.563931,98.0,42727.0
1719245766.7607813,98.0,42727.0
1719245766.9121697,100.0,42727.0
1719245767.0804176,100.0,42727.0
1719245767.2905524,40.0,42727.0
1719245767.475738,95.0,42727.0
1719245767.6432168,99.0,42727.0
1719245767.840478,100.0,42727.0
1719245768.0589464,100.0,42727.0
1719245768.3088443,100.0,42727.0
1719245768.4956133,18.0,42727.0
1719245768.7956705,100.0,42727.0
1719245768.967209,100.0,42727.0
1719245769.1409373,100.0,42727.0
1719245769.3076203,100.0,42727.0
1719245769.4585404,96.0,42727.0
1719245769.6160967,49.0,42727.0
1719245769.7676508,49.0,42727.0
1719245769.917645,100.0,42727.0
1719245770.0666208,99.0,42727.0
1719245770.259068,100.0,42727.0
1719245770.4405644,100.0,42727.0
1719245770.636249,56.0,42727.0
1719245770.8349378,66.0,42727.0
1719245771.02569,66.0,42727.0
1719245771.201505,100.0,42727.0
1719245771.3643653,99.0,42727.0
1719245771.5167422,100.0,42727.0
1719245771.6791542,100.0,42727.0
1719245771.8621366,100.0,42727.0
1719245772.0399113,94.0,42727.0
1719245772.2334738,99.0,42727.0
1719245772.4611428,100.0,42727.0
1719245772.6886597,100.0,42727.0
1719245772.9210966,100.0,42727.0
1719245773.1126983,28.0,42727.0
1719245773.337697,100.0,42727.0
1719245773.5136192,99.0,42727.0
1719245773.6833122,100.0,42727.0
1719245773.8528824,100.0,42727.0
1719245774.0066624,100.0,42727.0
1719245774.1650863,87.0,42727.0
1719245774.3188467,63.0,42727.0
1719245774.463172,100.0,42727.0
1719245774.6139567,100.0,42727.0
1719245774.7684948,99.0,42727.0
1719245774.9704072,100.0,42727.0
1719245775.1457286,100.0,42727.0
1719245775.319993,42.0,42727.0
1719245775.5022352,82.0,42727.0
1719245775.6860144,100.0,42727.0
1719245775.856057,99.0,42727.0
1719245776.0400867,99.0,42727.0
1719245776.2333055,100.0,42727.0
1719245776.4184291,23.0,42727.0
1719245776.6308944,97.0,42727.0
1719245776.8124044,99.0,42727.0
1719245776.9813344,100.0,42727.0
1719245777.1985474,100.0,42727.0
1719245777.4014502,100.0,42727.0
1719245777.6074007,100.0,42727.0
1719245777.8231332,100.0,42727.0
1719245778.0386338,100.0,42727.0
1719245778.2050803,99.0,42727.0
1719245778.3891397,100.0,42727.0
1719245778.5709748,100.0,42727.0
1719245778.7300825,93.0,42727.0
1719245778.8939025,52.0,42727.0
1719245779.0399156,52.0,42727.0
1719245779.1823518,100.0,42727.0
1719245779.3326252,99.0,42727.0
1719245779.4825306,99.0,42727.0
1719245779.6455257,100.0,42727.0
1719245779.8224862,100.0,42727.0
1719245780.0468676,78.0,42727.0
1719245780.2293556,100.0,42727.0
1719245780.4534934,95.0,42727.0
1719245780.6244566,95.0,42727.0
1719245780.8166215,100.0,42727.0
1719245781.017424,37.0,42727.0
1719245781.238723,100.0,42727.0
1719245781.4463215,100.0,42727.0
1719245781.6362674,100.0,42727.0
1719245781.8563006,100.0,42727.0
1719245782.0933943,100.0,42727.0
1719245782.330636,7.0,42727.0
1719245782.5086064,100.0,42727.0
1719245782.7233064,99.0,42727.0
1719245782.9029832,100.0,42727.0
1719245783.087241,100.0,42727.0
1719245783.2741446,100.0,42727.0
