timestamp,gpu_util,gpu_mem
1719251250.6830926,0.0,4.0
1719251250.8282154,0.0,4.0
1719251250.9696553,0.0,4.0
1719251251.1146798,0.0,21.0
1719251251.2723145,0.0,709.0
1719251251.4134216,3.0,709.0
1719251251.5587099,10.0,709.0
1719251251.7247658,0.0,709.0
1719251251.87564,0.0,709.0
1719251252.0213928,0.0,709.0
1719251252.162619,0.0,709.0
1719251252.3080149,0.0,709.0
1719251252.448833,0.0,709.0
1719251252.5883408,0.0,709.0
1719251252.731219,0.0,709.0
1719251252.8693407,0.0,709.0
1719251253.0094788,0.0,709.0
1719251253.1477938,0.0,709.0
1719251253.2871432,0.0,709.0
1719251253.426804,0.0,709.0
1719251253.5696461,0.0,709.0
1719251253.7089975,0.0,709.0
1719251253.8490627,0.0,709.0
1719251253.994229,0.0,709.0
1719251254.1336913,0.0,709.0
1719251254.2734864,0.0,709.0
1719251254.4146574,0.0,709.0
1719251254.5609713,0.0,709.0
1719251254.6999762,0.0,709.0
1719251254.840164,0.0,709.0
1719251254.9814303,0.0,709.0
1719251255.1221452,0.0,709.0
1719251255.262078,0.0,709.0
1719251255.403648,0.0,709.0
1719251255.5440686,0.0,709.0
1719251255.6837926,0.0,709.0
1719251255.8242388,0.0,709.0
1719251255.9638324,0.0,709.0
1719251256.103843,0.0,709.0
1719251256.2445512,0.0,709.0
1719251256.3866382,0.0,709.0
1719251256.5268214,0.0,709.0
1719251256.6671805,0.0,709.0
1719251256.8074915,0.0,709.0
1719251256.9471939,0.0,709.0
1719251257.0880516,0.0,709.0
1719251257.2287664,0.0,709.0
1719251257.3688748,0.0,709.0
1719251257.5077043,0.0,709.0
1719251257.6486602,0.0,709.0
1719251257.7881324,0.0,709.0
1719251257.9286094,0.0,709.0
1719251258.0699873,0.0,709.0
1719251258.2098217,0.0,709.0
1719251258.3530629,0.0,709.0
1719251258.4926693,0.0,709.0
1719251258.6314435,0.0,709.0
1719251258.7788513,0.0,709.0
1719251258.919333,0.0,709.0
1719251259.062429,0.0,709.0
1719251259.2017148,0.0,709.0
1719251259.3428617,0.0,709.0
1719251259.4924972,0.0,709.0
1719251259.632006,0.0,709.0
1719251259.7715175,0.0,709.0
1719251259.910627,0.0,709.0
1719251260.051185,0.0,709.0
1719251260.1900403,0.0,709.0
1719251260.329427,0.0,709.0
1719251260.4691885,0.0,709.0
1719251260.6097372,0.0,709.0
1719251260.7494621,0.0,709.0
1719251260.889655,0.0,709.0
1719251261.030441,0.0,709.0
1719251261.1707418,0.0,709.0
1719251261.3105438,0.0,709.0
1719251261.450126,0.0,709.0
1719251261.5903673,0.0,709.0
1719251261.7315943,0.0,709.0
1719251261.871102,0.0,709.0
1719251262.0091748,0.0,709.0
1719251262.1495895,0.0,709.0
1719251262.2900288,0.0,709.0
1719251262.4301116,0.0,709.0
1719251262.5698087,0.0,709.0
1719251262.7127492,0.0,709.0
1719251262.8531637,0.0,709.0
1719251262.993734,0.0,709.0
1719251263.13297,0.0,709.0
1719251263.305648,0.0,709.0
1719251263.445003,0.0,709.0
1719251263.5833814,0.0,709.0
1719251263.7233706,0.0,709.0
1719251263.86144,0.0,709.0
1719251263.9998226,0.0,709.0
1719251264.1359274,0.0,709.0
1719251264.2802517,0.0,709.0
1719251264.4169714,0.0,709.0
1719251264.5537558,0.0,709.0
1719251264.6909063,0.0,709.0
1719251264.8265498,0.0,709.0
1719251264.964942,0.0,709.0
1719251265.1043298,0.0,709.0
1719251265.2404606,0.0,709.0
1719251265.378614,0.0,709.0
1719251265.5166693,0.0,709.0
1719251265.653888,0.0,709.0
1719251265.7895982,0.0,709.0
1719251265.9259305,0.0,709.0
1719251266.0654142,0.0,709.0
1719251266.2023616,0.0,709.0
1719251266.340244,0.0,709.0
1719251266.47821,0.0,709.0
1719251266.6155596,0.0,709.0
1719251266.7521472,0.0,709.0
1719251266.888865,0.0,709.0
1719251267.0264084,0.0,709.0
1719251267.162363,0.0,709.0
1719251267.3006296,0.0,709.0
1719251267.4383714,0.0,709.0
1719251267.5767486,0.0,709.0
1719251267.7130907,0.0,709.0
1719251267.8501976,0.0,709.0
1719251267.9887009,0.0,709.0
1719251268.124571,0.0,709.0
1719251268.2617307,0.0,709.0
1719251268.3992848,0.0,709.0
1719251268.5355802,0.0,709.0
1719251268.6734161,0.0,709.0
1719251268.811086,0.0,709.0
1719251268.9488077,0.0,709.0
1719251269.08725,0.0,709.0
1719251269.2252042,0.0,709.0
1719251269.36246,0.0,709.0
1719251269.498767,0.0,709.0
1719251269.6356363,0.0,709.0
1719251269.7728746,0.0,709.0
1719251269.9096432,0.0,709.0
1719251270.0467434,0.0,709.0
1719251270.1835353,0.0,709.0
1719251270.3219564,0.0,709.0
1719251270.4587033,0.0,709.0
1719251270.5958226,0.0,709.0
1719251270.734263,0.0,709.0
1719251270.871533,0.0,709.0
1719251271.0094368,0.0,709.0
1719251271.1478257,0.0,709.0
1719251271.285975,0.0,709.0
1719251271.4229796,0.0,709.0
1719251271.563824,0.0,709.0
1719251271.7026887,0.0,709.0
1719251271.841253,0.0,709.0
1719251271.977449,0.0,709.0
1719251272.1135585,0.0,709.0
1719251272.2509453,0.0,709.0
1719251272.387218,0.0,709.0
1719251272.5238214,0.0,709.0
1719251272.662332,0.0,709.0
1719251272.799828,0.0,709.0
1719251272.9360373,0.0,709.0
1719251273.0729809,0.0,709.0
1719251273.2094166,0.0,709.0
1719251273.3462155,0.0,709.0
1719251273.4843729,0.0,709.0
1719251273.6222138,0.0,709.0
1719251273.758502,0.0,709.0
1719251273.8952727,0.0,709.0
1719251274.0324454,0.0,709.0
1719251274.1707573,0.0,709.0
1719251274.3074782,0.0,709.0
1719251274.4452505,0.0,709.0
1719251274.5824306,0.0,709.0
1719251274.7224715,0.0,709.0
1719251274.8611677,0.0,709.0
1719251275.004098,0.0,709.0
1719251275.1422763,0.0,709.0
1719251275.2800102,0.0,709.0
1719251275.4173284,0.0,709.0
1719251275.5536308,0.0,709.0
1719251275.6912754,0.0,709.0
1719251275.829676,0.0,709.0
1719251275.96837,0.0,709.0
1719251276.1059475,0.0,709.0
1719251276.2430532,0.0,709.0
1719251276.3806493,0.0,709.0
1719251276.5171838,0.0,709.0
1719251276.654689,0.0,709.0
1719251276.7919695,0.0,709.0
1719251276.9279726,0.0,709.0
1719251277.0651617,0.0,709.0
1719251277.202225,0.0,709.0
1719251277.3391,0.0,709.0
1719251277.4774196,0.0,709.0
1719251277.616194,0.0,709.0
1719251277.754391,0.0,709.0
1719251277.9102647,0.0,709.0
1719251278.0693693,0.0,709.0
1719251278.234295,0.0,709.0
1719251278.3856287,0.0,709.0
1719251278.5249047,0.0,709.0
1719251278.68038,0.0,709.0
1719251278.867203,0.0,709.0
1719251279.0111134,0.0,709.0
1719251279.1847074,0.0,709.0
1719251279.3328357,0.0,709.0
1719251279.4915595,0.0,709.0
1719251279.6404831,0.0,709.0
1719251279.7925456,0.0,709.0
1719251279.9551184,0.0,709.0
1719251280.1201212,0.0,709.0
1719251280.3330114,0.0,709.0
1719251280.548885,0.0,709.0
1719251280.7447207,0.0,709.0
1719251280.939886,0.0,709.0
1719251281.1568956,0.0,709.0
1719251281.3270764,0.0,709.0
1719251281.485287,0.0,709.0
1719251281.6440282,0.0,709.0
1719251281.8039942,0.0,709.0
1719251281.9419374,0.0,709.0
1719251282.0795474,0.0,709.0
1719251282.2179506,0.0,709.0
1719251282.3573773,0.0,709.0
1719251282.4957068,0.0,709.0
1719251282.6348243,0.0,709.0
1719251282.7736146,0.0,709.0
1719251282.9202304,0.0,709.0
1719251283.0981748,0.0,709.0
1719251283.2691998,0.0,709.0
1719251283.4257429,0.0,709.0
1719251283.5896623,0.0,709.0
1719251283.7640169,0.0,709.0
1719251283.9312088,0.0,709.0
1719251284.0783076,0.0,709.0
1719251284.2480388,0.0,709.0
1719251284.390063,0.0,709.0
1719251284.5397098,0.0,709.0
1719251284.7020166,0.0,709.0
1719251284.908194,0.0,709.0
1719251285.1173732,0.0,709.0
1719251285.264925,0.0,709.0
1719251285.4808056,0.0,709.0
1719251285.680821,0.0,709.0
1719251285.852107,0.0,709.0
1719251286.013219,0.0,709.0
1719251286.1616182,0.0,709.0
1719251286.3063276,0.0,709.0
1719251286.4709415,0.0,709.0
1719251286.6513677,0.0,709.0
1719251286.7942586,0.0,709.0
1719251286.9338074,0.0,709.0
1719251287.0721774,0.0,709.0
1719251287.2106972,0.0,709.0
1719251287.3482447,0.0,709.0
1719251287.4865267,0.0,709.0
1719251287.6251686,0.0,709.0
1719251287.7649126,0.0,709.0
1719251287.9415715,0.0,709.0
1719251288.108675,0.0,709.0
1719251288.281701,0.0,709.0
1719251288.462464,0.0,709.0
1719251288.6247313,0.0,709.0
1719251288.7916217,0.0,709.0
1719251288.94694,0.0,709.0
1719251289.11861,0.0,709.0
1719251289.2769449,0.0,709.0
1719251289.4258363,0.0,709.0
1719251289.5856814,0.0,709.0
1719251289.7494018,0.0,709.0
1719251289.9069178,0.0,709.0
1719251290.0616238,0.0,709.0
1719251290.254828,0.0,709.0
1719251290.4725356,0.0,709.0
1719251290.6868136,0.0,709.0
1719251290.8854163,0.0,709.0
1719251291.0977135,0.0,709.0
1719251291.263162,0.0,709.0
1719251291.418495,0.0,709.0
1719251291.577927,0.0,709.0
1719251291.7321658,0.0,709.0
1719251291.8726127,0.0,709.0
1719251292.0137944,0.0,709.0
1719251292.1526904,0.0,709.0
1719251292.291199,0.0,709.0
1719251292.4309895,0.0,709.0
1719251292.57054,0.0,709.0
1719251292.710236,0.0,709.0
1719251292.8495321,0.0,709.0
1719251292.9952614,0.0,709.0
1719251293.160225,0.0,709.0
1719251293.3253136,0.0,709.0
1719251293.4760525,0.0,709.0
1719251293.6421857,0.0,709.0
1719251293.7937436,0.0,709.0
1719251293.9558284,0.0,709.0
1719251294.1158583,0.0,709.0
1719251294.2842236,0.0,709.0
1719251294.4304805,0.0,709.0
1719251294.582387,0.0,709.0
1719251294.7405589,0.0,709.0
1719251294.9076705,0.0,709.0
1719251295.0798428,0.0,709.0
1719251295.2256892,0.0,709.0
1719251295.4360354,0.0,709.0
1719251295.6429932,0.0,709.0
1719251295.852985,0.0,709.0
1719251296.0077107,0.0,709.0
1719251296.211862,0.0,709.0
1719251296.3794036,0.0,709.0
1719251296.5267007,0.0,709.0
1719251296.6879647,0.0,709.0
1719251296.8666065,0.0,709.0
1719251297.0068364,0.0,709.0
1719251297.1463604,0.0,709.0
1719251297.2861052,0.0,709.0
1719251297.424336,0.0,709.0
1719251297.5644963,0.0,709.0
1719251297.7044666,0.0,709.0
1719251297.8440244,0.0,709.0
1719251297.9827714,0.0,709.0
1719251298.1611807,0.0,709.0
1719251298.3221335,0.0,709.0
1719251298.4800158,0.0,709.0
1719251298.6450377,0.0,709.0
1719251298.8061416,0.0,709.0
1719251298.9926002,0.0,709.0
1719251299.135398,0.0,709.0
1719251299.300002,0.0,709.0
1719251299.4404764,0.0,709.0
1719251299.5916822,0.0,709.0
1719251299.7558472,0.0,709.0
1719251299.9102468,0.0,709.0
1719251300.0709603,0.0,709.0
1719251300.2275121,0.0,709.0
1719251300.3877661,0.0,709.0
1719251300.6020358,0.0,709.0
1719251300.7768843,0.0,709.0
1719251300.9852679,0.0,709.0
1719251301.1916478,0.0,709.0
1719251301.3643472,0.0,709.0
1719251301.5061913,0.0,709.0
1719251301.6908152,0.0,709.0
1719251301.8562937,0.0,709.0
1719251301.9988747,0.0,709.0
1719251302.140193,0.0,709.0
1719251302.2807932,0.0,709.0
1719251302.4198449,0.0,709.0
1719251302.5610943,0.0,709.0
1719251302.701354,0.0,709.0
1719251302.8420649,0.0,709.0
1719251302.98158,0.0,709.0
1719251303.1469393,0.0,709.0
1719251303.3028367,0.0,709.0
1719251303.4626014,0.0,709.0
1719251303.6382616,0.0,709.0
1719251303.821001,0.0,709.0
1719251303.975161,0.0,709.0
1719251304.138855,0.0,709.0
1719251304.2946885,0.0,709.0
1719251304.446388,0.0,709.0
1719251304.6079683,0.0,709.0
1719251304.773706,0.0,709.0
1719251304.9369898,0.0,709.0
1719251305.1056774,0.0,709.0
1719251305.2889187,0.0,709.0
1719251305.496044,0.0,709.0
1719251305.636772,0.0,709.0
1719251305.8364754,0.0,709.0
1719251306.0178406,0.0,709.0
1719251306.2076664,0.0,709.0
1719251306.3713186,0.0,709.0
1719251306.5468934,0.0,709.0
1719251306.7066786,0.0,709.0
1719251306.847417,0.0,709.0
1719251306.9866216,0.0,709.0
1719251307.1248562,0.0,709.0
1719251307.2645822,0.0,709.0
1719251307.4028466,0.0,709.0
1719251307.542047,0.0,709.0
1719251307.6794107,0.0,709.0
1719251307.8200157,0.0,709.0
1719251307.9761326,0.0,709.0
1719251308.1490495,0.0,709.0
1719251308.305768,0.0,709.0
1719251308.465958,0.0,709.0
1719251308.619149,0.0,709.0
1719251308.8063629,0.0,709.0
1719251308.964215,0.0,709.0
1719251309.1249175,0.0,709.0
1719251309.2910595,0.0,709.0
1719251309.4400995,0.0,709.0
1719251309.6089802,0.0,709.0
1719251309.7969363,0.0,709.0
1719251309.9632528,0.0,709.0
1719251310.1126769,0.0,709.0
1719251310.3408532,0.0,709.0
1719251310.5085065,0.0,709.0
1719251310.7538686,0.0,709.0
1719251310.9586864,0.0,709.0
1719251311.126166,0.0,709.0
1719251311.279429,0.0,709.0
1719251311.4352198,0.0,709.0
1719251311.6131396,0.0,709.0
1719251311.762073,0.0,709.0
1719251311.9008422,0.0,709.0
1719251312.0411375,0.0,709.0
1719251312.1780498,0.0,709.0
1719251312.3173397,0.0,709.0
1719251312.4569206,0.0,709.0
1719251312.595101,0.0,709.0
1719251312.732759,0.0,709.0
1719251312.8878152,0.0,709.0
1719251313.0395148,0.0,709.0
1719251313.2007525,0.0,709.0
1719251313.35496,0.0,709.0
1719251313.5298543,0.0,709.0
1719251313.706246,0.0,709.0
1719251313.8510723,0.0,709.0
1719251314.013487,0.0,709.0
1719251314.1538422,0.0,709.0
1719251314.3052528,0.0,709.0
1719251314.4682982,0.0,709.0
1719251314.632726,0.0,709.0
1719251314.790312,0.0,709.0
1719251314.9547687,0.0,709.0
1719251315.1543117,0.0,709.0
1719251315.3643713,0.0,709.0
1719251315.5707672,0.0,709.0
1719251315.773591,0.0,709.0
1719251315.978892,0.0,709.0
1719251316.1396186,0.0,709.0
1719251316.2893739,0.0,709.0
1719251316.4465613,0.0,709.0
1719251316.6018555,0.0,709.0
1719251316.7404559,0.0,709.0
1719251316.8795576,0.0,709.0
1719251317.01847,0.0,709.0
1719251317.156196,0.0,709.0
1719251317.2933323,0.0,709.0
1719251317.4323962,0.0,709.0
1719251317.571744,0.0,709.0
1719251317.7110279,0.0,709.0
1719251317.8744402,0.0,709.0
1719251318.0547636,0.0,709.0
1719251318.204376,0.0,709.0
1719251318.3770065,0.0,709.0
1719251318.5356529,0.0,709.0
1719251318.7249513,0.0,709.0
1719251318.8761067,0.0,709.0
1719251319.0390527,0.0,709.0
1719251319.199641,0.0,709.0
1719251319.3480766,0.0,709.0
1719251319.5182106,0.0,709.0
1719251319.6775794,0.0,709.0
1719251319.8444767,0.0,709.0
1719251320.0017467,0.0,709.0
1719251320.2115934,0.0,709.0
1719251320.3984718,0.0,709.0
1719251320.6015947,0.0,709.0
1719251320.767359,0.0,709.0
1719251320.9703865,0.0,709.0
1719251321.1186464,0.0,709.0
1719251321.2909656,0.0,709.0
1719251321.462296,0.0,709.0
1719251321.6050832,0.0,709.0
1719251321.7445536,0.0,709.0
1719251321.883785,0.0,709.0
1719251322.0226557,0.0,709.0
1719251322.1571589,0.0,709.0
1719251322.2950659,0.0,709.0
1719251322.4338615,0.0,709.0
1719251322.5721507,0.0,709.0
1719251322.7265358,0.0,709.0
1719251322.8951466,0.0,709.0
1719251323.0683787,0.0,709.0
1719251323.226915,0.0,709.0
1719251323.3982775,0.0,709.0
1719251323.5694075,0.0,709.0
1719251323.7187743,0.0,709.0
1719251323.8781812,0.0,709.0
1719251324.0279586,0.0,709.0
1719251324.1828225,0.0,709.0
1719251324.3517184,0.0,709.0
1719251324.510659,0.0,709.0
1719251324.672522,0.0,709.0
1719251324.8143687,0.0,709.0
1719251325.0247347,0.0,709.0
1719251325.2308998,0.0,709.0
1719251325.4381387,0.0,709.0
1719251325.5926676,0.0,709.0
1719251325.7926457,0.0,709.0
1719251325.9611585,0.0,709.0
1719251326.1135383,0.0,709.0
1719251326.2747161,0.0,709.0
1719251326.4436724,0.0,709.0
1719251326.5834174,0.0,709.0
1719251326.7235322,0.0,709.0
1719251326.8617358,0.0,709.0
1719251327.0053117,0.0,709.0
1719251327.1395376,0.0,709.0
1719251327.27885,0.0,709.0
1719251327.4161067,0.0,709.0
1719251327.5820928,0.0,709.0
1719251327.7542737,0.0,709.0
1719251327.9088447,0.0,709.0
1719251328.0699286,0.0,709.0
1719251328.247303,0.0,709.0
1719251328.4404354,0.0,709.0
1719251328.5857902,0.0,709.0
1719251328.7563734,0.0,709.0
1719251328.9174657,0.0,709.0
1719251329.0601091,0.0,709.0
1719251329.2120755,0.0,709.0
1719251329.3690507,0.0,709.0
1719251329.5317748,0.0,709.0
1719251329.7023776,0.0,709.0
1719251329.910906,0.0,709.0
1719251330.0819216,0.0,709.0
1719251330.2937455,0.0,709.0
1719251330.4949455,0.0,709.0
1719251330.6639903,0.0,709.0
1719251330.8158474,0.0,709.0
1719251330.9549909,0.0,709.0
1719251331.118556,0.0,709.0
1719251331.2671301,0.0,709.0
1719251331.4158425,0.0,709.0
1719251331.5534716,0.0,709.0
1719251331.6918285,0.0,709.0
1719251331.829295,0.0,709.0
1719251331.9632485,0.0,709.0
1719251332.1020472,0.0,709.0
1719251332.2402263,0.0,709.0
1719251332.3769748,0.0,709.0
1719251332.5346537,0.0,709.0
1719251332.7038693,0.0,709.0
1719251332.8568463,0.0,709.0
1719251333.0231986,0.0,709.0
1719251333.187853,0.0,709.0
1719251333.3519862,0.0,709.0
1719251333.4942334,0.0,709.0
1719251333.6610303,0.0,709.0
1719251333.8002613,0.0,709.0
1719251333.9511473,0.0,709.0
1719251334.1135123,0.0,709.0
1719251334.2618074,0.0,709.0
1719251334.4174318,0.0,709.0
1719251334.5691009,0.0,709.0
1719251334.7210376,0.0,709.0
1719251334.927615,0.0,709.0
1719251335.1150932,0.0,709.0
1719251335.3170056,0.0,709.0
1719251335.4785454,0.0,709.0
1719251335.6648417,0.0,709.0
1719251335.8284547,0.0,709.0
1719251335.9877653,0.0,709.0
1719251336.148488,0.0,709.0
1719251336.2922325,0.0,709.0
1719251336.429041,0.0,709.0
1719251336.567172,0.0,709.0
1719251336.7037678,0.0,709.0
1719251336.8372273,0.0,709.0
1719251336.9720154,0.0,709.0
1719251337.1118264,0.0,709.0
1719251337.2472985,0.0,709.0
1719251337.4052646,0.0,709.0
1719251337.5579522,0.0,709.0
1719251337.7084026,0.0,709.0
1719251337.8670151,0.0,709.0
1719251338.0239725,0.0,709.0
1719251338.210347,0.0,709.0
1719251338.3604116,0.0,709.0
1719251338.5175622,0.0,709.0
1719251338.670295,0.0,709.0
1719251338.8172996,0.0,709.0
1719251338.9844177,0.0,709.0
1719251339.1423159,0.0,709.0
1719251339.3124943,0.0,709.0
1719251339.4718447,0.0,709.0
1719251339.6361284,0.0,709.0
1719251339.8399794,0.0,709.0
1719251339.9992034,0.0,709.0
1719251340.2086666,0.0,709.0
1719251340.3673885,0.0,709.0
1719251340.5710864,0.0,709.0
1719251340.7285194,0.0,709.0
1719251340.8831809,0.0,709.0
1719251341.0638402,0.0,709.0
1719251341.2060866,0.0,709.0
1719251341.3445451,0.0,709.0
1719251341.481985,0.0,709.0
1719251341.6186457,0.0,709.0
1719251341.7538018,0.0,709.0
1719251341.8904817,0.0,709.0
1719251342.027786,0.0,709.0
1719251342.1649067,0.0,709.0
1719251342.3542922,0.0,709.0
1719251342.5160775,0.0,709.0
1719251342.6855605,0.0,709.0
1719251342.851181,0.0,709.0
1719251343.0180104,0.0,709.0
1719251343.180563,0.0,709.0
1719251343.3271544,0.0,709.0
1719251343.4882894,0.0,709.0
1719251343.6278248,0.0,709.0
1719251343.7770534,0.0,709.0
1719251343.9404132,0.0,709.0
1719251344.0958314,0.0,709.0
1719251344.2457876,0.0,709.0
1719251344.410846,0.0,709.0
1719251344.5622482,0.0,709.0
1719251344.763408,0.0,709.0
1719251344.9210033,0.0,709.0
1719251345.128149,0.0,709.0
1719251345.2801266,0.0,709.0
1719251345.481768,0.0,709.0
1719251345.6355243,0.0,709.0
1719251345.802048,0.0,709.0
1719251345.959323,0.0,709.0
1719251346.1085556,0.0,709.0
1719251346.247529,0.0,709.0
1719251346.3860104,0.0,709.0
1719251346.5246196,0.0,709.0
1719251346.6607475,0.0,709.0
1719251346.7989037,0.0,709.0
1719251346.9369314,0.0,709.0
1719251347.0774407,0.0,709.0
1719251347.2413764,0.0,709.0
1719251347.4195523,0.0,709.0
1719251347.6025078,0.0,709.0
1719251347.7901657,0.0,709.0
1719251347.9558046,0.0,709.0
1719251348.1078384,0.0,709.0
1719251348.2525973,0.0,709.0
1719251348.4216266,0.0,709.0
1719251348.5744905,0.0,709.0
1719251348.7258153,0.0,709.0
1719251348.902543,0.0,709.0
1719251349.0556636,0.0,709.0
1719251349.216604,0.0,709.0
1719251349.3630486,0.0,709.0
1719251349.5440168,0.0,709.0
1719251349.7451043,0.0,709.0
1719251349.9352772,0.0,709.0
1719251350.1491256,0.0,709.0
1719251350.336139,0.0,709.0
1719251350.4993956,0.0,709.0
1719251350.6546888,0.0,709.0
1719251350.8174229,0.0,709.0
1719251350.965171,0.0,709.0
1719251351.1023967,0.0,709.0
1719251351.2401361,0.0,709.0
1719251351.3776033,0.0,709.0
1719251351.5133982,0.0,709.0
1719251351.6506138,0.0,709.0
1719251351.788365,0.0,709.0
1719251351.9264538,0.0,709.0
1719251352.0914226,0.0,709.0
1719251352.2474244,0.0,709.0
1719251352.4172053,0.0,709.0
1719251352.579582,0.0,709.0
1719251352.7294228,0.0,709.0
1719251352.8930647,0.0,709.0
1719251353.0352988,0.0,709.0
1719251353.2118506,0.0,709.0
1719251353.3588002,0.0,709.0
1719251353.52506,0.0,709.0
1719251353.6818159,0.0,709.0
1719251353.8340151,0.0,709.0
1719251353.9899347,0.0,709.0
1719251354.1442637,0.0,709.0
1719251354.302246,0.0,709.0
1719251354.5198328,0.0,709.0
1719251354.6977937,0.0,709.0
1719251354.9023995,0.0,709.0
1719251355.0952919,0.0,709.0
1719251355.262677,0.0,709.0
1719251355.4169078,0.0,709.0
1719251355.5890665,0.0,709.0
1719251355.7527306,0.0,709.0
1719251355.8909183,0.0,709.0
1719251356.0299838,0.0,709.0
1719251356.168199,0.0,709.0
1719251356.3013453,0.0,709.0
1719251356.4356241,0.0,709.0
1719251356.573396,0.0,709.0
1719251356.712917,0.0,709.0
1719251356.8482113,0.0,709.0
1719251357.0021832,0.0,709.0
1719251357.1722524,0.0,709.0
1719251357.3357844,0.0,709.0
1719251357.5037248,0.0,709.0
1719251357.6602094,0.0,709.0
1719251357.819744,0.0,709.0
1719251357.9654508,0.0,709.0
1719251358.1309462,0.0,709.0
1719251358.2868178,0.0,709.0
1719251358.4442084,0.0,709.0
1719251358.5875273,0.0,709.0
1719251358.747007,0.0,709.0
1719251358.9508023,0.0,709.0
1719251359.1515872,0.0,709.0
1719251359.339528,0.0,709.0
1719251359.547511,0.0,709.0
1719251359.748088,0.0,709.0
1719251359.954343,0.0,709.0
1719251360.1178358,0.0,709.0
1719251360.2796679,0.0,709.0
1719251360.4390023,0.0,709.0
1719251360.5857882,0.0,709.0
1719251360.7241592,0.0,709.0
1719251360.8631985,0.0,709.0
1719251361.0002792,0.0,709.0
1719251361.1366282,0.0,709.0
1719251361.2691689,0.0,709.0
1719251361.407246,0.0,709.0
1719251361.5444179,0.0,709.0
1719251361.6831696,0.0,709.0
1719251361.84803,0.0,709.0
1719251362.0267553,0.0,709.0
1719251362.1741998,0.0,709.0
1719251362.3371067,0.0,709.0
1719251362.512094,0.0,709.0
1719251362.652299,0.0,709.0
1719251362.8021367,0.0,709.0
1719251362.9567568,0.0,709.0
1719251363.0963008,0.0,709.0
1719251363.2463489,0.0,709.0
1719251363.4116547,0.0,709.0
1719251363.5815055,0.0,709.0
1719251363.7367172,0.0,709.0
1719251363.8832295,0.0,709.0
1719251364.0913675,0.0,709.0
1719251364.2946622,0.0,709.0
1719251364.501349,0.0,709.0
1719251364.6784678,0.0,709.0
1719251364.876686,0.0,709.0
1719251365.0452185,0.0,709.0
1719251365.2009425,0.0,709.0
1719251365.3590412,0.0,709.0
1719251365.5069997,0.0,709.0
1719251365.645382,0.0,709.0
1719251365.7844536,0.0,709.0
1719251365.9245768,0.0,709.0
1719251366.0602813,0.0,709.0
1719251366.1961443,0.0,709.0
1719251366.334436,0.0,709.0
1719251366.470439,0.0,709.0
1719251366.6510763,0.0,709.0
1719251366.8111572,0.0,709.0
1719251366.9655147,0.0,709.0
1719251367.1266038,0.0,709.0
1719251367.2859566,0.0,709.0
1719251367.459507,0.0,709.0
1719251367.6067226,0.0,709.0
1719251367.7516556,0.0,709.0
1719251367.8967974,0.0,709.0
1719251368.0557,0.0,709.0
1719251368.213054,0.0,709.0
1719251368.375128,0.0,709.0
1719251368.5459979,0.0,709.0
1719251368.6978061,0.0,709.0
1719251368.852171,0.0,709.0
1719251369.0616772,0.0,709.0
1719251369.2287607,0.0,709.0
1719251369.4298391,0.0,709.0
1719251369.5752065,0.0,709.0
1719251369.7686706,0.0,709.0
1719251369.9231768,0.0,709.0
1719251370.0673385,0.0,709.0
1719251370.2282636,0.0,709.0
1719251370.3774505,0.0,709.0
1719251370.5140834,0.0,709.0
1719251370.6524217,0.0,709.0
1719251370.7903805,0.0,709.0
1719251370.9254966,0.0,709.0
1719251371.0647836,0.0,709.0
1719251371.2041261,0.0,709.0
1719251371.3417962,0.0,709.0
1719251371.4975362,0.0,709.0
1719251371.6525662,0.0,709.0
1719251371.808499,0.0,709.0
1719251371.977074,0.0,709.0
1719251372.1484227,0.0,709.0
1719251372.3214827,0.0,709.0
1719251372.475169,0.0,709.0
1719251372.6339839,0.0,709.0
1719251372.7821178,0.0,709.0
1719251372.9384181,0.0,709.0
1719251373.1132588,0.0,709.0
1719251373.2813516,0.0,709.0
1719251373.4474657,0.0,709.0
1719251373.6100554,0.0,709.0
1719251373.7757864,0.0,709.0
1719251373.9798288,0.0,709.0
1719251374.1309128,0.0,709.0
1719251374.3482757,0.0,709.0
1719251374.5181487,0.0,709.0
1719251374.7095218,0.0,709.0
1719251374.8729413,0.0,709.0
1719251375.0365415,0.0,709.0
1719251375.188757,0.0,709.0
1719251375.3273315,0.0,709.0
1719251375.4687023,0.0,709.0
1719251375.6072145,0.0,709.0
1719251375.7426803,0.0,709.0
1719251375.8797615,0.0,709.0
1719251376.0192811,0.0,709.0
1719251376.1569226,0.0,709.0
1719251376.312668,0.0,709.0
1719251376.4749308,0.0,709.0
1719251376.637644,0.0,709.0
1719251376.817197,0.0,709.0
1719251376.973123,0.0,709.0
1719251377.1401656,0.0,709.0
1719251377.2868931,0.0,709.0
1719251377.4408479,0.0,709.0
1719251377.599828,0.0,709.0
1719251377.7620685,0.0,709.0
1719251377.9271975,0.0,709.0
1719251378.1039646,0.0,709.0
1719251378.27885,0.0,709.0
1719251378.4342194,0.0,709.0
1719251378.638192,0.0,709.0
1719251378.8201792,0.0,709.0
1719251379.023146,0.0,709.0
1719251379.1852603,0.0,709.0
1719251379.3883572,0.0,709.0
1719251379.5288491,0.0,709.0
1719251379.7051303,0.0,709.0
1719251379.8567703,0.0,709.0
1719251379.99748,0.0,709.0
1719251380.1392517,0.0,709.0
1719251380.280955,0.0,709.0
1719251380.4188113,0.0,709.0
1719251380.561462,0.0,709.0
1719251380.707488,0.0,709.0
1719251381.038678,0.0,709.0
1719251381.2052095,0.0,709.0
1719251381.364938,0.0,709.0
1719251381.5282865,0.0,709.0
1719251381.6882834,0.0,709.0
1719251381.8584056,0.0,709.0
1719251382.014788,0.0,709.0
1719251382.1658587,0.0,709.0
1719251382.3363016,0.0,709.0
1719251382.4826937,0.0,709.0
1719251382.6383896,0.0,709.0
1719251382.7951846,0.0,709.0
1719251382.9584973,0.0,709.0
1719251383.116276,0.0,709.0
1719251383.3304498,0.0,709.0
1719251383.493396,0.0,709.0
1719251383.702701,0.0,709.0
1719251383.8699992,0.0,709.0
1719251384.0668085,0.0,709.0
1719251384.2200906,0.0,709.0
1719251384.389811,0.0,709.0
1719251384.5432062,0.0,709.0
1719251384.6843894,0.0,709.0
1719251384.825676,0.0,709.0
1719251384.962794,0.0,709.0
1719251385.1001458,0.0,709.0
1719251385.2327821,0.0,709.0
1719251385.3717647,0.0,709.0
1719251385.5092492,0.0,709.0
1719251385.6457024,0.0,709.0
1719251385.810757,0.0,709.0
1719251385.9794238,0.0,709.0
1719251386.1291118,0.0,709.0
1719251386.297678,0.0,709.0
1719251386.4623992,0.0,709.0
1719251386.6229897,0.0,709.0
1719251386.7780561,0.0,709.0
1719251386.9274921,0.0,709.0
1719251387.0908058,0.0,709.0
1719251387.2426493,0.0,709.0
1719251387.4069579,0.0,709.0
1719251387.5710602,0.0,709.0
1719251387.995615,0.0,709.0
1719251388.2000816,0.0,709.0
1719251388.4055,0.0,709.0
1719251388.5616794,0.0,709.0
1719251388.75443,0.0,709.0
1719251388.9310005,0.0,709.0
1719251389.0825338,0.0,709.0
1719251389.2471273,0.0,709.0
1719251389.3979943,0.0,709.0
1719251389.5381465,0.0,709.0
1719251389.6774852,0.0,709.0
1719251389.8145878,0.0,709.0
1719251389.9504724,0.0,709.0
1719251390.0878391,0.0,709.0
1719251390.2267153,0.0,709.0
1719251390.3617015,0.0,709.0
1719251390.550075,0.0,709.0
1719251390.7132268,0.0,709.0
1719251390.8778915,0.0,709.0
1719251391.0498846,0.0,709.0
1719251391.2143176,0.0,709.0
1719251391.3909588,0.0,709.0
1719251391.5459108,0.0,709.0
1719251391.7010806,0.0,709.0
1719251391.8661358,0.0,709.0
1719251392.0214052,0.0,709.0
1719251392.209426,0.0,709.0
1719251392.4361587,0.0,709.0
1719251392.644431,0.0,709.0
1719251392.8493958,0.0,709.0
1719251393.1307294,0.0,709.0
1719251393.3156047,0.0,709.0
1719251393.4838355,0.0,709.0
1719251393.9838357,0.0,709.0
1719251394.1213446,0.0,709.0
1719251394.2598238,0.0,709.0
1719251394.3968813,0.0,709.0
1719251394.5310807,0.0,709.0
1719251394.666439,0.0,709.0
1719251394.9946537,0.0,709.0
1719251395.160506,0.0,709.0
1719251395.3249083,0.0,709.0
1719251395.4749506,0.0,709.0
1719251395.6350129,0.0,709.0
1719251395.801079,0.0,709.0
1719251395.9407063,0.0,709.0
1719251396.0864394,0.0,709.0
1719251396.249753,0.0,709.0
1719251396.3962204,0.0,709.0
1719251396.5484676,0.0,709.0
1719251396.6997516,0.0,709.0
1719251396.8648214,0.0,709.0
1719251397.0247362,0.0,709.0
1719251397.1712525,0.0,709.0
1719251397.3864748,0.0,709.0
1719251397.599833,0.0,709.0
1719251397.7912426,0.0,709.0
1719251397.9469182,0.0,709.0
1719251398.1357415,0.0,709.0
1719251398.3262577,0.0,709.0
1719251398.5015755,0.0,709.0
1719251398.6587195,0.0,709.0
1719251398.801104,0.0,709.0
1719251398.9408429,0.0,709.0
1719251399.0790389,0.0,709.0
1719251399.2178273,0.0,709.0
1719251399.354353,0.0,709.0
1719251399.4904923,0.0,709.0
1719251399.627552,0.0,709.0
1719251399.7646444,0.0,709.0
1719251399.9559917,0.0,709.0
1719251400.133764,0.0,709.0
1719251400.2908607,0.0,709.0
1719251400.4812322,0.0,709.0
1719251400.6393955,0.0,709.0
1719251400.8178768,0.0,709.0
1719251400.9750922,0.0,709.0
1719251401.1318147,0.0,709.0
1719251401.2864473,0.0,709.0
1719251401.4304287,0.0,709.0
1719251401.6035678,0.0,709.0
1719251401.7565978,0.0,709.0
1719251401.9183285,0.0,709.0
1719251402.0619445,0.0,709.0
1719251402.266451,0.0,709.0
1719251402.4728284,0.0,709.0
1719251402.6755044,0.0,709.0
1719251402.834458,0.0,709.0
1719251403.0363967,0.0,709.0
1719251403.1852975,0.0,709.0
1719251403.3537273,0.0,709.0
1719251403.5108943,0.0,709.0
1719251403.6576352,0.0,709.0
1719251403.798629,0.0,709.0
1719251403.9366503,0.0,709.0
1719251404.0751326,0.0,709.0
1719251404.2092392,0.0,709.0
1719251404.347647,0.0,709.0
1719251404.4888783,0.0,709.0
1719251404.6502147,0.0,709.0
1719251404.8089533,0.0,709.0
1719251404.9663618,0.0,709.0
1719251405.1342337,0.0,709.0
1719251405.2976377,0.0,709.0
1719251405.4653997,0.0,709.0
1719251405.6172478,0.0,709.0
1719251405.8335485,0.0,709.0
1719251405.9774232,0.0,709.0
1719251406.1353598,0.0,709.0
1719251406.2860065,0.0,709.0
1719251406.473744,0.0,709.0
1719251406.6361787,0.0,709.0
1719251406.781919,0.0,709.0
1719251406.988146,0.0,709.0
1719251407.1998453,0.0,709.0
1719251407.3991036,0.0,709.0
1719251407.5748868,0.0,709.0
1719251407.790694,0.0,709.0
1719251407.9561589,0.0,709.0
1719251408.1174228,0.0,709.0
1719251408.274049,0.0,709.0
1719251408.417897,0.0,709.0
1719251408.5570877,0.0,709.0
1719251408.695186,0.0,709.0
1719251408.8320165,0.0,709.0
1719251408.966557,0.0,709.0
1719251409.1000679,0.0,709.0
1719251409.2386308,0.0,709.0
1719251409.382917,0.0,709.0
1719251409.559614,0.0,709.0
1719251409.7198167,0.0,709.0
1719251409.8803694,0.0,709.0
1719251410.050256,0.0,709.0
1719251410.2116578,0.0,709.0
1719251410.369459,0.0,709.0
1719251410.5118334,0.0,709.0
1719251410.667182,0.0,709.0
1719251410.8058412,0.0,709.0
1719251410.9574585,0.0,709.0
1719251411.113282,0.0,709.0
1719251411.2813501,0.0,709.0
1719251411.4513102,0.0,709.0
1719251411.5939913,0.0,709.0
1719251411.7968962,0.0,709.0
1719251412.0005157,0.0,709.0
1719251412.1914122,0.0,709.0
1719251412.3700707,0.0,709.0
1719251412.5632794,0.0,709.0
1719251412.7097912,0.0,709.0
1719251412.8521981,0.0,709.0
1719251413.003068,0.0,709.0
1719251413.1741252,0.0,709.0
1719251413.318008,0.0,709.0
1719251413.4620092,0.0,709.0
1719251413.6087148,0.0,709.0
1719251413.746083,0.0,709.0
1719251413.8899412,0.0,709.0
1719251414.0284712,0.0,709.0
1719251414.168038,0.0,709.0
1719251414.3055577,0.0,709.0
1719251414.4599566,0.0,709.0
1719251414.6226013,0.0,709.0
1719251414.7833924,0.0,709.0
1719251414.974482,0.0,709.0
1719251415.151723,0.0,709.0
1719251415.3129756,0.0,709.0
1719251415.491369,0.0,709.0
1719251415.6411474,0.0,709.0
1719251415.8052218,0.0,709.0
1719251415.9675014,0.0,709.0
1719251416.1431262,0.0,709.0
1719251416.3011198,0.0,709.0
1719251416.4435723,0.0,709.0
1719251416.6538043,0.0,709.0
1719251416.8532977,0.0,709.0
1719251417.0458155,0.0,709.0
1719251417.2343245,0.0,709.0
1719251417.4269361,0.0,709.0
1719251417.6016629,0.0,709.0
1719251417.7745075,0.0,709.0
1719251417.9312239,0.0,709.0
1719251418.07702,0.0,709.0
1719251418.2182305,0.0,709.0
1719251418.35543,0.0,709.0
1719251418.5005996,0.0,709.0
1719251418.6386616,0.0,709.0
1719251418.778194,0.0,709.0
1719251418.917017,0.0,709.0
1719251419.0560727,0.0,709.0
1719251419.239865,0.0,709.0
1719251419.5166192,0.0,709.0
1719251419.6665673,0.0,709.0
1719251419.838727,0.0,709.0
1719251420.0081875,0.0,709.0
1719251420.1489413,0.0,709.0
1719251420.3019671,0.0,709.0
1719251420.4546824,0.0,709.0
1719251420.616227,0.0,709.0
1719251420.7787554,0.0,709.0
1719251420.9870107,0.0,709.0
1719251421.1891453,0.0,709.0
1719251421.3569613,0.0,709.0
1719251421.5598354,0.0,709.0
1719251421.7318861,0.0,709.0
1719251421.8917913,0.0,709.0
1719251422.0919478,0.0,709.0
1719251422.2539155,0.0,709.0
1719251422.4044423,0.0,709.0
1719251422.5663824,0.0,709.0
1719251422.7293768,0.0,709.0
1719251422.8675954,0.0,709.0
1719251423.0060189,0.0,709.0
1719251423.142043,0.0,709.0
1719251423.2774959,0.0,709.0
1719251423.4104972,0.0,709.0
1719251423.5485687,0.0,709.0
1719251423.6861775,0.0,709.0
1719251423.8242645,0.0,709.0
1719251423.982731,0.0,709.0
1719251424.1525517,0.0,709.0
1719251424.3038526,0.0,709.0
1719251424.4825623,0.0,709.0
1719251424.6539001,0.0,709.0
1719251424.8322086,0.0,709.0
1719251424.980361,0.0,709.0
1719251425.1410165,0.0,709.0
1719251425.2933314,0.0,709.0
1719251425.4420104,0.0,709.0
1719251425.983796,0.0,709.0
1719251426.1884332,0.0,709.0
1719251426.3940847,0.0,709.0
1719251426.6042316,0.0,709.0
1719251426.7857566,0.0,709.0
1719251426.9792516,0.0,709.0
1719251427.1520903,0.0,709.0
1719251427.3268619,0.0,709.0
1719251427.4767466,0.0,709.0
1719251427.619981,0.0,709.0
1719251427.7582648,0.0,709.0
1719251427.8968706,0.0,709.0
1719251428.0331724,0.0,709.0
1719251428.1679873,0.0,709.0
1719251428.3063877,0.0,709.0
1719251428.4427288,0.0,709.0
1719251428.5797114,0.0,709.0
1719251428.7390232,0.0,709.0
1719251428.9176683,0.0,709.0
1719251429.0811338,0.0,709.0
1719251429.235854,0.0,709.0
1719251429.4038477,0.0,709.0
1719251429.5524845,0.0,709.0
1719251429.6958444,0.0,709.0
1719251429.8496509,0.0,709.0
1719251430.0096092,0.0,709.0
1719251430.159854,0.0,709.0
1719251430.3243475,0.0,709.0
1719251430.4828756,0.0,709.0
1719251430.643841,0.0,709.0
1719251430.8019102,0.0,709.0
1719251430.999765,0.0,709.0
1719251431.2037296,0.0,709.0
1719251431.452328,0.0,709.0
1719251431.6051311,0.0,709.0
1719251431.798302,0.0,709.0
1719251431.9745638,0.0,709.0
1719251432.157711,0.0,709.0
1719251432.707127,2.0,1553.0
1719251432.8498669,2.0,4917.0
1719251432.9876676,65.0,16755.0
1719251433.1292453,88.0,16763.0
1719251433.2721004,88.0,16773.0
1719251433.424892,24.0,22935.0
1719251433.6660671,100.0,22935.0
1719251433.8694246,100.0,22935.0
1719251434.0652719,99.0,22937.0
1719251434.251684,96.0,22943.0
1719251434.4539902,1.0,22943.0
1719251434.6709075,1.0,22943.0
1719251434.832445,86.0,22945.0
1719251435.0013423,92.0,22945.0
1719251435.1762307,100.0,22945.0
1719251435.3651805,100.0,22945.0
1719251435.5436575,100.0,22945.0
1719251435.703423,100.0,22945.0
1719251435.9515488,82.0,22945.0
1719251436.1952887,0.0,22945.0
1719251436.4938507,99.0,22945.0
1719251436.762828,100.0,22945.0
1719251436.931697,100.0,22945.0
1719251437.1257818,100.0,22945.0
1719251437.3266397,100.0,22945.0
1719251437.485,100.0,22945.0
1719251437.639651,79.0,22945.0
1719251437.7953415,51.0,22945.0
1719251437.943557,100.0,22945.0
1719251438.0918348,100.0,22945.0
1719251438.2444062,99.0,22945.0
1719251438.3979416,100.0,22945.0
1719251438.5728202,100.0,22945.0
1719251438.7580202,100.0,22945.0
1719251438.9351723,100.0,22945.0
1719251439.1242616,100.0,22945.0
1719251439.3002226,100.0,22945.0
1719251439.5140827,100.0,22945.0
1719251439.6998436,99.0,22945.0
1719251439.8791642,100.0,22945.0
