timestamp,gpu_util,gpu_mem
1719330247.2408202,0.0,4.0
1719330247.3777518,0.0,4.0
1719330247.5129042,0.0,4.0
1719330247.650432,0.0,21.0
1719330247.7983758,1.0,633.0
1719330247.989065,6.0,633.0
1719330248.1266882,6.0,633.0
1719330248.2674227,0.0,633.0
1719330248.413655,0.0,633.0
1719330248.5490198,0.0,633.0
1719330248.6819324,0.0,633.0
1719330248.8171127,0.0,633.0
1719330248.9489353,0.0,633.0
1719330249.0854828,0.0,633.0
1719330249.2193508,0.0,633.0
1719330249.3504922,0.0,633.0
1719330249.4800851,0.0,633.0
1719330249.6093078,0.0,633.0
1719330249.7376237,0.0,633.0
1719330249.8658617,0.0,633.0
1719330249.995442,0.0,633.0
1719330250.1329916,0.0,633.0
1719330250.2683156,0.0,633.0
1719330250.4078202,0.0,633.0
1719330250.536817,0.0,633.0
1719330250.672684,0.0,633.0
1719330250.8081338,0.0,633.0
1719330250.9418125,0.0,633.0
1719330251.075761,0.0,633.0
1719330251.2072628,0.0,633.0
1719330251.3402708,0.0,633.0
1719330251.4724023,0.0,633.0
1719330251.604043,0.0,633.0
1719330251.7385378,0.0,633.0
1719330251.8724828,0.0,633.0
1719330252.0076637,0.0,633.0
1719330252.1427772,0.0,633.0
1719330252.2765155,0.0,633.0
1719330252.411464,0.0,633.0
1719330252.5455518,0.0,633.0
1719330252.6803195,0.0,633.0
1719330252.81709,0.0,633.0
1719330252.9534152,0.0,633.0
1719330253.0899084,0.0,633.0
1719330253.2267118,0.0,633.0
1719330253.3622355,0.0,633.0
1719330253.498181,0.0,633.0
1719330253.632358,0.0,633.0
1719330253.7657998,0.0,633.0
1719330253.90014,0.0,633.0
1719330254.0336041,0.0,633.0
1719330254.1678216,0.0,633.0
1719330254.3022397,0.0,633.0
1719330254.437769,0.0,633.0
1719330254.5730257,0.0,633.0
1719330254.7075298,0.0,633.0
1719330254.8443944,0.0,633.0
1719330254.9787214,0.0,633.0
1719330255.1137009,0.0,633.0
1719330255.248218,0.0,633.0
1719330255.3841927,0.0,633.0
1719330255.520243,0.0,633.0
1719330255.6550784,0.0,633.0
1719330255.7893806,0.0,633.0
1719330255.922458,0.0,633.0
1719330256.0550013,0.0,633.0
1719330256.188892,0.0,633.0
1719330256.323725,0.0,633.0
1719330256.4579482,0.0,633.0
1719330256.59452,0.0,633.0
1719330256.7309198,0.0,633.0
1719330256.864004,0.0,633.0
1719330256.9994726,0.0,633.0
1719330257.1319392,0.0,633.0
1719330257.2633307,0.0,633.0
1719330257.3948183,0.0,633.0
1719330257.526966,0.0,633.0
1719330257.6589444,0.0,633.0
1719330257.7924843,0.0,633.0
1719330257.928362,0.0,633.0
1719330258.0642872,0.0,633.0
1719330258.202179,0.0,633.0
1719330258.3380604,0.0,633.0
1719330258.473912,0.0,633.0
1719330258.6090941,0.0,633.0
1719330258.744346,0.0,633.0
1719330258.8797722,0.0,633.0
1719330259.0133302,0.0,633.0
1719330259.1489677,0.0,633.0
1719330259.282849,0.0,633.0
1719330259.4167714,0.0,633.0
1719330259.548597,0.0,633.0
1719330259.6821232,0.0,633.0
1719330259.8143928,0.0,633.0
1719330259.9462788,0.0,633.0
1719330260.0766003,0.0,633.0
1719330260.2078226,0.0,633.0
1719330260.3395617,0.0,633.0
1719330260.470262,0.0,633.0
1719330260.6010747,0.0,633.0
1719330260.7373762,0.0,633.0
1719330260.8737683,0.0,633.0
1719330261.0100884,0.0,633.0
1719330261.1460881,0.0,633.0
1719330261.2823052,0.0,633.0
1719330261.4160914,0.0,633.0
1719330261.5501027,0.0,633.0
1719330261.686801,0.0,633.0
1719330261.8235118,0.0,633.0
1719330261.9583473,0.0,633.0
1719330262.092586,0.0,633.0
1719330262.2251174,0.0,633.0
1719330262.3566246,0.0,633.0
1719330262.488171,0.0,633.0
1719330262.6187782,0.0,633.0
1719330262.7513392,0.0,633.0
1719330262.8809922,0.0,633.0
1719330263.010289,0.0,633.0
1719330263.141852,0.0,633.0
1719330263.2723458,0.0,633.0
1719330263.4017973,0.0,633.0
1719330263.5325828,0.0,633.0
1719330263.6630259,0.0,633.0
1719330263.7921212,0.0,633.0
1719330263.9219494,0.0,633.0
1719330264.0508106,0.0,633.0
1719330264.1806812,0.0,633.0
1719330264.3115907,0.0,633.0
1719330264.4443164,0.0,633.0
1719330264.5794094,0.0,633.0
1719330264.7133148,0.0,633.0
1719330264.8480465,0.0,633.0
1719330264.9839368,0.0,633.0
1719330265.1187644,0.0,633.0
1719330265.2545571,0.0,633.0
1719330265.387313,0.0,633.0
1719330265.5194385,0.0,633.0
1719330265.652564,0.0,633.0
1719330265.7852426,0.0,633.0
1719330265.9158201,0.0,633.0
1719330266.0474596,0.0,633.0
1719330266.1776748,0.0,633.0
1719330266.308376,0.0,633.0
1719330266.4450984,0.0,633.0
1719330266.581265,0.0,633.0
1719330266.7176898,0.0,633.0
1719330266.8544004,0.0,633.0
1719330266.9911218,0.0,633.0
1719330267.125375,0.0,633.0
1719330267.261767,0.0,633.0
1719330267.3971121,0.0,633.0
1719330267.531329,0.0,633.0
1719330267.6675332,0.0,633.0
1719330267.8012238,0.0,633.0
1719330267.9347029,0.0,633.0
1719330268.0659184,0.0,633.0
1719330268.1978638,0.0,633.0
1719330268.3310053,0.0,633.0
1719330268.4642754,0.0,633.0
1719330268.5946949,0.0,633.0
1719330268.7270954,0.0,633.0
1719330268.8577561,0.0,633.0
1719330268.987861,0.0,633.0
1719330269.1184301,0.0,633.0
1719330269.253952,0.0,633.0
1719330269.3901103,0.0,633.0
1719330269.5254824,0.0,633.0
1719330269.6612034,0.0,633.0
1719330269.7973335,0.0,633.0
1719330269.9313076,0.0,633.0
1719330270.0662835,0.0,633.0
1719330270.2007573,0.0,633.0
1719330270.3378434,0.0,633.0
1719330270.4733415,0.0,633.0
1719330270.607611,0.0,633.0
1719330270.7419615,0.0,633.0
1719330270.873652,0.0,633.0
1719330271.005958,0.0,633.0
1719330271.1361935,0.0,633.0
1719330271.2662525,0.0,633.0
1719330271.3970718,0.0,633.0
1719330271.5272074,0.0,633.0
1719330271.6600685,0.0,633.0
1719330271.7894988,0.0,633.0
1719330271.9189346,0.0,633.0
1719330272.049402,0.0,633.0
1719330272.1796315,0.0,633.0
1719330272.3089578,0.0,633.0
1719330272.438832,0.0,633.0
1719330272.5688312,0.0,633.0
1719330272.6981146,0.0,633.0
1719330272.8277726,0.0,633.0
1719330272.9578493,0.0,633.0
1719330273.0900948,0.0,633.0
1719330273.2231886,0.0,633.0
1719330273.3860435,0.0,633.0
1719330273.5516658,0.0,633.0
1719330273.7190597,0.0,633.0
1719330273.868348,0.0,633.0
1719330274.0226576,0.0,633.0
1719330274.1917982,0.0,633.0
1719330274.3496635,0.0,633.0
1719330274.5016537,0.0,633.0
1719330274.6566458,0.0,633.0
1719330274.7995434,0.0,633.0
1719330274.954988,0.0,633.0
1719330275.1111157,0.0,633.0
1719330275.2738197,0.0,633.0
1719330275.4325998,0.0,633.0
1719330275.5739381,0.0,633.0
1719330275.7635467,0.0,633.0
1719330275.9637427,0.0,633.0
1719330276.1631682,0.0,633.0
1719330276.3665855,0.0,633.0
1719330276.5547981,0.0,633.0
1719330276.7393336,0.0,633.0
1719330276.9057162,0.0,633.0
1719330277.056059,0.0,633.0
1719330277.1979053,0.0,633.0
1719330277.3344765,0.0,633.0
1719330277.4715447,0.0,633.0
1719330277.6068943,0.0,633.0
1719330277.7387724,0.0,633.0
1719330277.8742957,0.0,633.0
1719330278.0090327,0.0,633.0
1719330278.157756,0.0,633.0
1719330278.3092282,0.0,633.0
1719330278.4645948,0.0,633.0
1719330278.610486,0.0,633.0
1719330278.779749,0.0,633.0
1719330278.9340277,0.0,633.0
1719330279.0940418,0.0,633.0
1719330279.239778,0.0,633.0
1719330279.392593,0.0,633.0
1719330279.5458143,0.0,633.0
1719330279.692681,0.0,633.0
1719330279.843255,0.0,633.0
1719330280.003412,0.0,633.0
1719330280.1637902,0.0,633.0
1719330280.3184123,0.0,633.0
1719330280.5233266,0.0,633.0
1719330280.7259269,0.0,633.0
1719330280.919035,0.0,633.0
1719330281.1166828,0.0,633.0
1719330281.3051386,0.0,633.0
1719330281.4845564,0.0,633.0
1719330281.652661,0.0,633.0
1719330281.8032117,0.0,633.0
1719330281.948575,0.0,633.0
1719330282.0860298,0.0,633.0
1719330282.2225695,0.0,633.0
1719330282.3574953,0.0,633.0
1719330282.48861,0.0,633.0
1719330282.6235466,0.0,633.0
1719330282.7588441,0.0,633.0
1719330282.8961244,0.0,633.0
1719330283.0448186,0.0,633.0
1719330283.195825,0.0,633.0
1719330283.3471048,0.0,633.0
1719330283.5179105,0.0,633.0
1719330283.679966,0.0,633.0
1719330283.8475525,0.0,633.0
1719330283.988977,0.0,633.0
1719330284.137454,0.0,633.0
1719330284.2802215,0.0,633.0
1719330284.4407756,0.0,633.0
1719330284.6064723,0.0,633.0
1719330284.7580125,0.0,633.0
1719330284.907585,0.0,633.0
1719330285.0701165,0.0,633.0
1719330285.2144728,0.0,633.0
1719330285.428656,0.0,633.0
1719330285.6001775,0.0,633.0
1719330285.7888665,0.0,633.0
1719330285.9411137,0.0,633.0
1719330286.137967,0.0,633.0
1719330286.2902832,0.0,633.0
1719330286.4340234,0.0,633.0
1719330286.577604,0.0,633.0
1719330286.7260964,0.0,633.0
1719330286.8769064,0.0,633.0
1719330287.01549,0.0,633.0
1719330287.1550722,0.0,633.0
1719330287.2911997,0.0,633.0
1719330287.4305203,0.0,633.0
1719330287.5724452,0.0,633.0
1719330287.7124093,0.0,633.0
1719330287.8604562,0.0,633.0
1719330288.0145,0.0,633.0
1719330288.1679614,0.0,633.0
1719330288.3367543,0.0,633.0
1719330288.502679,0.0,633.0
1719330288.6753025,0.0,633.0
1719330288.819805,0.0,633.0
1719330288.9768236,0.0,633.0
1719330289.1214535,0.0,633.0
1719330289.2706292,0.0,633.0
1719330289.4100375,0.0,633.0
1719330289.5661185,0.0,633.0
1719330289.7285445,0.0,633.0
1719330289.877809,0.0,633.0
1719330290.0811975,0.0,633.0
1719330290.2851868,0.0,633.0
1719330290.4669533,0.0,633.0
1719330290.649562,0.0,633.0
1719330290.83443,0.0,633.0
1719330290.986031,0.0,633.0
1719330291.1356008,0.0,633.0
1719330291.2971272,0.0,633.0
1719330291.4528775,0.0,633.0
1719330291.5905728,0.0,633.0
1719330291.7270205,0.0,633.0
1719330291.8630474,0.0,633.0
1719330291.998128,0.0,633.0
1719330292.1310098,0.0,633.0
1719330292.2675364,0.0,633.0
1719330292.4049242,0.0,633.0
1719330292.5710042,0.0,633.0
1719330292.7413812,0.0,633.0
1719330292.896509,0.0,633.0
1719330293.0542302,0.0,633.0
1719330293.2154098,0.0,633.0
1719330293.3967443,0.0,633.0
1719330293.536891,0.0,633.0
1719330293.6886506,0.0,633.0
1719330293.8311713,0.0,633.0
1719330293.9746006,0.0,633.0
1719330294.1371157,0.0,633.0
1719330294.2811234,0.0,633.0
1719330294.43219,0.0,633.0
1719330294.587389,0.0,633.0
1719330294.737984,0.0,633.0
1719330294.9335086,0.0,633.0
1719330295.1323195,0.0,633.0
1719330295.32339,0.0,633.0
1719330295.4773302,0.0,633.0
1719330295.6762278,0.0,633.0
1719330295.8248677,0.0,633.0
1719330295.9678369,0.0,633.0
1719330296.119586,0.0,633.0
1719330296.2612405,0.0,633.0
1719330296.401283,0.0,633.0
1719330296.5406709,0.0,633.0
1719330296.675624,0.0,633.0
1719330296.8088877,0.0,633.0
1719330296.9490805,0.0,633.0
1719330297.0906065,0.0,633.0
1719330297.2541075,0.0,633.0
1719330297.4282522,0.0,633.0
1719330297.5905485,0.0,633.0
1719330297.7594023,0.0,633.0
1719330297.9247158,0.0,633.0
1719330298.0890415,0.0,633.0
1719330298.231731,0.0,633.0
1719330298.400874,0.0,633.0
1719330298.538108,0.0,633.0
1719330298.7005656,0.0,633.0
1719330298.8442104,0.0,633.0
1719330299.01283,0.0,633.0
1719330299.1684787,0.0,633.0
1719330299.3150003,0.0,633.0
1719330299.51458,0.0,633.0
1719330299.7044895,0.0,633.0
1719330299.9032054,0.0,633.0
1719330300.1029265,0.0,633.0
1719330300.2865257,0.0,633.0
1719330300.423242,0.0,633.0
1719330300.5692706,0.0,633.0
1719330300.74181,0.0,633.0
1719330300.9013283,0.0,633.0
1719330301.0369637,0.0,633.0
1719330301.1718674,0.0,633.0
1719330301.3107536,0.0,633.0
1719330301.44522,0.0,633.0
1719330301.576216,0.0,633.0
1719330301.7075105,0.0,633.0
1719330301.8433876,0.0,633.0
1719330301.9769807,0.0,633.0
1719330302.1409938,0.0,633.0
1719330302.2997632,0.0,633.0
1719330302.4569442,0.0,633.0
1719330302.6213646,0.0,633.0
1719330302.7763276,0.0,633.0
1719330302.937177,0.0,633.0
1719330303.0837405,0.0,633.0
1719330303.2394695,0.0,633.0
1719330303.3845456,0.0,633.0
1719330303.5281556,0.0,633.0
1719330303.6669507,0.0,633.0
1719330303.8014796,0.0,633.0
1719330303.9538896,0.0,633.0
1719330304.1121373,0.0,633.0
1719330304.2848532,0.0,633.0
1719330304.4421725,0.0,633.0
1719330304.6412354,0.0,633.0
1719330304.8346384,0.0,633.0
1719330305.0339766,0.0,633.0
1719330305.1798325,0.0,633.0
1719330305.3654242,0.0,633.0
1719330305.5221338,0.0,633.0
1719330305.669107,0.0,633.0
1719330305.8210795,0.0,633.0
1719330305.985143,0.0,633.0
1719330306.1203,0.0,633.0
1719330306.2551713,0.0,633.0
1719330306.3904762,0.0,633.0
1719330306.5187697,0.0,633.0
1719330306.6541655,0.0,633.0
1719330306.7897422,0.0,633.0
1719330306.924542,0.0,633.0
1719330307.077205,0.0,633.0
1719330307.232019,0.0,633.0
1719330307.3902142,0.0,633.0
1719330307.5674746,0.0,633.0
1719330307.7202725,0.0,633.0
1719330307.8926368,0.0,633.0
1719330308.0338385,0.0,633.0
1719330308.1767542,0.0,633.0
1719330308.3187811,0.0,633.0
1719330308.4727747,0.0,633.0
1719330308.630346,0.0,633.0
1719330308.7823076,0.0,633.0
1719330308.9375513,0.0,633.0
1719330309.0819218,0.0,633.0
1719330309.2346363,0.0,633.0
1719330309.4445481,0.0,633.0
1719330309.600981,0.0,633.0
1719330309.7895315,0.0,633.0
1719330309.9383583,0.0,633.0
1719330310.1309712,0.0,633.0
1719330310.2905712,0.0,633.0
1719330310.4412227,0.0,633.0
1719330310.5915112,0.0,633.0
1719330310.752169,0.0,633.0
1719330310.890452,0.0,633.0
1719330311.0260496,0.0,633.0
1719330311.1602895,0.0,633.0
1719330311.290974,0.0,633.0
1719330311.428211,0.0,633.0
1719330311.564935,0.0,633.0
1719330311.698775,0.0,633.0
1719330311.8501832,0.0,633.0
1719330312.011428,0.0,633.0
1719330312.1715195,0.0,633.0
1719330312.3419406,0.0,633.0
1719330312.509364,0.0,633.0
1719330312.6690373,0.0,633.0
1719330312.8125956,0.0,633.0
1719330312.968522,0.0,633.0
1719330313.118529,0.0,633.0
1719330313.2634819,0.0,633.0
1719330313.4093294,0.0,633.0
1719330313.5601816,0.0,633.0
1719330313.7187262,0.0,633.0
1719330313.8702157,0.0,633.0
1719330314.0190234,0.0,633.0
1719330314.2199001,0.0,633.0
1719330314.3789806,0.0,633.0
1719330314.5707726,0.0,633.0
1719330314.716793,0.0,633.0
1719330314.898365,0.0,633.0
1719330315.0723166,0.0,633.0
1719330315.226345,0.0,633.0
1719330315.3817797,0.0,633.0
1719330315.5389016,0.0,633.0
1719330315.6762857,0.0,633.0
1719330315.8121934,0.0,633.0
1719330315.9482,0.0,633.0
1719330316.0765977,0.0,633.0
1719330316.2086802,0.0,633.0
1719330316.34448,0.0,633.0
1719330316.4798377,0.0,633.0
1719330316.6477423,0.0,633.0
1719330316.806466,0.0,633.0
1719330316.9680655,0.0,633.0
1719330317.1134667,0.0,633.0
1719330317.2759407,0.0,633.0
1719330317.4425266,0.0,633.0
1719330317.5799785,0.0,633.0
1719330317.7345495,0.0,633.0
1719330317.8901043,0.0,633.0
1719330318.0424774,0.0,633.0
1719330318.1949086,0.0,633.0
1719330318.3443475,0.0,633.0
1719330318.5078557,0.0,633.0
1719330318.6621149,0.0,633.0
1719330318.839096,0.0,633.0
1719330319.04067,0.0,633.0
1719330319.1965961,0.0,633.0
1719330319.398603,0.0,633.0
1719330319.5361717,0.0,633.0
1719330319.7208815,0.0,633.0
1719330319.8991277,0.0,633.0
1719330320.055523,0.0,633.0
1719330320.2047443,0.0,633.0
1719330320.3587768,0.0,633.0
1719330320.492824,0.0,633.0
1719330320.6296809,0.0,633.0
1719330320.767494,0.0,633.0
1719330320.896921,0.0,633.0
1719330321.0264525,0.0,633.0
1719330321.1648593,0.0,633.0
1719330321.3001385,0.0,633.0
1719330321.4502623,0.0,633.0
1719330321.619125,0.0,633.0
1719330321.7748368,0.0,633.0
1719330321.9366605,0.0,633.0
1719330322.0907443,0.0,633.0
1719330322.257995,0.0,633.0
1719330322.398383,0.0,633.0
1719330322.541155,0.0,633.0
1719330322.682159,0.0,633.0
1719330322.8378174,0.0,633.0
1719330323.0110338,0.0,633.0
1719330323.2101514,0.0,633.0
1719330323.4150145,0.0,633.0
1719330323.5945365,0.0,633.0
1719330323.740472,0.0,633.0
1719330323.953641,0.0,633.0
1719330324.127844,0.0,633.0
1719330324.341331,0.0,633.0
1719330324.5186925,0.0,633.0
1719330324.668256,0.0,633.0
1719330324.8246143,0.0,633.0
1719330324.9890597,0.0,633.0
1719330325.1251743,0.0,633.0
1719330325.2644134,0.0,633.0
1719330325.3997657,0.0,633.0
1719330325.5308669,0.0,633.0
1719330325.66669,0.0,633.0
1719330325.8023772,0.0,633.0
1719330325.9381952,0.0,633.0
1719330326.0819314,0.0,633.0
1719330326.2384317,0.0,633.0
1719330326.4058032,0.0,633.0
1719330326.561102,0.0,633.0
1719330326.7128985,0.0,633.0
1719330326.914705,0.0,633.0
1719330327.063231,0.0,633.0
1719330327.2384498,0.0,633.0
1719330327.3859427,0.0,633.0
1719330327.5337462,0.0,633.0
1719330327.6891112,0.0,633.0
1719330327.857653,0.0,633.0
1719330328.0221424,0.0,633.0
1719330328.1625445,0.0,633.0
1719330328.3661625,0.0,633.0
1719330328.570313,0.0,633.0
1719330328.7612822,0.0,633.0
1719330328.9307907,0.0,633.0
1719330329.1100771,0.0,633.0
1719330329.296596,0.0,633.0
1719330329.4578192,0.0,633.0
1719330329.6123164,0.0,633.0
1719330329.7600453,0.0,633.0
1719330329.895795,0.0,633.0
1719330330.0318005,0.0,633.0
1719330330.168082,0.0,633.0
1719330330.297629,0.0,633.0
1719330330.4323757,0.0,633.0
1719330330.5674407,0.0,633.0
1719330330.7017848,0.0,633.0
1719330330.872614,0.0,633.0
1719330331.032515,0.0,633.0
1719330331.1906765,0.0,633.0
1719330331.3498716,0.0,633.0
1719330331.5046406,0.0,633.0
1719330331.6914864,0.0,633.0
1719330331.834234,0.0,633.0
1719330331.9800398,0.0,633.0
1719330332.1224146,0.0,633.0
1719330332.28846,0.0,633.0
1719330332.4527843,0.0,633.0
1719330332.6092021,0.0,633.0
1719330332.7584848,0.0,633.0
1719330332.9169607,0.0,633.0
1719330333.111084,0.0,633.0
1719330333.331228,0.0,633.0
1719330333.5235324,0.0,633.0
1719330333.7204852,0.0,633.0
1719330333.9096634,0.0,633.0
1719330334.067605,0.0,633.0
1719330334.2222283,0.0,633.0
1719330334.381523,0.0,633.0
1719330334.5516286,0.0,633.0
1719330334.6893365,0.0,633.0
1719330334.8241844,0.0,633.0
1719330334.959342,0.0,633.0
1719330335.0913177,0.0,633.0
1719330335.226429,0.0,633.0
1719330335.3626862,0.0,633.0
1719330335.4993703,0.0,633.0
1719330335.6600983,0.0,633.0
1719330335.823306,0.0,633.0
1719330335.9863145,0.0,633.0
1719330336.139449,0.0,633.0
1719330336.2982793,0.0,633.0
1719330336.4748194,0.0,633.0
1719330336.6186776,0.0,633.0
1719330336.7686026,0.0,633.0
1719330336.9187365,0.0,633.0
1719330337.0677314,0.0,633.0
1719330337.24474,0.0,633.0
1719330337.3916276,0.0,633.0
1719330337.5702686,0.0,633.0
1719330337.7156723,0.0,633.0
1719330337.8629482,0.0,633.0
1719330338.0673473,0.0,633.0
1719330338.2615032,0.0,633.0
1719330338.4649727,0.0,633.0
1719330338.6178534,0.0,633.0
1719330338.802458,0.0,633.0
1719330338.97497,0.0,633.0
1719330339.1431048,0.0,633.0
1719330339.3017287,0.0,633.0
1719330339.4440897,0.0,633.0
1719330339.5807724,0.0,633.0
1719330339.7168677,0.0,633.0
1719330339.8524141,0.0,633.0
1719330339.9847183,0.0,633.0
1719330340.1205583,0.0,633.0
1719330340.2552798,0.0,633.0
1719330340.4286864,0.0,633.0
1719330340.5776548,0.0,633.0
1719330340.7455423,0.0,633.0
1719330340.9013457,0.0,633.0
1719330341.055001,0.0,633.0
1719330341.21847,0.0,633.0
1719330341.360569,0.0,633.0
1719330341.5205305,0.0,633.0
1719330341.6698496,0.0,633.0
1719330341.813485,0.0,633.0
1719330341.9610972,0.0,633.0
1719330342.1147716,0.0,633.0
1719330342.2800148,0.0,633.0
1719330342.4435267,0.0,633.0
1719330342.5834148,0.0,633.0
1719330342.7850513,0.0,633.0
1719330342.9792252,0.0,633.0
1719330343.1847298,0.0,633.0
1719330343.3582697,0.0,633.0
1719330343.5413249,0.0,633.0
1719330343.6868143,0.0,633.0
1719330343.8358238,0.0,633.0
1719330343.9905386,0.0,633.0
1719330344.141817,0.0,633.0
1719330344.2770638,0.0,633.0
1719330344.4137425,0.0,633.0
1719330344.5496,0.0,633.0
1719330344.6819131,0.0,633.0
1719330344.8113,0.0,633.0
1719330344.946681,0.0,633.0
1719330345.0833669,0.0,633.0
1719330345.2180076,0.0,633.0
1719330345.3749964,0.0,633.0
1719330345.5278509,0.0,633.0
1719330345.6970015,0.0,633.0
1719330345.8649132,0.0,633.0
1719330346.0191624,0.0,633.0
1719330346.1958463,0.0,633.0
1719330346.3598056,0.0,633.0
1719330346.5060918,0.0,633.0
1719330346.656541,0.0,633.0
1719330346.798171,0.0,633.0
1719330346.9705355,0.0,633.0
1719330347.1858556,0.0,633.0
1719330347.3897572,0.0,633.0
1719330347.5531228,0.0,633.0
1719330347.741147,0.0,633.0
1719330347.8942857,0.0,633.0
1719330348.0397844,0.0,633.0
1719330348.2415876,0.0,633.0
1719330348.4055128,0.0,633.0
1719330348.5482204,0.0,633.0
1719330348.7074585,0.0,633.0
1719330348.862086,0.0,633.0
1719330349.00091,0.0,633.0
1719330349.1379416,0.0,633.0
1719330349.2749043,0.0,633.0
1719330349.4059753,0.0,633.0
1719330349.5345595,0.0,633.0
1719330349.6706805,0.0,633.0
1719330349.807021,0.0,633.0
1719330349.9702897,0.0,633.0
1719330350.1201482,0.0,633.0
1719330350.2765768,0.0,633.0
1719330350.4265535,0.0,633.0
1719330350.5810087,0.0,633.0
1719330350.7495162,0.0,633.0
1719330350.903289,0.0,633.0
1719330351.07077,0.0,633.0
1719330351.2202258,0.0,633.0
1719330351.3762202,0.0,633.0
1719330351.521376,0.0,633.0
1719330351.68477,0.0,633.0
1719330351.850251,0.0,633.0
1719330351.9994256,0.0,633.0
1719330352.1454341,0.0,633.0
1719330352.375012,0.0,633.0
1719330352.5397496,0.0,633.0
1719330352.7260542,0.0,633.0
1719330352.8818474,0.0,633.0
1719330353.0656736,0.0,633.0
1719330353.2408423,0.0,633.0
1719330353.4176497,0.0,633.0
1719330353.5649643,0.0,633.0
1719330353.7171087,0.0,633.0
1719330353.851583,0.0,633.0
1719330353.9884336,0.0,633.0
1719330354.1256104,0.0,633.0
1719330354.2558644,0.0,633.0
1719330354.3848028,0.0,633.0
1719330354.5219235,0.0,633.0
1719330354.6564374,0.0,633.0
1719330354.8150325,0.0,633.0
1719330354.976974,0.0,633.0
1719330355.1294048,0.0,633.0
1719330355.2798257,0.0,633.0
1719330355.4454973,0.0,633.0
1719330355.605761,0.0,633.0
1719330355.7596729,0.0,633.0
1719330355.930959,0.0,633.0
1719330356.0732493,0.0,633.0
1719330356.2264495,0.0,633.0
1719330356.379766,0.0,633.0
1719330356.5280628,0.0,633.0
1719330356.6921656,0.0,633.0
1719330356.8544724,0.0,633.0
1719330356.997803,0.0,633.0
1719330357.1937387,0.0,633.0
1719330357.390844,0.0,633.0
1719330357.5868075,0.0,633.0
1719330357.7581036,0.0,633.0
1719330357.9408996,0.0,633.0
1719330358.10318,0.0,633.0
1719330358.2461967,0.0,633.0
1719330358.4003115,0.0,633.0
1719330358.5578516,0.0,633.0
1719330358.6943643,0.0,633.0
1719330358.8304985,0.0,633.0
1719330358.9655576,0.0,633.0
1719330359.0972893,0.0,633.0
1719330359.232779,0.0,633.0
1719330359.3674133,0.0,633.0
1719330359.5330868,0.0,633.0
1719330359.7082236,0.0,633.0
1719330359.877015,0.0,633.0
1719330360.0453298,0.0,633.0
1719330360.2037365,0.0,633.0
1719330360.3803504,0.0,633.0
1719330360.5193665,0.0,633.0
1719330360.6769412,0.0,633.0
1719330360.824468,0.0,633.0
1719330360.980213,0.0,633.0
1719330361.1477334,0.0,633.0
1719330361.313348,0.0,633.0
1719330361.4750917,0.0,633.0
1719330361.6346111,0.0,633.0
1719330361.8194485,0.0,633.0
1719330362.022759,0.0,633.0
1719330362.2013588,0.0,633.0
1719330362.3974004,0.0,633.0
1719330362.5950525,0.0,633.0
1719330362.7611427,0.0,633.0
1719330362.9045343,0.0,633.0
1719330363.0575497,0.0,633.0
1719330363.2108724,0.0,633.0
1719330363.3503795,0.0,633.0
1719330363.4862347,0.0,633.0
1719330363.6228383,0.0,633.0
1719330363.755387,0.0,633.0
1719330363.8863316,0.0,633.0
1719330364.025278,0.0,633.0
1719330364.1603622,0.0,633.0
1719330364.3103962,0.0,633.0
1719330364.4635344,0.0,633.0
1719330364.6137507,0.0,633.0
1719330364.7825265,0.0,633.0
1719330364.9508426,0.0,633.0
1719330365.1320093,0.0,633.0
1719330365.2741807,0.0,633.0
1719330365.4275155,0.0,633.0
1719330365.5853353,0.0,633.0
1719330365.729746,0.0,633.0
1719330365.8694236,0.0,633.0
1719330366.0365856,0.0,633.0
1719330366.2133393,0.0,633.0
1719330366.3794606,0.0,633.0
1719330366.5345623,0.0,633.0
1719330366.7335708,0.0,633.0
1719330366.9260602,0.0,633.0
1719330367.1161451,0.0,633.0
1719330367.2682593,0.0,633.0
1719330367.463229,0.0,633.0
1719330367.6494582,0.0,633.0
1719330367.809124,0.0,633.0
1719330367.9678414,0.0,633.0
1719330368.111744,0.0,633.0
1719330368.2482536,0.0,633.0
1719330368.3850768,0.0,633.0
1719330368.5205734,0.0,633.0
1719330368.6520934,0.0,633.0
1719330368.7904701,0.0,633.0
1719330368.9262056,0.0,633.0
1719330369.061338,0.0,633.0
1719330369.2239718,0.0,633.0
1719330369.3784587,0.0,633.0
1719330369.5399742,0.0,633.0
1719330369.7032037,0.0,633.0
1719330369.8618286,0.0,633.0
1719330370.027717,0.0,633.0
1719330370.171628,0.0,633.0
1719330370.330134,0.0,633.0
1719330370.4822106,0.0,633.0
1719330370.623964,0.0,633.0
1719330370.7825432,0.0,633.0
1719330370.9491158,0.0,633.0
1719330371.1023874,0.0,633.0
1719330371.2509344,0.0,633.0
1719330371.4476166,0.0,633.0
1719330371.63947,0.0,633.0
1719330371.8405068,0.0,633.0
1719330372.0404482,0.0,633.0
1719330372.2445066,0.0,633.0
1719330372.4055295,0.0,633.0
1719330372.5540252,0.0,633.0
1719330372.7124617,0.0,633.0
1719330372.8564782,0.0,633.0
1719330372.9921145,0.0,633.0
1719330373.1277304,0.0,633.0
1719330373.2634997,0.0,633.0
1719330373.3938818,0.0,633.0
1719330373.5282197,0.0,633.0
1719330373.6643505,0.0,633.0
1719330373.7989902,0.0,633.0
1719330373.9497774,0.0,633.0
1719330374.1040647,0.0,633.0
1719330374.2670527,0.0,633.0
1719330374.44497,0.0,633.0
1719330374.6056955,0.0,633.0
1719330374.7953947,0.0,633.0
1719330374.9388914,0.0,633.0
1719330375.0832782,0.0,633.0
1719330375.2266579,0.0,633.0
1719330375.388632,0.0,633.0
1719330375.546094,0.0,633.0
1719330375.7098837,0.0,633.0
1719330375.8675437,0.0,633.0
1719330376.0192838,0.0,633.0
1719330376.1662662,0.0,633.0
1719330376.3668869,0.0,633.0
1719330376.5310829,0.0,633.0
1719330376.7331486,0.0,633.0
1719330376.882616,0.0,633.0
1719330377.0825818,0.0,633.0
1719330377.2334514,0.0,633.0
1719330377.3999681,0.0,633.0
1719330377.5543754,0.0,633.0
1719330377.7056122,0.0,633.0
1719330377.8413815,0.0,633.0
1719330377.9774008,0.0,633.0
1719330378.112286,0.0,633.0
1719330378.2449827,0.0,633.0
1719330378.3803494,0.0,633.0
1719330378.5152452,0.0,633.0
1719330378.6514258,0.0,633.0
1719330378.812279,0.0,633.0
1719330378.9649487,0.0,633.0
1719330379.1185894,0.0,633.0
1719330379.2827125,0.0,633.0
1719330379.4311252,0.0,633.0
1719330379.608101,0.0,633.0
1719330379.7560742,0.0,633.0
1719330379.9226506,0.0,633.0
1719330380.0775406,0.0,633.0
1719330380.2203999,0.0,633.0
1719330380.372837,0.0,633.0
1719330380.5465274,0.0,633.0
1719330380.7082853,0.0,633.0
1719330380.8577461,0.0,633.0
1719330381.0572464,0.0,633.0
1719330381.245449,0.0,633.0
1719330381.4443312,0.0,633.0
1719330381.6436594,0.0,633.0
1719330381.8282762,0.0,633.0
1719330382.0065157,0.0,633.0
1719330382.1576753,0.0,633.0
1719330382.3152132,0.0,633.0
1719330382.4697702,0.0,633.0
1719330382.6050904,0.0,633.0
1719330382.74338,0.0,633.0
1719330382.8780344,0.0,633.0
1719330383.0095088,0.0,633.0
1719330383.1373546,0.0,633.0
1719330383.2732346,0.0,633.0
1719330383.406882,0.0,633.0
1719330383.544895,0.0,633.0
1719330383.718669,0.0,633.0
1719330383.873132,0.0,633.0
1719330384.0302846,0.0,633.0
1719330384.1807826,0.0,633.0
1719330384.3463142,0.0,633.0
1719330384.4942124,0.0,633.0
1719330384.6524637,0.0,633.0
1719330384.8016696,0.0,633.0
1719330384.9472544,0.0,633.0
1719330385.0904531,0.0,633.0
1719330385.24854,0.0,633.0
1719330385.410752,0.0,633.0
1719330385.5787933,0.0,633.0
1719330385.7196436,0.0,633.0
1719330385.9241364,0.0,633.0
1719330386.127099,0.0,633.0
1719330386.3280761,0.0,633.0
1719330386.477777,0.0,633.0
1719330386.6787899,0.0,633.0
1719330386.8375478,0.0,633.0
1719330386.977909,0.0,633.0
1719330387.1485918,0.0,633.0
1719330387.3109615,0.0,633.0
1719330387.447693,0.0,633.0
1719330387.5804198,0.0,633.0
1719330387.7181878,0.0,633.0
1719330387.8531468,0.0,633.0
1719330387.9839425,0.0,633.0
1719330388.1120396,0.0,633.0
1719330388.2493875,0.0,633.0
1719330388.3832052,0.0,633.0
1719330388.521558,0.0,633.0
1719330388.6709437,0.0,633.0
1719330388.825083,0.0,633.0
1719330388.9843593,0.0,633.0
1719330389.1572845,0.0,633.0
1719330389.3245132,0.0,633.0
1719330389.4911444,0.0,633.0
1719330389.6311014,0.0,633.0
1719330389.7783906,0.0,633.0
1719330389.929715,0.0,633.0
1719330390.0940194,0.0,633.0
1719330390.2587903,0.0,633.0
1719330390.4054992,0.0,633.0
1719330390.5700507,0.0,633.0
1719330390.7235754,0.0,633.0
1719330390.9162006,0.0,633.0
1719330391.126565,0.0,633.0
1719330391.331349,0.0,633.0
1719330391.534776,0.0,633.0
1719330391.7340891,0.0,633.0
1719330391.897903,0.0,633.0
1719330392.0505176,0.0,633.0
1719330392.2058077,0.0,633.0
1719330392.3747299,0.0,633.0
1719330392.5115833,0.0,633.0
1719330392.6474829,0.0,633.0
1719330392.7856152,0.0,633.0
1719330392.9165854,0.0,633.0
1719330393.052744,0.0,633.0
1719330393.189479,0.0,633.0
1719330393.3235836,0.0,633.0
1719330393.4736755,0.0,633.0
1719330393.65249,0.0,633.0
1719330393.8146627,0.0,633.0
1719330393.9709404,0.0,633.0
1719330394.1199598,0.0,633.0
1719330394.2953775,0.0,633.0
1719330394.4486597,0.0,633.0
1719330394.6159723,0.0,633.0
1719330394.7668953,0.0,633.0
1719330394.9107182,0.0,633.0
1719330395.0800757,0.0,633.0
1719330395.2376614,0.0,633.0
1719330395.3994417,0.0,633.0
1719330395.5578873,0.0,633.0
1719330395.7652261,0.0,633.0
1719330395.9517148,0.0,633.0
1719330396.145974,0.0,633.0
1719330396.3126771,0.0,633.0
1719330396.516651,0.0,633.0
1719330396.6581624,0.0,633.0
1719330396.827281,0.0,633.0
1719330396.9815557,0.0,633.0
1719330397.1272967,0.0,633.0
1719330397.2632113,0.0,633.0
1719330397.3987927,0.0,633.0
1719330397.5343137,0.0,633.0
1719330397.6653996,0.0,633.0
1719330397.8021724,0.0,633.0
1719330397.9394355,0.0,633.0
1719330398.115764,0.0,633.0
1719330398.275439,0.0,633.0
1719330398.439146,0.0,633.0
1719330398.5997245,0.0,633.0
1719330398.7724178,0.0,633.0
1719330398.9789238,0.0,633.0
1719330399.1353116,0.0,633.0
1719330399.3020089,0.0,633.0
1719330399.468245,0.0,633.0
1719330399.6059077,0.0,633.0
1719330399.7499568,0.0,633.0
1719330399.924402,0.0,633.0
1719330400.0860975,0.0,633.0
1719330400.2297213,0.0,633.0
1719330400.434874,0.0,633.0
1719330400.6377137,0.0,633.0
1719330400.8418608,0.0,633.0
1719330401.0003154,0.0,633.0
1719330401.1938992,0.0,633.0
1719330401.3740015,0.0,633.0
1719330401.551014,0.0,633.0
1719330401.7179623,0.0,633.0
1719330401.8604245,0.0,633.0
1719330401.9953861,0.0,633.0
1719330402.1302936,0.0,633.0
1719330402.265203,0.0,633.0
1719330402.397311,0.0,633.0
1719330402.5326731,0.0,633.0
1719330402.6691542,0.0,633.0
1719330402.8081045,0.0,633.0
1719330402.9633439,0.0,633.0
1719330403.111785,0.0,633.0
1719330403.26795,0.0,633.0
1719330403.4505696,0.0,633.0
1719330403.6027675,0.0,633.0
1719330403.7758186,0.0,633.0
1719330403.9226975,0.0,633.0
1719330404.1005013,0.0,633.0
1719330404.244627,0.0,633.0
1719330404.3948846,0.0,633.0
1719330404.5424967,0.0,633.0
1719330404.6978679,0.0,633.0
1719330404.852892,0.0,633.0
1719330404.99327,0.0,633.0
1719330405.1954706,0.0,633.0
1719330405.4004385,0.0,633.0
1719330405.6023204,0.0,633.0
1719330405.7876017,0.0,633.0
1719330405.9740186,0.0,633.0
1719330406.1457415,0.0,633.0
1719330406.2971828,0.0,633.0
1719330406.4592419,0.0,633.0
1719330406.6183634,0.0,633.0
1719330406.753809,0.0,633.0
1719330406.890358,0.0,633.0
1719330407.02555,0.0,633.0
1719330407.1563592,0.0,633.0
1719330407.288581,0.0,633.0
1719330407.4251738,0.0,633.0
1719330407.5589883,0.0,633.0
1719330407.72092,0.0,633.0
1719330407.886783,0.0,633.0
1719330408.0439894,0.0,633.0
1719330408.1950943,0.0,633.0
1719330408.3580184,0.0,633.0
1719330408.5563955,0.0,633.0
1719330408.7008963,0.0,633.0
1719330408.8578353,0.0,633.0
1719330409.000315,0.0,633.0
1719330409.1406393,0.0,633.0
1719330409.2981167,0.0,633.0
1719330409.4782639,0.0,633.0
1719330409.652748,0.0,633.0
1719330409.795348,0.0,633.0
1719330410.0042446,0.0,633.0
1719330410.20702,0.0,633.0
1719330410.4074783,0.0,633.0
1719330410.571531,0.0,633.0
1719330410.7580857,0.0,633.0
1719330410.934787,0.0,633.0
1719330411.0916207,0.0,633.0
1719330411.239063,0.0,633.0
1719330411.4007256,0.0,633.0
1719330411.548243,0.0,633.0
1719330411.684386,0.0,633.0
1719330411.8194792,0.0,633.0
1719330411.9492753,0.0,633.0
1719330412.0855334,0.0,633.0
1719330412.2241638,0.0,633.0
1719330412.3588808,0.0,633.0
1719330412.5029216,0.0,633.0
1719330412.6578183,0.0,633.0
1719330412.8123374,0.0,633.0
1719330412.9716473,0.0,633.0
1719330413.1297443,0.0,633.0
1719330413.3146985,0.0,633.0
1719330413.453835,0.0,633.0
1719330413.627117,0.0,633.0
1719330413.7721004,0.0,633.0
1719330413.9168735,0.0,633.0
1719330414.0604396,0.0,633.0
1719330414.2047753,0.0,633.0
1719330414.3712332,0.0,633.0
1719330414.5128596,0.0,633.0
1719330414.7066917,0.0,633.0
1719330414.9058015,0.0,633.0
1719330415.0853248,0.0,633.0
1719330415.2752154,0.0,633.0
1719330415.4693227,0.0,633.0
1719330415.6356304,0.0,633.0
1719330415.7920353,0.0,633.0
1719330415.9655933,0.0,633.0
1719330416.1104517,0.0,633.0
1719330416.246833,0.0,633.0
1719330416.3848906,0.0,633.0
1719330416.5203483,0.0,633.0
1719330416.6511757,0.0,633.0
1719330416.784804,0.0,633.0
1719330416.92106,0.0,633.0
1719330417.0567331,0.0,633.0
1719330417.2221503,0.0,633.0
1719330417.3867893,0.0,633.0
1719330417.5355768,0.0,633.0
1719330417.7044914,0.0,633.0
1719330417.8655665,0.0,633.0
1719330418.0507433,0.0,633.0
1719330418.1984406,0.0,633.0
1719330418.3533344,0.0,633.0
1719330418.4936368,0.0,633.0
1719330418.6422353,0.0,633.0
1719330418.8072615,0.0,633.0
1719330418.978737,0.0,633.0
1719330419.1270168,0.0,633.0
1719330419.270522,0.0,633.0
1719330419.4661477,0.0,633.0
1719330419.660191,0.0,633.0
1719330419.8617227,0.0,633.0
1719330420.0573835,0.0,633.0
1719330420.2603326,0.0,633.0
1719330420.4398065,0.0,633.0
1719330420.5836823,0.0,633.0
1719330420.7554204,0.0,633.0
1719330420.8962784,0.0,633.0
1719330421.0321596,0.0,633.0
1719330421.168669,0.0,633.0
1719330421.303014,0.0,633.0
1719330421.435087,0.0,633.0
1719330421.5709722,0.0,633.0
1719330421.7065468,0.0,633.0
1719330421.8439212,0.0,633.0
1719330422.006465,0.0,633.0
1719330422.1730018,0.0,633.0
1719330422.3337367,0.0,633.0
1719330422.5047395,0.0,633.0
1719330422.6734798,0.0,633.0
1719330422.8437715,0.0,633.0
1719330423.0017536,0.0,633.0
1719330423.1537635,0.0,633.0
1719330423.2958314,0.0,633.0
1719330423.438759,0.0,633.0
1719330423.593773,0.0,633.0
1719330423.7379534,0.0,633.0
1719330423.8981676,0.0,633.0
1719330424.0418153,0.0,633.0
1719330424.23881,0.0,633.0
1719330424.4507844,0.0,633.0
1719330424.6524618,0.0,633.0
1719330424.8437266,0.0,633.0
1719330425.048958,0.0,633.0
1719330425.209114,0.0,633.0
1719330425.3614423,0.0,633.0
1719330425.5169797,0.0,633.0
1719330425.6723406,0.0,633.0
1719330425.8078315,0.0,633.0
1719330425.9451804,0.0,633.0
1719330426.0810995,0.0,633.0
1719330426.2127514,0.0,633.0
1719330426.348305,0.0,633.0
1719330426.4823813,0.0,633.0
1719330426.6171026,0.0,633.0
1719330426.7711408,0.0,633.0
1719330426.9218147,0.0,633.0
1719330427.081142,0.0,633.0
1719330427.2455683,0.0,633.0
1719330427.4192898,0.0,633.0
1719330427.5950572,0.0,633.0
1719330427.7417536,0.0,633.0
1719330427.9017444,0.0,633.0
1719330428.065902,0.0,633.0
1719330428.208486,0.0,633.0
1719330428.3550224,0.0,633.0
1719330428.5242352,0.0,633.0
1719330428.6915278,0.0,697.0
1719330428.8477292,7.0,4067.0
1719330429.066618,12.0,10009.0
1719330429.2895174,77.0,30409.0
1719330429.4860954,100.0,32713.0
1719330429.650275,47.0,38875.0
1719330429.8190715,82.0,49629.0
1719330430.0028849,100.0,49631.0
1719330430.1648304,97.0,49633.0
1719330430.3428955,97.0,49647.0
1719330430.5871897,57.0,49647.0
1719330430.752322,8.0,49647.0
1719330430.9014378,79.0,49647.0
1719330431.048009,100.0,49647.0
1719330431.2002244,99.0,49647.0
1719330431.3469744,100.0,49647.0
1719330431.5358467,100.0,49647.0
1719330431.7015097,100.0,49647.0
1719330431.8763998,90.0,49647.0
1719330432.0750313,15.0,49647.0
1719330432.2588904,100.0,49647.0
1719330432.443036,100.0,49647.0
1719330432.598218,99.0,49647.0
1719330432.7736983,100.0,49647.0
1719330432.9467237,100.0,49647.0
1719330433.1067226,100.0,49647.0
1719330433.2786477,54.0,49647.0
1719330433.4693012,59.0,49647.0
1719330433.641343,100.0,49647.0
1719330433.8044465,99.0,49647.0
1719330434.0257165,100.0,49647.0
1719330434.2267885,100.0,49647.0
1719330434.4334302,100.0,49647.0
1719330434.621727,11.0,49647.0
1719330434.8609364,11.0,49647.0
1719330435.0340502,100.0,49647.0
1719330435.2190692,98.0,49647.0
1719330435.3952146,98.0,49647.0
1719330435.5467844,100.0,49647.0
1719330435.6971145,100.0,49647.0
1719330435.8467467,100.0,49647.0
1719330435.9910648,100.0,49647.0
1719330436.1444094,32.0,49647.0
1719330436.2935085,100.0,49647.0
1719330436.4726377,99.0,49647.0
1719330436.670986,100.0,49647.0
1719330436.8438442,100.0,49647.0
1719330437.0191946,100.0,49647.0
1719330437.1933756,100.0,49647.0
1719330437.3871703,54.0,49647.0
1719330437.5468254,53.0,49647.0
1719330437.729636,100.0,49647.0
1719330437.8947198,95.0,49647.0
1719330438.0635004,100.0,49647.0
1719330438.2325156,100.0,49647.0
1719330438.437324,100.0,49647.0
1719330438.6132498,30.0,49647.0
1719330438.7881532,100.0,49647.0
1719330439.0183647,92.0,49647.0
1719330439.2227612,100.0,49647.0
1719330439.4559598,100.0,49647.0
1719330439.624082,100.0,49647.0
1719330439.8353298,100.0,49647.0
1719330440.0113413,67.0,49647.0
1719330440.202596,60.0,49647.0
1719330440.4358335,99.0,49647.0
1719330440.6003299,99.0,49647.0
1719330440.7515867,100.0,49647.0
1719330440.8999865,100.0,49647.0
1719330441.0462968,100.0,49647.0
1719330441.1979604,100.0,49647.0
1719330441.354195,27.0,49647.0
1719330441.5325284,100.0,49647.0
1719330441.7072308,99.0,49647.0
1719330441.8753533,100.0,49647.0
1719330442.0632963,100.0,49647.0
1719330442.2478364,100.0,49647.0
1719330442.4487665,53.0,49647.0
1719330442.657095,53.0,49647.0
1719330442.8187647,76.0,49647.0
1719330442.982679,100.0,49647.0
1719330443.1723511,99.0,49647.0
1719330443.3391106,100.0,49647.0
1719330443.5234723,100.0,49647.0
1719330443.7012284,93.0,49647.0
1719330443.967315,100.0,49647.0
1719330444.2310336,95.0,49647.0
1719330444.4732227,100.0,49647.0
1719330444.6798575,100.0,49647.0
1719330444.8443162,100.0,49647.0
1719330445.0070689,100.0,49647.0
1719330445.1862714,66.0,49647.0
1719330445.3856542,74.0,49647.0
1719330445.5370095,100.0,49647.0
1719330445.68855,93.0,49647.0
1719330445.8386033,93.0,49647.0
1719330445.9876053,100.0,49647.0
1719330446.1330385,100.0,49647.0
1719330446.2841923,100.0,49647.0
1719330446.437001,97.0,49647.0
1719330446.5973709,51.0,49647.0
1719330446.7824755,100.0,49647.0
1719330446.9743893,94.0,49647.0
1719330447.1775863,100.0,49647.0
1719330447.3573458,100.0,49647.0
1719330447.5498364,100.0,49647.0
1719330447.7226398,100.0,49647.0
1719330447.912787,100.0,49647.0
1719330448.0969095,99.0,49647.0
1719330448.257414,99.0,49647.0
1719330448.4277458,100.0,49647.0
1719330448.6076207,100.0,49647.0
1719330448.7791426,100.0,49647.0
1719330448.982289,21.0,49647.0
1719330449.3285553,100.0,49647.0
1719330449.5908065,99.0,49647.0
1719330449.7895145,100.0,49647.0
1719330449.971837,100.0,49647.0
1719330450.144005,100.0,49647.0
1719330450.3351388,48.0,49647.0
1719330450.5250146,72.0,49647.0
1719330450.6740997,72.0,49647.0
1719330450.8240068,100.0,49647.0
1719330450.9801824,99.0,49647.0
1719330451.1248894,99.0,49647.0
1719330451.2771087,100.0,49647.0
1719330451.428889,100.0,49647.0
1719330451.5797644,98.0,49647.0
1719330451.7645187,21.0,49647.0
1719330451.9574287,21.0,49647.0
1719330452.1206653,99.0,49647.0
1719330452.3049643,100.0,49647.0
1719330452.4851096,100.0,49647.0
1719330452.6484294,100.0,49647.0
1719330452.855769,100.0,49647.0
1719330453.0212526,49.0,49647.0
1719330453.1882064,86.0,49647.0
1719330453.3860886,100.0,49647.0
1719330453.5690954,100.0,49647.0
1719330453.748819,99.0,49647.0
1719330453.9088693,100.0,49647.0
1719330454.1404479,83.0,49647.0
1719330454.3624053,27.0,49647.0
1719330454.6142378,100.0,49647.0
1719330454.828298,99.0,49647.0
1719330455.007301,100.0,49647.0
1719330455.1668465,100.0,49647.0
1719330455.355833,100.0,49647.0
1719330455.5295558,100.0,49647.0
1719330455.7083123,43.0,49647.0
1719330455.8613245,93.0,49647.0
1719330456.0123024,93.0,49647.0
1719330456.1601331,100.0,49647.0
1719330456.3120172,99.0,49647.0
1719330456.4632955,100.0,49647.0
1719330456.6117089,100.0,49647.0
1719330456.7816947,76.0,49647.0
1719330457.0038404,43.0,49647.0
1719330457.1682441,43.0,49647.0
1719330457.3555188,100.0,49647.0
1719330457.5542002,100.0,49647.0
1719330457.716333,100.0,49647.0
1719330457.8898406,100.0,49647.0
1719330458.0517104,100.0,49647.0
1719330458.2238364,25.0,49647.0
1719330458.418448,93.0,49647.0
1719330458.5900443,93.0,49647.0
1719330458.7738285,90.0,49647.0
1719330458.9505396,100.0,49647.0
1719330459.1942053,100.0,49647.0
1719330459.4387882,85.0,49647.0
1719330459.6867266,17.0,49647.0
1719330459.87602,100.0,49647.0
1719330460.07972,99.0,49647.0
1719330460.2400286,100.0,49647.0
1719330460.4433467,100.0,49647.0
1719330460.624669,100.0,49647.0
1719330460.779467,100.0,49647.0
1719330460.9388318,53.0,49647.0
1719330461.0919743,90.0,49647.0
1719330461.2359736,100.0,49647.0
1719330461.3918219,100.0,49647.0
1719330461.5438251,99.0,49647.0
1719330461.769309,100.0,49647.0
1719330461.951058,100.0,49647.0
1719330462.128643,80.0,49647.0
1719330462.319585,42.0,49647.0
1719330462.4970531,100.0,49647.0
1719330462.7047527,92.0,49647.0
1719330462.887182,100.0,49647.0
1719330463.0709689,100.0,49647.0
1719330463.23985,100.0,49647.0
1719330463.3998322,34.0,49647.0
1719330463.5893886,99.0,49647.0
1719330463.7577367,99.0,49647.0
1719330463.9352276,99.0,49647.0
1719330464.1011698,100.0,49647.0
1719330464.3679652,100.0,49647.0
1719330464.555836,100.0,49647.0
1719330464.7987196,37.0,49647.0
1719330465.0337484,37.0,49647.0
1719330465.2009213,99.0,49647.0
1719330465.402417,100.0,49647.0
1719330465.579336,100.0,49647.0
1719330465.7379832,100.0,49647.0
1719330465.88681,100.0,49647.0
1719330466.0389454,36.0,49647.0
1719330466.1894429,36.0,49647.0
1719330466.342356,100.0,49647.0
1719330466.4928544,99.0,49647.0
1719330466.6427555,100.0,49647.0
1719330466.8230891,100.0,49647.0
1719330467.020913,100.0,49647.0
1719330467.194621,100.0,49647.0
1719330467.3809276,66.0,49647.0
1719330467.555351,40.0,49647.0
1719330467.7180116,100.0,49647.0
1719330467.9156272,98.0,49647.0
1719330468.083848,100.0,49647.0
1719330468.2538283,100.0,49647.0
1719330468.448353,100.0,49647.0
1719330468.6276503,29.0,49647.0
1719330468.829354,29.0,49647.0
1719330469.0568266,100.0,49647.0
1719330469.2740211,95.0,49647.0
1719330469.4767609,100.0,49647.0
1719330469.7084508,100.0,49647.0
1719330469.9381053,87.0,49647.0
1719330470.1328297,29.0,49647.0
1719330470.2978554,100.0,49647.0
1719330470.4771872,99.0,49647.0
1719330470.6434278,100.0,49647.0
1719330470.7955408,100.0,49647.0
1719330470.9467657,100.0,49647.0
1719330471.0995307,100.0,49647.0
1719330471.2455509,40.0,49647.0
1719330471.416393,40.0,49647.0
1719330471.5758357,94.0,49647.0
1719330471.7861834,99.0,49647.0
1719330471.963057,99.0,49647.0
1719330472.1294484,100.0,49647.0
1719330472.3097372,100.0,49647.0
1719330472.4820085,75.0,49647.0
1719330472.665668,60.0,49647.0
1719330472.8511724,100.0,49647.0
1719330473.0295694,100.0,49647.0
1719330473.270426,99.0,49647.0
1719330473.4493868,100.0,49647.0
1719330473.6340013,100.0,49647.0
1719330473.8309002,42.0,49647.0
1719330474.0313246,100.0,49647.0
1719330474.2811103,99.0,49647.0
1719330474.465812,100.0,49647.0
1719330474.6742241,100.0,49647.0
1719330474.8945448,100.0,49647.0
1719330475.0490024,34.0,49647.0
1719330475.251777,34.0,49647.0
1719330475.4990249,100.0,49647.0
1719330475.6649947,100.0,49647.0
1719330475.8163116,98.0,49647.0
1719330475.9655607,100.0,49647.0
1719330476.1142275,100.0,49647.0
1719330476.2636774,100.0,49647.0
1719330476.414068,81.0,49647.0
1719330476.5641725,65.0,49647.0
1719330476.7456868,100.0,49647.0
1719330476.9239752,98.0,49647.0
1719330477.0948782,100.0,49647.0
1719330477.2749767,100.0,49647.0
1719330477.471426,100.0,49647.0
1719330477.6358676,100.0,49647.0
1719330477.8254533,34.0,49647.0
1719330477.9842184,100.0,49647.0
1719330478.1652217,99.0,49647.0
1719330478.3404188,100.0,49647.0
1719330478.5213673,100.0,49647.0
1719330478.7001657,100.0,49647.0
1719330478.865987,40.0,49647.0
1719330479.1360857,39.0,49647.0
1719330479.3336384,100.0,49647.0
1719330479.5897524,99.0,49647.0
1719330479.7812653,100.0,49647.0
1719330479.9690459,100.0,49647.0
1719330480.1446278,100.0,49647.0
1719330480.3241477,43.0,49647.0
1719330480.5115716,43.0,49647.0
1719330480.720278,100.0,49647.0
1719330480.8710554,99.0,49647.0
1719330481.0208638,100.0,49647.0
1719330481.1648679,100.0,49647.0
1719330481.3155208,100.0,49647.0
1719330481.4663267,100.0,49647.0
1719330481.6581368,56.0,49647.0
1719330481.836446,64.0,49647.0
1719330482.0035043,100.0,49647.0
1719330482.1964912,90.0,49647.0
1719330482.3711584,100.0,49647.0
1719330482.6050909,100.0,49647.0
1719330482.797861,100.0,49647.0
1719330482.9688344,35.0,49647.0
1719330483.1412907,100.0,49647.0
1719330483.3396397,99.0,49647.0
1719330483.5404077,100.0,49647.0
1719330483.7217772,100.0,49647.0
1719330483.882084,100.0,49647.0
1719330484.1297822,100.0,49647.0
1719330484.3586693,62.0,49647.0
1719330484.599448,100.0,49647.0
1719330484.8237517,99.0,49647.0
1719330485.0075889,100.0,49647.0
1719330485.179958,100.0,49647.0
1719330485.373356,99.0,49647.0
1719330485.5411093,99.0,49647.0
1719330485.7558935,100.0,49647.0
1719330485.925249,100.0,49647.0
1719330486.080068,99.0,49647.0
1719330486.2291422,100.0,49647.0
1719330486.3804054,100.0,49647.0
1719330486.5341763,100.0,49647.0
1719330486.710575,100.0,49647.0
1719330486.8928354,41.0,49647.0
1719330487.0632145,77.0,49647.0
1719330487.2630208,100.0,49647.0
1719330487.4402115,99.0,49647.0
1719330487.607463,100.0,49647.0
1719330487.8009214,100.0,49647.0
1719330487.9618983,100.0,49647.0
1719330488.1350908,91.0,49647.0
1719330488.3282993,53.0,49647.0
1719330488.5837643,99.0,49647.0
1719330488.7747808,100.0,49647.0
1719330488.9703555,100.0,49647.0
1719330489.221337,100.0,49647.0
1719330489.420339,18.0,49647.0
1719330489.6396549,96.0,49647.0
1719330489.878268,97.0,49647.0
1719330490.0765932,100.0,49647.0
1719330490.2442205,100.0,49647.0
1719330490.4290698,100.0,49647.0
1719330490.5913298,72.0,49647.0
1719330490.7580183,72.0,49647.0
1719330490.9120407,75.0,49647.0
1719330491.065377,100.0,49647.0
1719330491.21221,96.0,49647.0
1719330491.3742473,96.0,49647.0
1719330491.5224392,100.0,49647.0
1719330491.7013025,100.0,49647.0
1719330491.881814,96.0,49647.0
1719330492.066325,30.0,49647.0
1719330492.2514565,100.0,49647.0
1719330492.4452937,99.0,49647.0
1719330492.615989,100.0,49647.0
1719330492.820005,100.0,49647.0
1719330492.9868555,100.0,49647.0
1719330493.1588893,100.0,49647.0
1719330493.3522625,39.0,49647.0
1719330493.5365822,85.0,49647.0
1719330493.7412994,100.0,49647.0
1719330493.9206672,99.0,49647.0
1719330494.1685026,100.0,49647.0
1719330494.3531466,100.0,49647.0
1719330494.5738916,83.0,49647.0
1719330494.7627857,50.0,49647.0
1719330494.9670854,100.0,49647.0
1719330495.135825,99.0,49647.0
1719330495.315424,100.0,49647.0
1719330495.4936647,100.0,49647.0
1719330495.6430385,100.0,49647.0
1719330495.8010566,100.0,49647.0
1719330495.9531374,45.0,49647.0
1719330496.0990071,100.0,49647.0
1719330496.2521374,100.0,49647.0
1719330496.4154882,99.0,49647.0
1719330496.609378,100.0,49647.0
1719330496.7814848,100.0,49647.0
1719330496.9735286,100.0,49647.0
1719330497.1543744,46.0,49647.0
1719330497.3511171,79.0,49647.0
1719330497.5254738,100.0,49647.0
1719330497.6807473,99.0,49647.0
1719330497.8558424,100.0,49647.0
1719330498.0367348,100.0,49647.0
1719330498.201026,100.0,49647.0
1719330498.3823135,89.0,49647.0
1719330498.5797236,39.0,49647.0
1719330498.753678,100.0,49647.0
1719330498.9308286,99.0,49647.0
1719330499.1819763,100.0,49647.0
1719330499.3612692,100.0,49647.0
1719330499.5773232,100.0,49647.0
1719330499.7460024,30.0,49647.0
1719330499.9700196,61.0,49647.0
1719330500.1261668,100.0,49647.0
1719330500.3204246,98.0,49647.0
1719330500.4919252,100.0,49647.0
1719330500.6502025,100.0,49647.0
1719330500.8038697,100.0,49647.0
1719330500.9532888,100.0,49647.0
1719330501.104697,46.0,49647.0
1719330501.2546253,46.0,49647.0
1719330501.405438,100.0,49647.0
1719330501.6039953,98.0,49647.0
1719330501.8042552,100.0,49647.0
1719330501.985102,100.0,49647.0
1719330502.1818898,100.0,49647.0
1719330502.3999605,34.0,49647.0
1719330502.5670104,79.0,49647.0
1719330502.734177,100.0,49647.0
1719330502.9272923,94.0,49647.0
1719330503.0925567,100.0,49647.0
1719330503.2813008,100.0,49647.0
1719330503.4451919,100.0,49647.0
1719330503.6327422,96.0,49647.0
1719330503.8014717,26.0,49647.0
1719330504.046616,100.0,49647.0
1719330504.2631342,100.0,49647.0
1719330504.4987247,100.0,49647.0
1719330504.7139683,100.0,49647.0
1719330504.918678,100.0,49647.0
1719330505.08893,50.0,49647.0
1719330505.2792416,78.0,49647.0
1719330505.4510646,100.0,49647.0
1719330505.603021,99.0,49647.0
1719330505.7596726,99.0,49647.0
1719330505.9121728,100.0,49647.0
1719330506.0595548,100.0,49647.0
1719330506.2114513,93.0,49647.0
1719330506.3626318,93.0,49647.0
1719330506.5103567,100.0,49647.0
1719330506.6855893,100.0,49647.0
1719330506.8709319,100.0,49647.0
1719330507.0523815,100.0,49647.0
1719330507.2525723,100.0,49647.0
1719330507.4653575,100.0,49647.0
1719330507.6400778,42.0,49647.0
1719330507.8325603,100.0,49647.0
1719330507.9945922,99.0,49647.0
1719330508.1599886,100.0,49647.0
1719330508.3486423,100.0,49647.0
1719330508.525795,100.0,49647.0
1719330508.6971817,100.0,49647.0
1719330508.8912635,81.0,49647.0
1719330509.1332724,100.0,49647.0
1719330509.3338552,98.0,49647.0
1719330509.5567114,100.0,49647.0
1719330509.8048387,100.0,49647.0
1719330510.0052469,90.0,49647.0
1719330510.1825314,41.0,49647.0
1719330510.3558216,41.0,49647.0
1719330510.5239933,100.0,49647.0
1719330510.6770751,99.0,49647.0
1719330510.828844,100.0,49647.0
1719330510.977154,100.0,49647.0
1719330511.1237707,100.0,49647.0
1719330511.2797024,100.0,49647.0
1719330511.4492514,41.0,49647.0
1719330511.6198545,100.0,49647.0
1719330511.8008714,99.0,49647.0
1719330511.9801743,100.0,49647.0
1719330512.1532712,100.0,49647.0
1719330512.3361597,100.0,49647.0
1719330512.511109,56.0,49647.0
1719330512.720234,56.0,49647.0
1719330512.9496806,66.0,49647.0
1719330513.116277,100.0,49647.0
1719330513.2837222,99.0,49647.0
1719330513.4683702,100.0,49647.0
1719330513.6406605,100.0,49647.0
1719330513.8034072,100.0,49647.0
1719330514.0853853,92.0,49647.0
1719330514.3180163,100.0,49647.0
1719330514.5644395,98.0,49647.0
1719330514.7902753,100.0,49647.0
1719330514.9809728,100.0,49647.0
1719330515.1600811,100.0,49647.0
1719330515.3785033,78.0,49647.0
1719330515.5398264,38.0,49647.0
1719330515.690213,100.0,49647.0
1719330515.8459086,94.0,49647.0
1719330515.9945114,94.0,49647.0
1719330516.138142,100.0,49647.0
1719330516.2898703,100.0,49647.0
1719330516.4400837,100.0,49647.0
1719330516.6110785,100.0,49647.0
1719330516.8000221,74.0,49647.0
1719330516.9773035,100.0,49647.0
1719330517.183584,99.0,49647.0
1719330517.3773725,99.0,49647.0
1719330517.5824115,100.0,49647.0
1719330517.7721536,100.0,49647.0
1719330517.9297402,93.0,49647.0
1719330518.1047041,45.0,49647.0
1719330518.2910368,100.0,49647.0
1719330518.4601874,98.0,49647.0
1719330518.6377892,100.0,49647.0
1719330518.8068814,100.0,49647.0
1719330519.0396688,100.0,49647.0
1719330519.3109548,27.0,49647.0
1719330519.631828,100.0,49647.0
1719330519.8551388,99.0,49647.0
1719330520.056162,100.0,49647.0
1719330520.2173467,100.0,49647.0
1719330520.404546,77.0,49647.0
1719330520.5657144,77.0,49647.0
1719330520.7203577,49.0,49647.0
1719330520.8693025,100.0,49647.0
1719330521.0164685,100.0,49647.0
1719330521.1598747,99.0,49647.0
1719330521.3110657,100.0,49647.0
1719330521.4609914,100.0,49647.0
1719330521.635462,100.0,49647.0
1719330521.8083546,44.0,49647.0
1719330522.001523,100.0,49647.0
1719330522.1803896,100.0,49647.0
1719330522.3598363,99.0,49647.0
1719330522.6132672,100.0,49647.0
1719330522.7905884,100.0,49647.0
1719330522.9512439,100.0,49647.0
1719330523.1418898,45.0,49647.0
1719330523.3434775,86.0,49647.0
1719330523.5261884,100.0,49647.0
1719330523.7226276,99.0,49647.0
1719330523.896198,100.0,49647.0
1719330524.1393356,100.0,49647.0
1719330524.3371239,82.0,49647.0
1719330524.635829,2.0,49647.0
1719330524.8519924,99.0,49647.0
1719330525.0414805,100.0,49647.0
1719330525.206333,100.0,49647.0
1719330525.3832586,100.0,49647.0
1719330525.565995,100.0,49647.0
1719330525.7153406,68.0,49647.0
1719330525.8666432,79.0,49647.0
1719330526.0175242,79.0,49647.0
1719330526.1638415,100.0,49647.0
1719330526.308853,99.0,49647.0
1719330526.4578724,99.0,49647.0
1719330526.6066146,100.0,49647.0
1719330526.7907135,100.0,49647.0
1719330526.9718406,91.0,49647.0
1719330527.1540594,34.0,49647.0
1719330527.3372538,100.0,49647.0
1719330527.533102,99.0,49647.0
1719330527.6900897,100.0,49647.0
1719330527.86103,100.0,49647.0
1719330528.0315807,100.0,49647.0
1719330528.1971989,36.0,49647.0
1719330528.406758,36.0,49647.0
1719330528.602953,89.0,49647.0
1719330528.794454,100.0,49647.0
1719330528.9547698,100.0,49647.0
1719330529.2183034,100.0,49647.0
1719330529.4454782,80.0,49647.0
1719330529.7159436,11.0,49647.0
1719330529.9332037,100.0,49647.0
1719330530.1096134,100.0,49647.0
1719330530.2784204,100.0,49647.0
1719330530.4490597,100.0,49647.0
1719330530.647493,100.0,49647.0
1719330530.7968783,100.0,49647.0
1719330530.947262,59.0,49647.0
1719330531.1000755,86.0,49647.0
1719330531.2647998,100.0,49647.0
1719330531.4322937,100.0,49647.0
1719330531.5971696,99.0,49647.0
1719330531.7812352,100.0,49647.0
1719330531.958623,100.0,49647.0
1719330532.1379712,82.0,49647.0
1719330532.3431108,37.0,49647.0
1719330532.5516717,100.0,49647.0
1719330532.720515,99.0,49647.0
1719330532.9106474,100.0,49647.0
1719330533.0709355,100.0,49647.0
1719330533.251203,100.0,49647.0
1719330533.4274416,34.0,49647.0
1719330533.6559603,34.0,49647.0
1719330533.8969092,94.0,49647.0
1719330534.0981905,100.0,49647.0
1719330534.3553984,100.0,49647.0
1719330534.587155,100.0,49647.0
1719330534.7933342,74.0,49647.0
1719330535.0181491,27.0,49647.0
1719330535.2047539,100.0,49647.0
1719330535.398231,99.0,49647.0
1719330535.574812,100.0,49647.0
1719330535.7284453,100.0,49647.0
1719330535.8787897,100.0,49647.0
1719330536.0295658,100.0,49647.0
1719330536.1785529,48.0,49647.0
1719330536.3287933,100.0,49647.0
1719330536.4783673,100.0,49647.0
1719330536.6301286,99.0,49647.0
1719330536.8065014,100.0,49647.0
1719330536.9911685,100.0,49647.0
1719330537.1560738,100.0,49647.0
1719330537.3415053,65.0,49647.0
1719330537.5541177,65.0,49647.0
1719330537.7143946,100.0,49647.0
1719330537.9078412,99.0,49647.0
1719330538.0761302,99.0,49647.0
1719330538.2616801,100.0,49647.0
1719330538.434618,100.0,49647.0
1719330538.6060667,100.0,49647.0
1719330538.811372,29.0,49647.0
1719330538.9665654,100.0,49647.0
1719330539.2118251,99.0,49647.0
1719330539.4202943,100.0,49647.0
1719330539.6622634,100.0,49647.0
1719330539.8865628,100.0,49647.0
1719330540.060919,45.0,49647.0
1719330540.2264636,56.0,49647.0
1719330540.420363,100.0,49647.0
1719330540.6169627,96.0,49647.0
1719330540.767349,96.0,49647.0
1719330540.9191432,100.0,49647.0
1719330541.069153,100.0,49647.0
1719330541.214292,100.0,49647.0
1719330541.391861,100.0,49647.0
1719330541.5423923,44.0,49647.0
1719330541.7321289,99.0,49647.0
1719330541.9115336,99.0,49647.0
1719330542.100831,100.0,49647.0
1719330542.2880697,100.0,49647.0
1719330542.4644864,43.0,49647.0
1719330542.7060618,43.0,49647.0
1719330542.8954,75.0,49647.0
1719330543.065235,100.0,49647.0
1719330543.232646,99.0,49647.0
1719330543.4225504,100.0,49647.0
1719330543.608788,100.0,49647.0
1719330543.7924354,100.0,49647.0
1719330543.9595084,93.0,49647.0
1719330544.1576607,100.0,49647.0
1719330544.3858442,99.0,49647.0
1719330544.5840356,100.0,49647.0
1719330544.8019915,100.0,49647.0
1719330545.0194423,100.0,49647.0
1719330545.2067184,100.0,49647.0
1719330545.3721895,43.0,49647.0
1719330545.5690446,99.0,49647.0
1719330545.7333288,99.0,49647.0
1719330545.8873358,100.0,49647.0
1719330546.037738,100.0,49647.0
1719330546.186523,100.0,49647.0
1719330546.3383248,100.0,49647.0
1719330546.4912312,61.0,49647.0
1719330546.6404881,83.0,49647.0
1719330546.8225896,100.0,49647.0
1719330547.0118425,100.0,49647.0
1719330547.176686,100.0,49647.0
1719330547.360026,100.0,49647.0
1719330547.5462623,100.0,49647.0
1719330547.7111282,95.0,49647.0
1719330547.899198,54.0,49647.0
1719330548.057386,100.0,49647.0
1719330548.2364554,99.0,49647.0
1719330548.4175656,100.0,49647.0
1719330548.6007242,100.0,49647.0
1719330548.7770846,100.0,49647.0
1719330548.937407,100.0,49647.0
1719330549.1993406,16.0,49647.0
1719330549.4248831,100.0,49647.0
1719330549.6366286,100.0,49647.0
1719330549.8058627,98.0,49647.0
1719330550.027163,100.0,49647.0
1719330550.1978896,92.0,49647.0
1719330550.386021,31.0,49647.0
1719330550.5693572,31.0,49647.0
1719330550.728704,100.0,49647.0
1719330550.8801641,98.0,49647.0
1719330551.030556,98.0,49647.0
1719330551.1751626,100.0,49647.0
1719330551.3257456,100.0,49647.0
1719330551.4784088,100.0,49647.0
1719330551.6532314,100.0,49647.0
1719330551.8368096,81.0,49647.0
1719330552.0264404,100.0,49647.0
1719330552.21631,99.0,49647.0
1719330552.3963537,100.0,49647.0
1719330552.6189005,100.0,49647.0
1719330552.8017256,100.0,49647.0
1719330552.970477,89.0,49647.0
1719330553.1447053,46.0,49647.0
1719330553.3209803,100.0,49647.0
1719330553.4930086,99.0,49647.0
1719330553.6781852,100.0,49647.0
1719330553.8418298,100.0,49647.0
1719330554.0220935,100.0,49647.0
1719330554.250039,100.0,49647.0
1719330554.4406965,88.0,49647.0
1719330554.6593792,100.0,49647.0
1719330554.9020562,88.0,49647.0
1719330555.0855114,100.0,49647.0
1719330555.249705,100.0,49647.0
1719330555.437896,91.0,49647.0
1719330555.6206856,91.0,49647.0
1719330555.769852,40.0,49647.0
1719330555.9187772,100.0,49647.0
1719330556.0700274,99.0,49647.0
1719330556.2228563,99.0,49647.0
1719330556.3746672,100.0,49647.0
1719330556.5233123,100.0,49647.0
1719330556.7050068,100.0,49647.0
1719330556.8749225,100.0,49647.0
1719330557.067137,32.0,49647.0
1719330557.2582862,91.0,49647.0
1719330557.4404075,99.0,49647.0
1719330557.6504407,100.0,49647.0
1719330557.8184917,100.0,49647.0
1719330557.9848886,100.0,49647.0
1719330558.1552696,76.0,49647.0
1719330558.350779,67.0,49647.0
1719330558.523675,100.0,49647.0
1719330558.7076063,92.0,49647.0
1719330558.8874066,100.0,49647.0
1719330559.1127572,100.0,49647.0
1719330559.342631,100.0,49647.0
1719330559.5844142,9.0,49647.0
1719330559.8175201,100.0,49647.0
1719330560.024652,100.0,49647.0
1719330560.18799,99.0,49647.0
1719330560.3751507,100.0,49647.0
1719330560.5447714,100.0,49647.0
1719330560.697352,85.0,49647.0
1719330560.8669534,85.0,49647.0
1719330561.0167189,59.0,49647.0
1719330561.1595058,100.0,49647.0
1719330561.3099205,99.0,49647.0
1719330561.459937,99.0,49647.0
1719330561.6128998,100.0,49647.0
1719330561.7830994,100.0,49647.0
1719330561.9586132,100.0,49647.0
1719330562.1667671,23.0,49647.0
1719330562.3459706,100.0,49647.0
1719330562.5360844,99.0,49647.0
1719330562.69868,100.0,49647.0
1719330562.8662164,100.0,49647.0
1719330563.0262413,100.0,49647.0
1719330563.2080424,100.0,49647.0
1719330563.3914034,58.0,49647.0
1719330563.5653582,68.0,49647.0
1719330563.744004,100.0,49647.0
1719330563.9093482,98.0,49647.0
1719330564.1459672,100.0,49647.0
1719330564.40174,100.0,49647.0
1719330564.646786,100.0,49647.0
1719330564.9078062,100.0,49647.0
1719330565.0969365,99.0,49647.0
1719330565.2718453,99.0,49647.0
1719330565.4523866,100.0,49647.0
1719330565.6343675,100.0,49647.0
1719330565.7888424,100.0,49647.0
1719330565.9429069,53.0,49647.0
1719330566.1058795,53.0,49647.0
1719330566.2735977,100.0,49647.0
1719330566.4234853,99.0,49647.0
1719330566.5892518,100.0,49647.0
1719330566.787004,100.0,49647.0
1719330566.9840343,100.0,49647.0
1719330567.1677482,58.0,49647.0
1719330567.3539202,72.0,49647.0
1719330567.5523882,72.0,49647.0
1719330567.7533484,99.0,49647.0
1719330567.926739,100.0,49647.0
1719330568.0939333,100.0,49647.0
1719330568.2840397,100.0,49647.0
1719330568.457679,95.0,49647.0
1719330568.6396785,22.0,49647.0
1719330568.816877,100.0,49647.0
1719330569.0606472,99.0,49647.0
1719330569.3006456,100.0,49647.0
1719330569.522236,100.0,49647.0
1719330569.7073276,100.0,49647.0
1719330569.9417915,46.0,49647.0
1719330570.094553,100.0,49647.0
1719330570.334018,99.0,49647.0
1719330570.5121331,99.0,49647.0
1719330570.6621225,100.0,49647.0
1719330570.8130825,100.0,49647.0
1719330570.9627504,99.0,49647.0
1719330571.108178,99.0,49647.0
1719330571.2582493,43.0,49647.0
1719330571.4072618,100.0,49647.0
1719330571.5924175,99.0,49647.0
1719330571.7992592,100.0,49647.0
1719330571.9736922,100.0,49647.0
1719330572.1662083,100.0,49647.0
1719330572.3454318,33.0,49647.0
1719330572.5236025,33.0,49647.0
1719330572.697981,79.0,49647.0
1719330572.8564265,100.0,49647.0
1719330573.0217295,99.0,49647.0
1719330573.2198408,100.0,49647.0
1719330573.3980865,100.0,49647.0
1719330573.5663903,88.0,49647.0
1719330573.7390282,48.0,49647.0
1719330573.9265573,100.0,49647.0
1719330574.177014,99.0,49647.0
1719330574.3721328,100.0,49647.0
1719330574.5925317,100.0,49647.0
1719330574.822107,100.0,49647.0
1719330575.0062938,100.0,49647.0
1719330575.2010021,100.0,49647.0
1719330575.3892002,99.0,49647.0
1719330575.5478413,99.0,49647.0
1719330575.6990578,100.0,49647.0
1719330575.8502362,100.0,49647.0
1719330575.9992726,100.0,49647.0
1719330576.14288,100.0,49647.0
1719330576.2858677,58.0,49647.0
1719330576.4366298,81.0,49647.0
1719330576.5847287,81.0,49647.0
1719330576.7946327,100.0,49647.0
1719330577.008164,100.0,49647.0
1719330577.1949937,100.0,49647.0
1719330577.3725643,88.0,49647.0
1719330577.5752249,88.0,49647.0
1719330577.796397,14.0,49647.0
1719330577.9998379,99.0,49647.0
1719330578.1639564,99.0,49647.0
1719330578.3276691,100.0,49647.0
1719330578.5178552,100.0,49647.0
1719330578.698839,100.0,49647.0
1719330578.8649223,55.0,49647.0
1719330579.0432074,77.0,49647.0
1719330579.2754524,100.0,49647.0
1719330579.5079567,99.0,49647.0
1719330579.7351758,100.0,49647.0
1719330579.949832,100.0,49647.0
1719330580.1194806,92.0,49647.0
1719330580.3042176,37.0,49647.0
1719330580.5034864,100.0,49647.0
1719330580.698261,99.0,49647.0
1719330580.8483622,100.0,49647.0
1719330581.0007155,100.0,49647.0
1719330581.1518254,100.0,49647.0
1719330581.3001497,100.0,49647.0
1719330581.4507558,100.0,49647.0
1719330581.6170537,46.0,49647.0
1719330581.8285284,99.0,49647.0
1719330582.019082,100.0,49647.0
1719330582.1854527,100.0,49647.0
1719330582.3592188,100.0,49647.0
1719330582.5659225,100.0,49647.0
1719330582.723832,56.0,49647.0
1719330582.9039528,77.0,49647.0
1719330583.0720387,100.0,49647.0
1719330583.2406557,98.0,49647.0
1719330583.434016,98.0,49647.0
1719330583.6393833,100.0,49647.0
1719330583.8220234,92.0,49647.0
1719330584.0011504,92.0,49647.0
1719330584.2453184,94.0,49647.0
1719330584.444976,98.0,49647.0
1719330584.674721,96.0,49647.0
1719330584.8985946,100.0,49647.0
1719330585.0596542,100.0,49647.0
1719330585.242364,78.0,49647.0
1719330585.4237475,78.0,49647.0
1719330585.6014233,47.0,49647.0
1719330585.7556233,100.0,49647.0
1719330585.914949,98.0,49647.0
1719330586.064937,98.0,49647.0
1719330586.2154815,100.0,49647.0
1719330586.3669345,100.0,49647.0
1719330586.5197353,100.0,49647.0
1719330586.6905334,100.0,49647.0
1719330586.8617191,27.0,49647.0
1719330587.0597136,93.0,49647.0
1719330587.244757,100.0,49647.0
1719330587.4190214,100.0,49647.0
1719330587.5953922,100.0,49647.0
1719330587.7670453,100.0,49647.0
1719330587.9394815,71.0,49647.0
1719330588.1248982,55.0,49647.0
1719330588.309132,100.0,49647.0
1719330588.4946322,100.0,49647.0
1719330588.6789095,98.0,49647.0
1719330588.8376367,100.0,49647.0
1719330589.0824335,100.0,49647.0
1719330589.2651823,41.0,49647.0
1719330589.5089488,100.0,49647.0
1719330589.7174394,99.0,49647.0
1719330589.9290788,100.0,49647.0
1719330590.1080418,100.0,49647.0
1719330590.2893913,100.0,49647.0
1719330590.4722602,100.0,49647.0
1719330590.6782482,43.0,49647.0
1719330590.8733785,96.0,49647.0
1719330591.0235605,99.0,49647.0
1719330591.167214,100.0,49647.0
1719330591.318155,100.0,49647.0
1719330591.4669023,100.0,49647.0
1719330591.6403525,100.0,49647.0
1719330591.8210368,72.0,49647.0
1719330591.9931118,52.0,49647.0
1719330592.1855855,100.0,49647.0
1719330592.3656273,97.0,49647.0
1719330592.583067,100.0,49647.0
1719330592.7478387,100.0,49647.0
1719330592.9191878,100.0,49647.0
1719330593.0999625,35.0,49647.0
1719330593.316429,100.0,49647.0
1719330593.4845998,100.0,49647.0
1719330593.6660588,88.0,49647.0
1719330593.8338723,100.0,49647.0
1719330594.0578601,100.0,49647.0
1719330594.305079,63.0,49647.0
1719330594.5504215,41.0,49647.0
1719330594.7179854,41.0,49647.0
1719330594.9348032,99.0,49647.0
1719330595.1098049,100.0,49647.0
1719330595.2948887,100.0,49647.0
1719330595.495286,100.0,49647.0
1719330595.6480894,100.0,49647.0
1719330595.7990963,44.0,49647.0
1719330595.9501662,100.0,49647.0
1719330596.0967762,100.0,49647.0
1719330596.2448707,98.0,49647.0
1719330596.3973014,100.0,49647.0
1719330596.5478294,100.0,49647.0
1719330596.7510197,100.0,49647.0
1719330596.9528062,54.0,49647.0
1719330597.1410894,67.0,49647.0
1719330597.3367872,67.0,49647.0
1719330597.543282,99.0,49647.0
1719330597.7020564,99.0,49647.0
1719330597.873634,100.0,49647.0
1719330598.031599,100.0,49647.0
1719330598.2016468,100.0,49647.0
1719330598.3851528,100.0,49647.0
1719330598.5506012,30.0,49647.0
1719330598.755358,99.0,49647.0
1719330598.9209144,100.0,49647.0
1719330599.160912,100.0,49647.0
1719330599.4007437,100.0,49647.0
1719330599.6215222,40.0,49647.0
1719330599.818492,84.0,49647.0
1719330600.0348096,100.0,49647.0
1719330600.1900978,99.0,49647.0
1719330600.3718414,100.0,49647.0
1719330600.5467403,100.0,49647.0
1719330600.7009048,100.0,49647.0
1719330600.8527987,85.0,49647.0
1719330601.008754,61.0,49647.0
1719330601.153342,61.0,49647.0
1719330601.2955391,100.0,49647.0
1719330601.446946,99.0,49647.0
1719330601.599827,100.0,49647.0
1719330601.786209,100.0,49647.0
1719330601.9703324,100.0,49647.0
1719330602.1573098,100.0,49647.0
1719330602.3775027,100.0,49647.0
1719330602.584014,94.0,49647.0
1719330602.7491107,94.0,49647.0
1719330602.9290752,100.0,49647.0
1719330603.095968,100.0,49647.0
1719330603.27712,100.0,49647.0
1719330603.4512415,64.0,49647.0
1719330603.636663,83.0,49647.0
1719330603.8140345,100.0,49647.0
1719330603.9922843,98.0,49647.0
1719330604.2451103,100.0,49647.0
1719330604.446898,100.0,49647.0
1719330604.6966865,86.0,49647.0
1719330604.9660075,19.0,49647.0
1719330605.1985278,100.0,49647.0
1719330605.3904822,100.0,49647.0
1719330605.5643866,100.0,49647.0
1719330605.7177806,100.0,49647.0
1719330605.8702917,100.0,49647.0
1719330606.0216238,55.0,49647.0
1719330606.1703393,55.0,49647.0
1719330606.3240004,100.0,49647.0
1719330606.4734457,99.0,49647.0
1719330606.6224256,100.0,49647.0
1719330606.7914147,100.0,49647.0
1719330606.9675653,100.0,49647.0
1719330607.1469474,100.0,49647.0
1719330607.3336775,64.0,49647.0
1719330607.5422957,71.0,49647.0
1719330607.7029889,100.0,49647.0
1719330607.8796127,100.0,49647.0
1719330608.0497959,100.0,49647.0
1719330608.2166185,100.0,49647.0
1719330608.4054954,100.0,49647.0
1719330608.5701163,97.0,49647.0
1719330608.7465935,30.0,49647.0
1719330608.909835,100.0,49647.0
1719330609.1738396,100.0,49647.0
1719330609.4169846,100.0,49647.0
1719330609.6490982,100.0,49647.0
1719330609.84375,41.0,49647.0
1719330610.0797355,41.0,49647.0
1719330610.2383225,70.0,49647.0
1719330610.448159,99.0,49647.0
1719330610.6387079,100.0,49647.0
1719330610.7965088,100.0,49647.0
1719330610.9473665,100.0,49647.0
1719330611.0965521,98.0,49647.0
1719330611.2573428,42.0,49647.0
1719330611.4073315,42.0,49647.0
1719330611.5575783,100.0,49647.0
1719330611.7450783,97.0,49647.0
1719330611.92385,100.0,49647.0
1719330612.1061265,100.0,49647.0
1719330612.2920542,100.0,49647.0
1719330612.4612298,100.0,49647.0
1719330612.64715,30.0,49647.0
1719330612.853366,100.0,49647.0
1719330613.0180113,100.0,49647.0
1719330613.1845326,98.0,49647.0
1719330613.3670418,100.0,49647.0
1719330613.5582192,100.0,49647.0
1719330613.7479427,76.0,49647.0
1719330613.9137316,42.0,49647.0
1719330614.1513255,100.0,49647.0
1719330614.3878348,98.0,49647.0
1719330614.5940416,100.0,49647.0
1719330614.7900229,100.0,49647.0
1719330614.9995031,100.0,49647.0
1719330615.1673856,31.0,49647.0
1719330615.3621027,100.0,49647.0
1719330615.5439847,99.0,49647.0
1719330615.6987796,100.0,49647.0
1719330615.8532152,100.0,49647.0
1719330616.005572,100.0,49647.0
1719330616.1500254,100.0,49647.0
1719330616.3079076,100.0,49647.0
1719330616.4742644,77.0,49647.0
1719330616.623748,77.0,49647.0
1719330616.813282,100.0,49647.0
1719330617.0031722,99.0,49647.0
1719330617.1725044,100.0,49647.0
1719330617.359109,100.0,49647.0
1719330617.5644631,92.0,49647.0
1719330617.735551,39.0,49647.0
1719330617.9188447,100.0,49647.0
1719330618.092656,100.0,49647.0
1719330618.2505736,99.0,49647.0
1719330618.434125,100.0,49647.0
1719330618.6107202,100.0,49647.0
1719330618.8006268,100.0,49647.0
1719330619.1058857,63.0,49647.0
1719330619.3407352,100.0,49647.0
1719330619.568624,98.0,49647.0
1719330619.7225976,100.0,49647.0
1719330619.945904,100.0,49647.0
1719330620.1139393,98.0,49647.0
1719330620.299843,26.0,49647.0
1719330620.4918509,26.0,49647.0
1719330620.6637707,100.0,49647.0
1719330620.816536,99.0,49647.0
1719330620.9672246,100.0,49647.0
1719330621.1137567,100.0,49647.0
1719330621.2658155,100.0,49647.0
1719330621.415099,100.0,49647.0
1719330621.5932512,51.0,49647.0
1719330621.7703576,76.0,49647.0
1719330621.9429855,100.0,49647.0
1719330622.122341,98.0,49647.0
1719330622.3072875,100.0,49647.0
1719330622.5113668,100.0,49647.0
1719330622.676272,100.0,49647.0
1719330622.841558,93.0,49647.0
1719330623.0005844,55.0,49647.0
1719330623.1702454,100.0,49647.0
1719330623.3274887,100.0,49647.0
1719330623.4916036,99.0,49647.0
1719330623.6740549,100.0,49647.0
1719330623.8558428,100.0,49647.0
1719330624.1181054,16.0,49647.0
1719330624.3835459,95.0,49647.0
1719330624.6300616,99.0,49647.0
1719330624.8530772,100.0,49647.0
1719330625.0370896,100.0,49647.0
1719330625.2002618,100.0,49647.0
1719330625.3886647,72.0,49647.0
1719330625.5814214,47.0,49647.0
1719330625.7329106,47.0,49647.0
1719330625.936041,100.0,49647.0
1719330626.0874023,99.0,49647.0
1719330626.2304096,100.0,49647.0
1719330626.3803475,100.0,49647.0
1719330626.5280268,100.0,49647.0
1719330626.691869,100.0,49647.0
1719330626.8872216,22.0,49647.0
1719330627.0587687,88.0,49647.0
1719330627.2403166,100.0,49647.0
1719330627.421026,99.0,49647.0
1719330627.62657,100.0,49647.0
1719330627.7864194,100.0,49647.0
1719330627.964405,80.0,49647.0
1719330628.1761715,48.0,49647.0
1719330628.3622694,48.0,49647.0
1719330628.5372458,99.0,49647.0
1719330628.7774677,100.0,49647.0
1719330629.0193174,100.0,49647.0
1719330629.2123654,100.0,49647.0
1719330629.4150658,22.0,49647.0
1719330629.620324,74.0,49647.0
1719330629.8441648,100.0,49647.0
1719330630.04104,99.0,49647.0
1719330630.2304263,100.0,49647.0
1719330630.4009194,100.0,49647.0
1719330630.5586798,100.0,49647.0
1719330630.7094631,95.0,49647.0
1719330630.8609161,55.0,49647.0
1719330631.010284,100.0,49647.0
1719330631.1546175,100.0,49647.0
1719330631.305008,99.0,49647.0
1719330631.4543316,100.0,49647.0
1719330631.64029,100.0,49647.0
1719330631.830681,100.0,49647.0
1719330632.0198467,35.0,49647.0
1719330632.200511,35.0,49647.0
1719330632.3762994,100.0,49647.0
1719330632.5586777,99.0,49647.0
1719330632.721397,100.0,49647.0
1719330632.8963516,100.0,49647.0
1719330633.0749493,100.0,49647.0
1719330633.269842,50.0,49647.0
1719330633.4348032,50.0,49647.0
1719330633.6164157,100.0,49647.0
1719330633.8097649,91.0,49647.0
1719330634.0558352,100.0,49647.0
1719330634.319983,100.0,49647.0
1719330634.545234,85.0,49647.0
1719330634.7210355,19.0,49647.0
1719330634.9365141,100.0,49647.0
1719330635.1042478,99.0,49647.0
1719330635.2840102,100.0,49647.0
1719330635.4673464,100.0,49647.0
1719330635.621806,100.0,49647.0
1719330635.773777,100.0,49647.0
1719330635.9292989,50.0,49647.0
1719330636.0783532,94.0,49647.0
1719330636.2276282,94.0,49647.0
1719330636.3778663,100.0,49647.0
1719330636.5393128,95.0,49647.0
1719330636.7321298,100.0,49647.0
1719330636.9143713,100.0,49647.0
1719330637.0949285,80.0,49647.0
1719330637.2832637,38.0,49647.0
1719330637.4715416,38.0,49647.0
1719330637.631068,100.0,49647.0
1719330637.8108013,100.0,49647.0
1719330637.9689696,100.0,49647.0
1719330638.143702,100.0,49647.0
1719330638.3271692,100.0,49647.0
1719330638.512624,32.0,49647.0
1719330638.6925452,86.0,49647.0
1719330638.8521485,100.0,49647.0
1719330639.095921,94.0,49647.0
1719330639.3186193,100.0,49647.0
1719330639.5605884,100.0,49647.0
1719330639.7456384,87.0,49647.0
1719330640.030491,13.0,49647.0
1719330640.2335286,99.0,49647.0
1719330640.4161022,100.0,49647.0
1719330640.5864635,100.0,49647.0
1719330640.7389135,100.0,49647.0
1719330640.894242,100.0,49647.0
1719330641.0580359,56.0,49647.0
1719330641.2277796,56.0,49647.0
1719330641.37715,80.0,49647.0
1719330641.6529884,100.0,49647.0
1719330641.8542526,100.0,49647.0
1719330642.0175056,100.0,49647.0
1719330642.195277,100.0,49647.0
1719330642.3694174,87.0,49647.0
1719330642.5482311,41.0,49647.0
1719330642.7294679,100.0,49647.0
1719330642.901184,99.0,49647.0
1719330643.0929065,100.0,49647.0
1719330643.278852,100.0,49647.0
1719330643.461451,100.0,49647.0
1719330643.6500654,100.0,49647.0
1719330643.8282099,96.0,49647.0
1719330644.058109,98.0,49647.0
1719330644.2958264,96.0,49647.0
1719330644.5332618,100.0,49647.0
1719330644.6901076,100.0,49647.0
1719330644.9059813,100.0,49647.0
1719330645.0876286,78.0,49647.0
1719330645.2808297,51.0,49647.0
1719330645.4607813,99.0,49647.0
1719330645.6120014,99.0,49647.0
1719330645.7702332,100.0,49647.0
1719330645.9208584,100.0,49647.0
1719330646.0668037,100.0,49647.0
1719330646.219481,100.0,49647.0
1719330646.3763466,40.0,49647.0
1719330646.5601594,100.0,49647.0
1719330646.749892,99.0,49647.0
1719330646.9497933,100.0,49647.0
1719330647.137452,100.0,49647.0
1719330647.3120177,100.0,49647.0
1719330647.5086308,50.0,49647.0
1719330647.695234,83.0,49647.0
1719330647.8629014,83.0,49647.0
1719330648.0846899,99.0,49647.0
1719330648.2960489,100.0,49647.0
1719330648.4875302,100.0,49647.0
1719330648.6631188,100.0,49647.0
1719330648.8297327,27.0,49647.0
1719330649.0774276,100.0,49647.0
1719330649.2754683,99.0,49647.0
1719330649.5104845,100.0,49647.0
1719330649.7176175,100.0,49647.0
1719330649.8820302,100.0,49647.0
1719330650.0500207,100.0,49647.0
1719330650.2242057,44.0,49647.0
1719330650.4113765,69.0,49647.0
1719330650.564735,100.0,49647.0
1719330650.7243028,100.0,49647.0
1719330650.8745165,94.0,49647.0
1719330651.0204065,100.0,49647.0
1719330651.1714277,100.0,49647.0
1719330651.321397,100.0,49647.0
1719330651.5093966,98.0,49647.0
1719330651.6949708,34.0,49647.0
1719330651.889975,99.0,49647.0
1719330652.0718594,100.0,49647.0
1719330652.2693727,100.0,49647.0
1719330652.4725995,100.0,49647.0
1719330652.629406,100.0,49647.0
1719330652.811907,44.0,49647.0
1719330652.9725974,82.0,49647.0
1719330653.1412456,82.0,49647.0
1719330653.326207,98.0,49647.0
1719330653.5199873,100.0,49647.0
1719330653.6861157,100.0,49647.0
1719330653.8529708,88.0,49647.0
1719330654.1179557,88.0,49647.0
1719330654.3281722,100.0,49647.0
1719330654.578527,99.0,49647.0
1719330654.8058867,100.0,49647.0
1719330654.9848163,100.0,49647.0
1719330655.1682649,100.0,49647.0
1719330655.3521712,45.0,49647.0
1719330655.5301259,45.0,49647.0
1719330655.6865737,85.0,49647.0
1719330655.8399854,100.0,49647.0
1719330655.993999,99.0,49647.0
1719330656.1358247,100.0,49647.0
1719330656.2860007,100.0,49647.0
1719330656.43601,100.0,49647.0
1719330656.6349864,82.0,49647.0
1719330656.8429863,40.0,49647.0
1719330657.0378575,100.0,49647.0
1719330657.2139812,99.0,49647.0
1719330657.4332304,100.0,49647.0
1719330657.6055977,100.0,49647.0
1719330657.7907226,100.0,49647.0
1719330657.9463427,31.0,49647.0
1719330658.1192334,99.0,49647.0
1719330658.3165972,99.0,49647.0
1719330658.4791687,99.0,49647.0
1719330658.6591625,100.0,49647.0
1719330658.8288975,100.0,49647.0
1719330659.0287976,100.0,49647.0
1719330659.2846558,68.0,49647.0
1719330659.5360718,71.0,49647.0
1719330659.777964,99.0,49647.0
1719330659.9660678,100.0,49647.0
1719330660.1290102,100.0,49647.0
1719330660.3172784,100.0,49647.0
1719330660.501714,97.0,49647.0
1719330660.6511302,50.0,49647.0
1719330660.80815,100.0,49647.0
1719330660.95675,100.0,49647.0
1719330661.1055565,99.0,49647.0
1719330661.2561986,100.0,49647.0
1719330661.4063263,100.0,49647.0
1719330661.575536,100.0,49647.0
1719330661.7562597,100.0,49647.0
1719330661.9860606,99.0,49647.0
1719330662.1624649,99.0,49647.0
1719330662.343592,98.0,49647.0
1719330662.5491474,100.0,49647.0
1719330662.743377,100.0,49647.0
1719330662.9194493,100.0,49647.0
1719330663.1008396,69.0,49647.0
1719330663.3003461,70.0,49647.0
1719330663.4839742,100.0,49647.0
1719330663.6654007,99.0,49647.0
1719330663.8299959,100.0,49647.0
1719330664.0798144,100.0,49647.0
1719330664.3232102,99.0,49647.0
1719330664.6001513,100.0,49647.0
1719330664.8412857,99.0,49647.0
1719330665.0348353,100.0,49647.0
1719330665.2078478,100.0,49647.0
1719330665.385231,100.0,49647.0
1719330665.5588062,100.0,49647.0
1719330665.727411,47.0,49647.0
1719330665.8820095,93.0,49647.0
1719330666.0330682,93.0,49647.0
1719330666.2068746,99.0,49647.0
1719330666.3570714,99.0,49647.0
1719330666.5068376,100.0,49647.0
1719330666.708635,100.0,49647.0
1719330666.902269,76.0,49647.0
1719330667.0895433,56.0,49647.0
1719330667.274063,100.0,49647.0
1719330667.4871554,98.0,49647.0
1719330667.6728275,100.0,49647.0
1719330667.841194,100.0,49647.0
1719330668.031834,100.0,49647.0
1719330668.2193587,39.0,49647.0
1719330668.4261205,100.0,49647.0
1719330668.6698472,99.0,49647.0
1719330668.8670068,100.0,49647.0
1719330669.0578322,100.0,49647.0
1719330669.2629344,100.0,49647.0
1719330669.4951413,43.0,49647.0
1719330669.7534952,91.0,49647.0
1719330669.9463444,100.0,49647.0
1719330670.1191716,99.0,49647.0
1719330670.3030045,100.0,49647.0
1719330670.4753845,100.0,49647.0
1719330670.6251833,100.0,49647.0
1719330670.7760153,78.0,49647.0
1719330670.9245844,68.0,49647.0
1719330671.0684655,100.0,49647.0
1719330671.217908,100.0,49647.0
1719330671.369345,99.0,49647.0
1719330671.5203469,100.0,49647.0
1719330671.717899,100.0,49647.0
1719330671.9009223,100.0,49647.0
1719330672.0845473,100.0,49647.0
1719330672.2608275,25.0,49647.0
1719330672.465502,100.0,49647.0
1719330672.6306727,100.0,49647.0
1719330672.8192756,100.0,49647.0
1719330672.991999,100.0,49647.0
1719330673.1521058,100.0,49647.0
1719330673.3272033,47.0,49647.0
1719330673.5197105,93.0,49647.0
1719330673.6952891,100.0,49647.0
1719330673.8562846,99.0,49647.0
1719330674.08745,100.0,49647.0
1719330674.304471,100.0,49647.0
1719330674.5423295,75.0,49647.0
1719330674.7468932,50.0,49647.0
1719330674.9563487,100.0,49647.0
1719330675.1216445,98.0,49647.0
1719330675.3103848,100.0,49647.0
1719330675.4807405,100.0,49647.0
1719330675.6330118,100.0,49647.0
1719330675.78721,100.0,49647.0
1719330675.9394503,100.0,49647.0
1719330676.0887914,100.0,49647.0
1719330676.2385328,100.0,49647.0
1719330676.3917131,94.0,49647.0
1719330676.5517797,100.0,49647.0
1719330676.7219038,100.0,49647.0
1719330676.896683,100.0,49647.0
1719330677.1038258,50.0,49647.0
1719330677.3015585,72.0,49647.0
1719330677.4964066,72.0,49647.0
1719330677.678425,99.0,49647.0
1719330677.8512018,99.0,49647.0
1719330678.0163136,100.0,49647.0
1719330678.177328,100.0,49647.0
1719330678.3470225,96.0,49647.0
1719330678.5347328,30.0,49647.0
1719330678.7115846,30.0,49647.0
1719330678.8855839,99.0,49647.0
1719330679.1371768,100.0,49647.0
1719330679.3201544,100.0,49647.0
1719330679.5475578,100.0,49647.0
1719330679.7342968,40.0,49647.0
1719330679.9457743,62.0,49647.0
1719330680.111541,62.0,49647.0
1719330680.304731,100.0,49647.0
1719330680.4839814,99.0,49647.0
1719330680.638745,100.0,49647.0
1719330680.7892683,100.0,49647.0
1719330680.9395657,100.0,49647.0
1719330681.0835998,100.0,49647.0
1719330681.2302198,46.0,49647.0
1719330681.3816445,100.0,49647.0
1719330681.532415,99.0,49647.0
1719330681.7231545,100.0,49647.0
1719330681.9087534,100.0,49647.0
1719330682.079746,100.0,49647.0
1719330682.281051,100.0,49647.0
1719330682.5372245,95.0,49647.0
1719330682.7069514,99.0,49647.0
1719330682.8993096,99.0,49647.0
1719330683.0651357,100.0,49647.0
1719330683.22561,100.0,49647.0
1719330683.4095979,100.0,49647.0
1719330683.6044102,74.0,49647.0
1719330683.7894979,48.0,49647.0
1719330683.9887109,100.0,49647.0
1719330684.2506151,98.0,49647.0
1719330684.4901006,100.0,49647.0
1719330684.68732,100.0,49647.0
1719330684.890466,22.0,49647.0
1719330685.096163,22.0,49647.0
1719330685.2751367,100.0,49647.0
1719330685.4659662,99.0,49647.0
1719330685.6244583,100.0,49647.0
1719330685.778367,100.0,49647.0
1719330685.92782,100.0,49647.0
1719330686.07292,100.0,49647.0
1719330686.220667,67.0,49647.0
1719330686.3710754,77.0,49647.0
1719330686.52376,100.0,49647.0
1719330686.7522082,99.0,49647.0
1719330686.9437592,99.0,49647.0
1719330687.1073387,100.0,49647.0
1719330687.291332,100.0,49647.0
1719330687.4870346,90.0,49647.0
1719330687.6530368,38.0,49647.0
1719330687.8300076,100.0,49647.0
1719330687.9936934,99.0,49647.0
1719330688.1670423,99.0,49647.0
1719330688.369519,100.0,49647.0
1719330688.5444717,100.0,49647.0
1719330688.727829,100.0,49647.0
1719330688.9604547,95.0,49647.0
1719330689.2308555,99.0,49647.0
1719330689.4247317,100.0,49647.0
1719330689.6426601,100.0,49647.0
1719330689.805817,100.0,49647.0
1719330690.0252712,72.0,49647.0
1719330690.2026358,64.0,49647.0
1719330690.3847272,64.0,49647.0
1719330690.5892608,99.0,49647.0
1719330690.7482965,99.0,49647.0
1719330690.8984978,100.0,49647.0
1719330691.048184,100.0,49647.0
1719330691.192015,100.0,49647.0
1719330691.3458216,100.0,49647.0
1719330691.4952543,51.0,49647.0
1719330691.6943154,100.0,49647.0
1719330691.888375,95.0,49647.0
1719330692.0818076,100.0,49647.0
1719330692.2690482,100.0,49647.0
1719330692.4440048,100.0,49647.0
1719330692.6338723,37.0,49647.0
1719330692.82566,37.0,49647.0
1719330693.001755,99.0,49647.0
1719330693.1773124,100.0,49647.0
1719330693.3728175,100.0,49647.0
1719330693.5634181,100.0,49647.0
1719330693.7431643,100.0,49647.0
1719330693.9035692,58.0,49647.0
1719330694.147541,82.0,49647.0
1719330694.4179606,100.0,49647.0
1719330694.6507192,100.0,49647.0
1719330694.8372207,100.0,49647.0
1719330695.0395389,86.0,49647.0
1719330695.2313442,48.0,49647.0
1719330695.4096737,100.0,49647.0
1719330695.5874145,100.0,49647.0
1719330695.7460034,99.0,49647.0
1719330695.8987935,100.0,49647.0
1719330696.0497754,100.0,49647.0
1719330696.1955073,100.0,49647.0
1719330696.3387244,100.0,49647.0
1719330696.4932885,43.0,49647.0
1719330696.6475847,43.0,49647.0
1719330696.8322344,99.0,49647.0
1719330697.0204728,100.0,49647.0
1719330697.1991339,100.0,49647.0
1719330697.3882818,100.0,49647.0
1719330697.5589843,100.0,49647.0
1719330697.7711332,47.0,49647.0
1719330697.9532447,79.0,49647.0
1719330698.1232116,100.0,49647.0
1719330698.3150027,99.0,49647.0
1719330698.5004685,100.0,49647.0
1719330698.6764615,100.0,49647.0
1719330698.8609765,88.0,49647.0
1719330699.049551,49.0,49647.0
1719330699.2889867,100.0,49647.0
1719330699.5246584,99.0,49647.0
1719330699.727633,100.0,49647.0
1719330699.8941615,100.0,49647.0
1719330700.119557,100.0,49647.0
1719330700.3020017,31.0,49647.0
1719330700.483761,31.0,49647.0
1719330700.6704538,99.0,49647.0
1719330700.8298414,99.0,49647.0
1719330700.9826655,100.0,49647.0
1719330701.1324582,100.0,49647.0
1719330701.279471,100.0,49647.0
1719330701.430794,100.0,49647.0
1719330701.6031132,57.0,49647.0
1719330701.7935119,88.0,49647.0
1719330701.9851754,100.0,49647.0
1719330702.175851,99.0,49647.0
1719330702.3638384,100.0,49647.0
1719330702.5425346,100.0,49647.0
1719330702.716529,81.0,49647.0
1719330702.9157429,52.0,49647.0
1719330703.0835361,100.0,49647.0
1719330703.2629204,100.0,49647.0
1719330703.4719462,99.0,49647.0
1719330703.6590638,100.0,49647.0
1719330703.848338,100.0,49647.0
1719330704.0305982,100.0,49647.0
1719330704.2966378,74.0,49647.0
1719330704.5045376,100.0,49647.0
1719330704.7106502,99.0,49647.0
1719330704.9027302,100.0,49647.0
1719330705.085356,100.0,49647.0
1719330705.245266,100.0,49647.0
1719330705.4216506,94.0,49647.0
1719330705.59808,50.0,49647.0
1719330705.7553437,100.0,49647.0
1719330705.9064634,100.0,49647.0
1719330706.0587683,99.0,49647.0
1719330706.205611,100.0,49647.0
1719330706.3558266,100.0,49647.0
1719330706.5079675,100.0,49647.0
1719330706.6855063,100.0,49647.0
1719330706.900599,43.0,49647.0
1719330707.0897877,99.0,49647.0
1719330707.2768292,99.0,49647.0
1719330707.4470181,100.0,49647.0
1719330707.625531,100.0,49647.0
1719330707.7831407,100.0,49647.0
1719330708.0060613,47.0,49647.0
1719330708.1566706,85.0,49647.0
1719330708.325792,85.0,49647.0
1719330708.50835,100.0,49647.0
1719330708.7166133,100.0,49647.0
1719330708.890295,100.0,49647.0
1719330709.0614202,83.0,49647.0
1719330709.3432531,28.0,49647.0
1719330709.548586,100.0,49647.0
1719330709.7746985,99.0,49647.0
1719330710.002799,100.0,49647.0
1719330710.2034721,100.0,49647.0
1719330710.3736515,100.0,49647.0
1719330710.5589886,100.0,49647.0
1719330710.726098,42.0,49647.0
1719330710.9221299,99.0,49647.0
1719330711.0742576,99.0,49647.0
1719330711.2321608,100.0,49647.0
1719330711.3831155,100.0,49647.0
1719330711.5334265,100.0,49647.0
1719330711.7413893,72.0,49647.0
1719330711.9599838,53.0,49647.0
1719330712.1443384,100.0,49647.0
1719330712.3298368,100.0,49647.0
1719330712.497812,99.0,49647.0
1719330712.6663258,100.0,49647.0
1719330712.825787,100.0,49647.0
1719330713.021388,100.0,49647.0
1719330713.213665,31.0,49647.0
1719330713.4131522,100.0,49647.0
1719330713.586605,99.0,49647.0
1719330713.7690864,100.0,49647.0
1719330713.937481,100.0,49647.0
1719330714.2033274,100.0,49647.0
1719330714.4359694,55.0,49647.0
1719330714.726915,50.0,49647.0
1719330714.9771888,99.0,49647.0
1719330715.1722014,100.0,49647.0
1719330715.362122,100.0,49647.0
1719330715.535123,100.0,49647.0
1719330715.7143102,100.0,49647.0
1719330715.8686266,47.0,49647.0
1719330716.0178123,100.0,49647.0
1719330716.1658528,100.0,49647.0
1719330716.3164296,99.0,49647.0
1719330716.4667363,100.0,49647.0
1719330716.614683,100.0,49647.0
1719330716.797325,100.0,49647.0
1719330716.9766402,100.0,49647.0
1719330717.1647928,40.0,49647.0
1719330717.3482852,68.0,49647.0
1719330717.5692115,99.0,49647.0
1719330717.7437413,100.0,49647.0
1719330717.92636,100.0,49647.0
1719330718.0975354,100.0,49647.0
1719330718.263006,100.0,49647.0
1719330718.425182,35.0,49647.0
1719330718.61136,35.0,49647.0
1719330718.7826304,100.0,49647.0
1719330718.9908478,100.0,49647.0
1719330719.1656423,100.0,49647.0
1719330719.4303167,100.0,49647.0
1719330719.6685884,45.0,49647.0
1719330719.9950693,99.0,49647.0
1719330720.2453415,100.0,49647.0
1719330720.442081,100.0,49647.0
1719330720.6334481,100.0,49647.0
1719330720.8332222,59.0,49647.0
1719330720.9962883,65.0,49647.0
1719330721.1460211,65.0,49647.0
1719330721.3057284,100.0,49647.0
1719330721.4569805,99.0,49647.0
1719330721.6014729,99.0,49647.0
1719330721.7539532,100.0,49647.0
1719330721.9040923,100.0,49647.0
1719330722.0765698,100.0,49647.0
1719330722.2805212,13.0,49647.0
1719330722.4651573,100.0,49647.0
1719330722.6718345,99.0,49647.0
1719330722.8680665,100.0,49647.0
1719330723.0340142,100.0,49647.0
1719330723.224237,100.0,49647.0
1719330723.3933115,100.0,49647.0
1719330723.6098673,61.0,49647.0
1719330723.7857764,65.0,49647.0
1719330724.0199435,99.0,49647.0
1719330724.1951656,100.0,49647.0
1719330724.3827822,100.0,49647.0
1719330724.6565707,100.0,49647.0
1719330724.9185855,6.0,49647.0
1719330725.1136577,99.0,49647.0
1719330725.3265781,99.0,49647.0
1719330725.475779,100.0,49647.0
1719330725.643518,100.0,49647.0
1719330725.820464,100.0,49647.0
1719330725.985325,100.0,49647.0
1719330726.134293,68.0,49647.0
1719330726.287187,73.0,49647.0
1719330726.4357362,100.0,49647.0
1719330726.604791,100.0,49647.0
1719330726.7548842,99.0,49647.0
1719330726.9248052,100.0,49647.0
1719330727.1104522,100.0,49647.0
1719330727.2885714,94.0,49647.0
1719330727.4649515,94.0,49647.0
1719330727.6548283,29.0,49647.0
1719330727.859075,100.0,49647.0
1719330728.0173192,100.0,49647.0
1719330728.205185,100.0,49647.0
1719330728.3780804,100.0,49647.0
1719330728.54238,100.0,49647.0
1719330728.7167256,41.0,49647.0
1719330728.9219534,69.0,49647.0
1719330729.090422,69.0,49647.0
1719330729.2655294,99.0,49647.0
1719330729.4844952,100.0,49647.0
1719330729.6965194,100.0,49647.0
1719330729.92174,99.0,49647.0
1719330730.1187124,20.0,49647.0
1719330730.328892,100.0,49647.0
1719330730.4992373,99.0,49647.0
1719330730.6898506,100.0,49647.0
1719330730.8633027,100.0,49647.0
1719330731.0255923,100.0,49647.0
1719330731.174772,100.0,49647.0
1719330731.3272233,49.0,49647.0
1719330731.4754431,49.0,49647.0
1719330731.67555,95.0,49647.0
1719330731.8316946,99.0,49647.0
1719330731.98395,100.0,49647.0
1719330732.1671865,100.0,49647.0
1719330732.355253,100.0,49647.0
1719330732.5397725,73.0,49647.0
1719330732.7207491,55.0,49647.0
1719330732.9111147,100.0,49647.0
1719330733.0893662,98.0,49647.0
1719330733.2621343,98.0,49647.0
1719330733.4355247,100.0,49647.0
1719330733.5986264,100.0,49647.0
1719330733.7729955,100.0,49647.0
1719330733.9492097,17.0,49647.0
1719330734.1293607,17.0,49647.0
1719330734.3010128,90.0,49647.0
1719330734.5831466,93.0,49647.0
1719330734.790333,100.0,49647.0
1719330735.0259,100.0,49647.0
1719330735.2430298,82.0,49647.0
1719330735.4392512,47.0,49647.0
1719330735.6135092,100.0,49647.0
1719330735.8013244,89.0,49647.0
1719330735.966987,100.0,49647.0
1719330736.1168315,100.0,49647.0
1719330736.2719536,100.0,49647.0
1719330736.4252863,100.0,49647.0
1719330736.5945306,50.0,49647.0
1719330736.7490144,100.0,49647.0
1719330736.916094,99.0,49647.0
1719330737.0686352,99.0,49647.0
1719330737.2386227,100.0,49647.0
1719330737.4499757,100.0,49647.0
1719330737.6317713,100.0,49647.0
1719330737.8204596,51.0,49647.0
1719330738.010932,80.0,49647.0
1719330738.1640303,80.0,49647.0
1719330738.3597126,93.0,49647.0
1719330738.5291884,100.0,49647.0
1719330738.6955125,100.0,49647.0
1719330738.8790748,100.0,49647.0
1719330739.0714555,93.0,49647.0
1719330739.3405735,31.0,49647.0
1719330739.5692573,99.0,49647.0
1719330739.8050225,100.0,49647.0
1719330740.0545697,100.0,49647.0
1719330740.2464526,100.0,49647.0
1719330740.5429487,37.0,49647.0
1719330740.7659256,100.0,49647.0
1719330740.9503207,98.0,49647.0
1719330741.1106985,98.0,49647.0
1719330741.2606015,100.0,49647.0
1719330741.4099863,100.0,49647.0
1719330741.5584173,84.0,49647.0
1719330741.7080328,84.0,49647.0
1719330741.8563986,52.0,49647.0
1719330742.0058193,100.0,49647.0
1719330742.187009,99.0,49647.0
1719330742.375141,100.0,49647.0
1719330742.5511076,100.0,49647.0
1719330742.740205,100.0,49647.0
1719330742.9586601,100.0,49647.0
1719330743.1812747,37.0,49647.0
1719330743.3644154,99.0,49647.0
1719330743.5416887,100.0,49647.0
1719330743.7361007,100.0,49647.0
1719330743.9145892,100.0,49647.0
1719330744.0903938,100.0,49647.0
1719330744.2617056,49.0,49647.0
1719330744.4960186,100.0,49647.0
1719330744.7642715,99.0,49647.0
1719330744.9938555,100.0,49647.0
1719330745.1577775,100.0,49647.0
1719330745.3857243,100.0,49647.0
1719330745.5525875,78.0,49647.0
1719330745.719411,47.0,49647.0
1719330745.9048774,100.0,49647.0
1719330746.0807571,99.0,49647.0
1719330746.231263,100.0,49647.0
1719330746.3818104,100.0,49647.0
1719330746.5336106,100.0,49647.0
1719330746.6815088,100.0,49647.0
1719330746.8552291,46.0,49647.0
1719330747.0044832,46.0,49647.0
1719330747.1791146,100.0,49647.0
1719330747.3597298,99.0,49647.0
1719330747.5557,100.0,49647.0
1719330747.740883,100.0,49647.0
1719330747.9247997,100.0,49647.0
1719330748.153402,46.0,49647.0
1719330748.30716,74.0,49647.0
1719330748.4789686,100.0,49647.0
1719330748.6344972,99.0,49647.0
1719330748.8024433,100.0,49647.0
1719330748.9755526,100.0,49647.0
1719330749.1668522,100.0,49647.0
1719330749.334376,94.0,49647.0
1719330749.495125,40.0,49647.0
1719330749.728002,100.0,49647.0
1719330749.949797,96.0,49647.0
1719330750.1984253,100.0,49647.0
1719330750.4153352,100.0,49647.0
1719330750.5915685,34.0,49647.0
1719330750.7795587,34.0,49647.0
1719330751.0212355,97.0,49647.0
1719330751.2012599,95.0,49647.0
1719330751.3561947,100.0,49647.0
1719330751.511498,100.0,49647.0
1719330751.664764,100.0,49647.0
1719330751.8199062,74.0,49647.0
1719330751.996866,72.0,49647.0
1719330752.1963892,100.0,49647.0
1719330752.3933477,99.0,49647.0
1719330752.582936,99.0,49647.0
1719330752.7745793,100.0,49647.0
1719330752.9476485,100.0,49647.0
1719330753.129713,99.0,49647.0
1719330753.3240392,35.0,49647.0
1719330753.4878294,100.0,49647.0
1719330753.6608064,99.0,49647.0
1719330753.8518124,100.0,49647.0
1719330754.0389283,100.0,49647.0
1719330754.2169774,100.0,49647.0
1719330754.3733983,100.0,49647.0
1719330754.647749,59.0,49647.0
1719330754.8736393,100.0,49647.0
1719330755.1044571,97.0,49647.0
1719330755.3328202,100.0,49647.0
1719330755.486286,100.0,49647.0
1719330755.644647,100.0,49647.0
1719330755.8172867,100.0,49647.0
1719330756.0520906,30.0,49647.0
1719330756.247866,99.0,49647.0
1719330756.4003289,99.0,49647.0
1719330756.5500906,100.0,49647.0
1719330756.6998627,100.0,49647.0
1719330756.8499157,100.0,49647.0
1719330757.0300553,100.0,49647.0
1719330757.2541583,50.0,49647.0
1719330757.4388335,100.0,49647.0
1719330757.6750486,99.0,49647.0
1719330757.861026,100.0,49647.0
1719330758.0531507,100.0,49647.0
1719330758.2460377,100.0,49647.0
1719330758.4073844,93.0,49647.0
1719330758.572205,50.0,49647.0
1719330758.7406588,100.0,49647.0
1719330758.9450839,98.0,49647.0
1719330759.1247594,100.0,49647.0
1719330759.282543,100.0,49647.0
1719330759.5427604,100.0,49647.0
1719330759.764876,21.0,49647.0
1719330760.0112712,100.0,49647.0
1719330760.2559602,99.0,49647.0
1719330760.4423087,99.0,49647.0
1719330760.613131,100.0,49647.0
1719330760.7985833,100.0,49647.0
1719330760.9632156,77.0,49647.0
1719330761.1157348,67.0,49647.0
1719330761.2662625,67.0,49647.0
1719330761.4150758,100.0,49647.0
1719330761.5637174,99.0,49647.0
1719330761.7140236,100.0,49647.0
1719330761.862175,100.0,49647.0
1719330762.0481162,100.0,49647.0
1719330762.235059,100.0,49647.0
1719330762.478912,100.0,49647.0
1719330762.6517699,95.0,49647.0
1719330762.882169,95.0,49647.0
1719330763.040798,100.0,49647.0
1719330763.2112544,100.0,49647.0
1719330763.3774502,100.0,49647.0
1719330763.5423265,60.0,49647.0
1719330763.733366,60.0,49647.0
1719330763.9242475,77.0,49647.0
1719330764.1124892,99.0,49647.0
1719330764.2856855,99.0,49647.0
1719330764.5332382,100.0,49647.0
1719330764.7188363,91.0,49647.0
1719330764.9474955,10.0,49647.0
1719330765.1851735,100.0,49647.0
1719330765.376054,99.0,49647.0
1719330765.5379002,99.0,49647.0
1719330765.7151525,100.0,49647.0
1719330765.88696,100.0,49647.0
1719330766.0413973,100.0,49647.0
1719330766.1908267,59.0,49647.0
1719330766.340618,88.0,49647.0
1719330766.4873154,88.0,49647.0
1719330766.6380863,100.0,49647.0
1719330766.7870252,99.0,49647.0
1719330766.969954,100.0,49647.0
1719330767.160053,100.0,49647.0
1719330767.3453043,82.0,49647.0
1719330767.5308008,38.0,49647.0
1719330767.7172787,100.0,49647.0
1719330767.9342344,99.0,49647.0
1719330768.104048,99.0,49647.0
1719330768.284532,100.0,49647.0
1719330768.4585521,100.0,49647.0
1719330768.6453838,100.0,49647.0
1719330768.8248765,36.0,49647.0
1719330769.0040133,100.0,49647.0
1719330769.1707346,99.0,49647.0
1719330769.452259,100.0,49647.0
1719330769.6732585,100.0,49647.0
1719330769.9262457,100.0,49647.0
1719330770.148081,52.0,49647.0
1719330770.3432841,52.0,49647.0
1719330770.5288036,99.0,49647.0
1719330770.699837,99.0,49647.0
1719330770.884496,100.0,49647.0
1719330771.0341346,100.0,49647.0
1719330771.1860626,100.0,49647.0
1719330771.3383894,100.0,49647.0
1719330771.4854605,52.0,49647.0
1719330771.637269,100.0,49647.0
1719330771.7882857,99.0,49647.0
1719330771.982498,100.0,49647.0
1719330772.1743662,100.0,49647.0
1719330772.3617039,100.0,49647.0
1719330772.5485559,100.0,49647.0
1719330772.7588818,35.0,49647.0
1719330772.9622188,100.0,49647.0
1719330773.1368656,100.0,49647.0
1719330773.2984123,99.0,49647.0
1719330773.4754658,100.0,49647.0
1719330773.6833227,100.0,49647.0
1719330773.8657858,88.0,49647.0
1719330774.040506,50.0,49647.0
1719330774.1973684,100.0,49647.0
1719330774.429215,99.0,49647.0
1719330774.6472929,100.0,49647.0
1719330774.8858988,100.0,49647.0
1719330775.0745304,100.0,49647.0
1719330775.3733857,97.0,49647.0
1719330775.5348654,99.0,49647.0
1719330775.7411695,99.0,49647.0
1719330775.9112854,100.0,49647.0
1719330776.0609722,100.0,49647.0
1719330776.213106,100.0,49647.0
1719330776.364846,100.0,49647.0
1719330776.5779657,70.0,49647.0
1719330776.7277567,75.0,49647.0
1719330776.8787646,100.0,49647.0
1719330777.0636427,99.0,49647.0
1719330777.2331278,100.0,49647.0
1719330777.405775,100.0,49647.0
1719330777.591598,91.0,49647.0
1719330777.7644777,6.0,49647.0
1719330777.960085,6.0,49647.0
1719330778.1984303,100.0,49647.0
1719330778.3663833,94.0,49647.0
1719330778.543396,100.0,49647.0
1719330778.7349453,100.0,49647.0
1719330778.9754293,71.0,49647.0
1719330779.2176783,49.0,49647.0
1719330779.474854,100.0,49647.0
1719330779.658048,99.0,49647.0
1719330779.8403401,100.0,49647.0
1719330780.1069422,100.0,49647.0
1719330780.2908347,100.0,49647.0
1719330780.4879754,21.0,49647.0
1719330780.6659322,21.0,49647.0
1719330780.8242931,98.0,49647.0
1719330780.9775457,98.0,49647.0
1719330781.1276357,99.0,49647.0
1719330781.2736664,100.0,49647.0
1719330781.4262843,100.0,49647.0
1719330781.5765517,100.0,49647.0
1719330781.7330678,76.0,49647.0
1719330781.9231882,56.0,49647.0
1719330782.1078138,100.0,49647.0
1719330782.315094,96.0,49647.0
1719330782.5005443,100.0,49647.0
1719330782.6820242,100.0,49647.0
1719330782.863828,100.0,49647.0
1719330783.0372388,100.0,49647.0
1719330783.2209525,97.0,49647.0
1719330783.429285,98.0,49647.0
1719330783.60018,98.0,49647.0
1719330783.7706065,100.0,49647.0
1719330783.9401643,100.0,49647.0
1719330784.139481,100.0,49647.0
1719330784.3761752,71.0,49647.0
1719330784.5809755,100.0,49647.0
1719330784.8084247,99.0,49647.0
1719330785.0227687,99.0,49647.0
1719330785.187216,100.0,49647.0
1719330785.3599956,100.0,49647.0
1719330785.531471,100.0,49647.0
1719330785.697858,100.0,49647.0
1719330785.8474739,100.0,49647.0
1719330786.002381,100.0,49647.0
