timestamp,gpu_util,gpu_mem
1719415123.1848795,0.0,4.0
1719415123.3181717,0.0,4.0
1719415123.4504442,0.0,4.0
1719415123.5907617,0.0,21.0
1719415123.7333198,2.0,633.0
1719415123.8645353,2.0,633.0
1719415124.0480487,6.0,633.0
1719415124.1859899,0.0,633.0
1719415124.3157482,0.0,633.0
1719415124.4432583,0.0,633.0
1719415124.5728498,0.0,633.0
1719415124.699129,0.0,633.0
1719415124.8255038,0.0,633.0
1719415124.951619,0.0,633.0
1719415125.0778117,0.0,633.0
1719415125.205469,0.0,633.0
1719415125.3339543,0.0,633.0
1719415125.459968,0.0,633.0
1719415125.5866747,0.0,633.0
1719415125.7125368,0.0,633.0
1719415125.8392577,0.0,633.0
1719415125.9664047,0.0,633.0
1719415126.0933104,0.0,633.0
1719415126.2196093,0.0,633.0
1719415126.3455613,0.0,633.0
1719415126.47143,0.0,633.0
1719415126.5984268,0.0,633.0
1719415126.7261345,0.0,633.0
1719415126.8526325,0.0,633.0
1719415126.9790602,0.0,633.0
1719415127.1051717,0.0,633.0
1719415127.2328095,0.0,633.0
1719415127.3616703,0.0,633.0
1719415127.4894352,0.0,633.0
1719415127.6157298,0.0,633.0
1719415127.7418635,0.0,633.0
1719415127.8698723,0.0,633.0
1719415127.9967694,0.0,633.0
1719415128.1230483,0.0,633.0
1719415128.2498705,0.0,633.0
1719415128.376061,0.0,633.0
1719415128.5047479,0.0,633.0
1719415128.6332707,0.0,633.0
1719415128.7592428,0.0,633.0
1719415128.885007,0.0,633.0
1719415129.011073,0.0,633.0
1719415129.1376076,0.0,633.0
1719415129.2646964,0.0,633.0
1719415129.3910651,0.0,633.0
1719415129.5190668,0.0,633.0
1719415129.6452773,0.0,633.0
1719415129.771178,0.0,633.0
1719415129.8982842,0.0,633.0
1719415130.0271413,0.0,633.0
1719415130.1531763,0.0,633.0
1719415130.2792866,0.0,633.0
1719415130.40522,0.0,633.0
1719415130.5336423,0.0,633.0
1719415130.661467,0.0,633.0
1719415130.7873557,0.0,633.0
1719415130.9131608,0.0,633.0
1719415131.0389931,0.0,633.0
1719415131.1649942,0.0,633.0
1719415131.2917507,0.0,633.0
1719415131.4185646,0.0,633.0
1719415131.5443537,0.0,633.0
1719415131.6703832,0.0,633.0
1719415131.7964072,0.0,633.0
1719415131.922294,0.0,633.0
1719415132.0484853,0.0,633.0
1719415132.176488,0.0,633.0
1719415132.302473,0.0,633.0
1719415132.4285772,0.0,633.0
1719415132.5553174,0.0,633.0
1719415132.6813214,0.0,633.0
1719415132.808281,0.0,633.0
1719415132.9361615,0.0,633.0
1719415133.0625694,0.0,633.0
1719415133.1888907,0.0,633.0
1719415133.3152337,0.0,633.0
1719415133.4425917,0.0,633.0
1719415133.5696478,0.0,633.0
1719415133.6956499,0.0,633.0
1719415133.8219643,0.0,633.0
1719415133.948142,0.0,633.0
1719415134.074138,0.0,633.0
1719415134.2002318,0.0,633.0
1719415134.3290608,0.0,633.0
1719415134.4551866,0.0,633.0
1719415134.5820024,0.0,633.0
1719415134.7080536,0.0,633.0
1719415134.8341587,0.0,633.0
1719415134.9610639,0.0,633.0
1719415135.088163,0.0,633.0
1719415135.2145815,0.0,633.0
1719415135.34072,0.0,633.0
1719415135.4669695,0.0,633.0
1719415135.594486,0.0,633.0
1719415135.7221766,0.0,633.0
1719415135.848234,0.0,633.0
1719415135.974183,0.0,633.0
1719415136.1002753,0.0,633.0
1719415136.226453,0.0,633.0
1719415136.3535702,0.0,633.0
1719415136.4822688,0.0,633.0
1719415136.6089654,0.0,633.0
1719415136.7350419,0.0,633.0
1719415136.8624527,0.0,633.0
1719415136.9901583,0.0,633.0
1719415137.1171045,0.0,633.0
1719415137.2434406,0.0,633.0
1719415137.3698854,0.0,633.0
1719415137.4973416,0.0,633.0
1719415137.6244361,0.0,633.0
1719415137.7516842,0.0,633.0
1719415137.8776715,0.0,633.0
1719415138.0035717,0.0,633.0
1719415138.1298535,0.0,633.0
1719415138.2564113,0.0,633.0
1719415138.3840134,0.0,633.0
1719415138.5113714,0.0,633.0
1719415138.6372502,0.0,633.0
1719415138.7630377,0.0,633.0
1719415138.8891628,0.0,633.0
1719415139.016804,0.0,633.0
1719415139.144699,0.0,633.0
1719415139.2709854,0.0,633.0
1719415139.3973377,0.0,633.0
1719415139.5245247,0.0,633.0
1719415139.6523478,0.0,633.0
1719415139.7810287,0.0,633.0
1719415139.907608,0.0,633.0
1719415140.033856,0.0,633.0
1719415140.1599956,0.0,633.0
1719415140.2873487,0.0,633.0
1719415140.4156606,0.0,633.0
1719415140.5417728,0.0,633.0
1719415140.667729,0.0,633.0
1719415140.7938755,0.0,633.0
1719415140.9202557,0.0,633.0
1719415141.047608,0.0,633.0
1719415141.1739452,0.0,633.0
1719415141.3003442,0.0,633.0
1719415141.4264846,0.0,633.0
1719415141.5536554,0.0,633.0
1719415141.679804,0.0,633.0
1719415141.8089736,0.0,633.0
1719415141.935495,0.0,633.0
1719415142.0616758,0.0,633.0
1719415142.1877916,0.0,633.0
1719415142.3139198,0.0,633.0
1719415142.4409254,0.0,633.0
1719415142.567905,0.0,633.0
1719415142.6940148,0.0,633.0
1719415142.819892,0.0,633.0
1719415142.946015,0.0,633.0
1719415143.0725687,0.0,633.0
1719415143.200211,0.0,633.0
1719415143.3284574,0.0,633.0
1719415143.454986,0.0,633.0
1719415143.58184,0.0,633.0
1719415143.7078383,0.0,633.0
1719415143.834884,0.0,633.0
1719415143.9632406,0.0,633.0
1719415144.0893693,0.0,633.0
1719415144.2158005,0.0,633.0
1719415144.3420122,0.0,633.0
1719415144.4682498,0.0,633.0
1719415144.5965436,0.0,633.0
1719415144.7224627,0.0,633.0
1719415144.8482502,0.0,633.0
1719415144.974332,0.0,633.0
1719415145.1001506,0.0,633.0
1719415145.2264526,0.0,633.0
1719415145.3530316,0.0,633.0
1719415145.5252266,0.0,633.0
1719415145.6509004,0.0,633.0
1719415145.7784467,0.0,633.0
1719415145.9062846,0.0,633.0
1719415146.0324097,0.0,633.0
1719415146.1585336,0.0,633.0
1719415146.2845995,0.0,633.0
1719415146.4111388,0.0,633.0
1719415146.539274,0.0,633.0
1719415146.6660144,0.0,633.0
1719415146.791883,0.0,633.0
1719415146.9178507,0.0,633.0
1719415147.0444617,0.0,633.0
1719415147.1722872,0.0,633.0
1719415147.30051,0.0,633.0
1719415147.4269056,0.0,633.0
1719415147.553826,0.0,633.0
1719415147.6799724,0.0,633.0
1719415147.8071954,0.0,633.0
1719415147.935234,0.0,633.0
1719415148.06156,0.0,633.0
1719415148.1880677,0.0,633.0
1719415148.314624,0.0,633.0
1719415148.4419503,0.0,633.0
1719415148.5692077,0.0,633.0
1719415148.69522,0.0,633.0
1719415148.8213446,0.0,633.0
1719415148.947219,0.0,633.0
1719415149.0735903,0.0,633.0
1719415149.200775,0.0,633.0
1719415149.329222,0.0,633.0
1719415149.4556258,0.0,633.0
1719415149.582538,0.0,633.0
1719415149.708535,0.0,633.0
1719415149.8361135,0.0,633.0
1719415149.9635074,0.0,633.0
1719415150.0896292,0.0,633.0
1719415150.216099,0.0,633.0
1719415150.3425472,0.0,633.0
1719415150.4696088,0.0,633.0
1719415150.5962362,0.0,633.0
1719415150.7221394,0.0,633.0
1719415150.8481202,0.0,633.0
1719415150.974144,0.0,633.0
1719415151.1001492,0.0,633.0
1719415151.2262988,0.0,633.0
1719415151.3535511,0.0,633.0
1719415151.4809766,0.0,633.0
1719415151.6073713,0.0,633.0
1719415151.7336528,0.0,633.0
1719415151.8598142,0.0,633.0
1719415151.9859478,0.0,633.0
1719415152.1129959,0.0,633.0
1719415152.2407808,0.0,633.0
1719415152.3673582,0.0,633.0
1719415152.493296,0.0,633.0
1719415152.6211278,0.0,633.0
1719415152.7488725,0.0,633.0
1719415152.8751173,0.0,633.0
1719415153.0012536,0.0,633.0
1719415153.128598,0.0,633.0
1719415153.2557173,0.0,633.0
1719415153.3831527,0.0,633.0
1719415153.5103114,0.0,633.0
1719415153.6384094,0.0,633.0
1719415153.7644153,0.0,633.0
1719415153.8903632,0.0,633.0
1719415154.0188622,0.0,633.0
1719415154.1453254,0.0,633.0
1719415154.27189,0.0,633.0
1719415154.3985753,0.0,633.0
1719415154.5274973,0.0,633.0
1719415154.656145,0.0,633.0
1719415154.7824788,0.0,633.0
1719415154.908478,0.0,633.0
1719415155.0347414,0.0,633.0
1719415155.1636407,0.0,633.0
1719415155.2914093,0.0,633.0
1719415155.4177265,0.0,633.0
1719415155.5451648,0.0,633.0
1719415155.6711874,0.0,633.0
1719415155.7995453,0.0,633.0
1719415155.9255352,0.0,633.0
1719415156.0516107,0.0,633.0
1719415156.1775942,0.0,633.0
1719415156.3037734,0.0,633.0
1719415156.430763,0.0,633.0
1719415156.5577345,0.0,633.0
1719415156.6837957,0.0,633.0
1719415156.8101459,0.0,633.0
1719415156.936539,0.0,633.0
1719415157.0627258,0.0,633.0
1719415157.1898193,0.0,633.0
1719415157.3203259,0.0,633.0
1719415157.4467185,0.0,633.0
1719415157.573028,0.0,633.0
1719415157.6989012,0.0,633.0
1719415157.826431,0.0,633.0
1719415157.954145,0.0,633.0
1719415158.080353,0.0,633.0
1719415158.2064536,0.0,633.0
1719415158.332702,0.0,633.0
1719415158.4593756,0.0,633.0
1719415158.5860243,0.0,633.0
1719415158.715354,0.0,633.0
1719415158.8427262,0.0,633.0
1719415158.971545,0.0,633.0
1719415159.099157,0.0,633.0
1719415159.2259789,0.0,633.0
1719415159.3526876,0.0,633.0
1719415159.4791937,0.0,633.0
1719415159.6059637,0.0,633.0
1719415159.733145,0.0,633.0
1719415159.861501,0.0,633.0
1719415159.987494,0.0,633.0
1719415160.1137812,0.0,633.0
1719415160.240005,0.0,633.0
1719415160.3665445,0.0,633.0
1719415160.4943757,0.0,633.0
1719415160.621173,0.0,633.0
1719415160.7469697,0.0,633.0
1719415160.8729448,0.0,633.0
1719415160.9988587,0.0,633.0
1719415161.1256323,0.0,633.0
1719415161.2531412,0.0,633.0
1719415161.379258,0.0,633.0
1719415161.5065727,0.0,633.0
1719415161.635545,0.0,633.0
1719415161.763814,0.0,633.0
1719415161.8899844,0.0,633.0
1719415162.0158007,0.0,633.0
1719415162.1416986,0.0,633.0
1719415162.2678285,0.0,633.0
1719415162.3950398,0.0,633.0
1719415162.522816,0.0,633.0
1719415162.648647,0.0,633.0
1719415162.775058,0.0,633.0
1719415162.9009097,0.0,633.0
1719415163.0266364,0.0,633.0
1719415163.1545267,0.0,633.0
1719415163.2809515,0.0,633.0
1719415163.4067273,0.0,633.0
1719415163.5325046,0.0,633.0
1719415163.6583688,0.0,633.0
1719415163.784164,0.0,633.0
1719415163.910688,0.0,633.0
1719415164.0387475,0.0,633.0
1719415164.1643248,0.0,633.0
1719415164.2903419,0.0,633.0
1719415164.4164362,0.0,633.0
1719415164.5429597,0.0,633.0
1719415164.6710038,0.0,633.0
1719415164.79893,0.0,633.0
1719415164.9247642,0.0,633.0
1719415165.050453,0.0,633.0
1719415165.1766286,0.0,633.0
1719415165.304289,0.0,633.0
1719415165.4322557,0.0,633.0
1719415165.5591197,0.0,633.0
1719415165.6848507,0.0,633.0
1719415165.810534,0.0,633.0
1719415165.9362795,0.0,633.0
1719415166.0629578,0.0,633.0
1719415166.190748,0.0,633.0
1719415166.3166547,0.0,633.0
1719415166.4426324,0.0,633.0
1719415166.5693343,0.0,633.0
1719415166.6953466,0.0,633.0
1719415166.8226926,0.0,633.0
1719415166.951349,0.0,633.0
1719415167.077624,0.0,633.0
1719415167.2036157,0.0,633.0
1719415167.3296316,0.0,633.0
1719415167.4570918,0.0,633.0
1719415167.5832336,0.0,633.0
1719415167.709017,0.0,633.0
1719415167.8350878,0.0,633.0
1719415167.961115,0.0,633.0
1719415168.087114,0.0,633.0
1719415168.2132037,0.0,633.0
1719415168.3401303,0.0,633.0
1719415168.4671729,0.0,633.0
1719415168.5948234,0.0,633.0
1719415168.7210371,0.0,633.0
1719415168.846955,0.0,633.0
1719415168.9748511,0.0,633.0
1719415169.1033154,0.0,633.0
1719415169.2293487,0.0,633.0
1719415169.3551865,0.0,633.0
1719415169.4812994,0.0,633.0
1719415169.6097894,0.0,633.0
1719415169.7377791,0.0,633.0
1719415169.8635528,0.0,633.0
1719415169.9894452,0.0,633.0
1719415170.1154046,0.0,633.0
1719415170.2423565,0.0,633.0
1719415170.3692653,0.0,633.0
1719415170.4971082,0.0,633.0
1719415170.6240628,0.0,633.0
1719415170.7500293,0.0,633.0
1719415170.8759422,0.0,633.0
1719415171.0028892,0.0,633.0
1719415171.1312702,0.0,633.0
1719415171.2577314,0.0,633.0
1719415171.3838906,0.0,633.0
1719415171.5099902,0.0,633.0
1719415171.6381302,0.0,633.0
1719415171.766652,0.0,633.0
1719415171.892705,0.0,633.0
1719415172.0188365,0.0,633.0
1719415172.145445,0.0,633.0
1719415172.2733688,0.0,633.0
1719415172.4013271,0.0,633.0
1719415172.5288801,0.0,633.0
1719415172.6551318,0.0,633.0
1719415172.7814827,0.0,633.0
1719415172.908803,0.0,633.0
1719415173.0357153,0.0,633.0
1719415173.1625419,0.0,633.0
1719415173.2887087,0.0,633.0
1719415173.4145918,0.0,633.0
1719415173.5436623,0.0,633.0
1719415173.6716404,0.0,633.0
1719415173.7977552,0.0,633.0
1719415173.9236662,0.0,633.0
1719415174.0498452,0.0,633.0
1719415174.1757584,0.0,633.0
1719415174.303459,0.0,633.0
1719415174.4322083,0.0,633.0
1719415174.5592446,0.0,633.0
1719415174.6851642,0.0,633.0
1719415174.8115244,0.0,633.0
1719415174.9391348,0.0,633.0
1719415175.0660117,0.0,633.0
1719415175.1924248,0.0,633.0
1719415175.3183992,0.0,633.0
1719415175.4443228,0.0,633.0
1719415175.5729501,0.0,633.0
1719415175.7002463,0.0,633.0
1719415175.8263037,0.0,633.0
1719415175.952209,0.0,633.0
1719415176.0780113,0.0,633.0
1719415176.2041519,0.0,633.0
1719415176.331204,0.0,633.0
1719415176.4597266,0.0,633.0
1719415176.5875273,0.0,633.0
1719415176.7134545,0.0,633.0
1719415176.8392751,0.0,633.0
1719415176.967627,0.0,633.0
1719415177.0937786,0.0,633.0
1719415177.2199929,0.0,633.0
1719415177.3459113,0.0,633.0
1719415177.472025,0.0,633.0
1719415177.6009996,0.0,633.0
1719415177.7279801,0.0,633.0
1719415177.8542793,0.0,633.0
1719415177.980444,0.0,633.0
1719415178.1064215,0.0,633.0
1719415178.2332056,0.0,633.0
1719415178.3601758,0.0,633.0
1719415178.4863,0.0,633.0
1719415178.6134949,0.0,633.0
1719415178.7396593,0.0,633.0
1719415178.8676767,0.0,633.0
1719415178.995511,0.0,633.0
1719415179.123254,0.0,633.0
1719415179.2495718,0.0,633.0
1719415179.3757002,0.0,633.0
1719415179.5030503,0.0,633.0
1719415179.6303537,0.0,633.0
1719415179.7562542,0.0,633.0
1719415179.8823934,0.0,633.0
1719415180.0083103,0.0,633.0
1719415180.1346211,0.0,633.0
1719415180.2625728,0.0,633.0
1719415180.3903987,0.0,633.0
1719415180.5162153,0.0,633.0
1719415180.64288,0.0,633.0
1719415180.7686186,0.0,633.0
1719415180.8948421,0.0,633.0
1719415181.0215678,0.0,633.0
1719415181.1477187,0.0,633.0
1719415181.273908,0.0,633.0
1719415181.3998203,0.0,633.0
1719415181.526008,0.0,633.0
1719415181.6522908,0.0,633.0
1719415181.7800262,0.0,633.0
1719415181.906201,0.0,633.0
1719415182.0323217,0.0,633.0
1719415182.1582756,0.0,633.0
1719415182.2842667,0.0,633.0
1719415182.412055,0.0,633.0
1719415182.5389774,0.0,633.0
1719415182.665324,0.0,633.0
1719415182.7914476,0.0,633.0
1719415182.9176316,0.0,633.0
1719415183.0438466,0.0,633.0
1719415183.1718357,0.0,633.0
1719415183.3003733,0.0,633.0
1719415183.4266858,0.0,633.0
1719415183.555623,0.0,633.0
1719415183.6833358,0.0,633.0
1719415183.8093781,0.0,633.0
1719415183.9354603,0.0,633.0
1719415184.0618675,0.0,633.0
1719415184.1879895,0.0,633.0
1719415184.315022,0.0,633.0
1719415184.4425304,0.0,633.0
1719415184.570321,0.0,633.0
1719415184.6961148,0.0,633.0
1719415184.8220153,0.0,633.0
1719415184.9490545,0.0,633.0
1719415185.0780072,0.0,633.0
1719415185.2041228,0.0,633.0
1719415185.3302348,0.0,633.0
1719415185.4566123,0.0,633.0
1719415185.5838914,0.0,633.0
1719415185.7119615,0.0,633.0
1719415185.8378606,0.0,633.0
1719415185.9636767,0.0,633.0
1719415186.08945,0.0,633.0
1719415186.2160065,0.0,633.0
1719415186.3426402,0.0,633.0
1719415186.4707968,0.0,633.0
1719415186.5979433,0.0,633.0
1719415186.7239094,0.0,633.0
1719415186.8498654,0.0,633.0
1719415186.9766204,0.0,633.0
1719415187.1047344,0.0,633.0
1719415187.2311912,0.0,633.0
1719415187.357742,0.0,633.0
1719415187.4836795,0.0,633.0
1719415187.611985,0.0,633.0
1719415187.740551,0.0,633.0
1719415187.8665345,0.0,633.0
1719415187.992632,0.0,633.0
1719415188.1191385,0.0,633.0
1719415188.2477524,0.0,633.0
1719415188.3758426,0.0,633.0
1719415188.5016289,0.0,633.0
1719415188.6291833,0.0,633.0
1719415188.7554865,0.0,633.0
1719415188.882583,0.0,633.0
1719415189.0103095,0.0,633.0
1719415189.1366374,0.0,633.0
1719415189.2627778,0.0,633.0
1719415189.388932,0.0,633.0
1719415189.5153446,0.0,633.0
1719415189.6430535,0.0,633.0
1719415189.7695806,0.0,633.0
1719415189.8955834,0.0,633.0
1719415190.0215786,0.0,633.0
1719415190.1478202,0.0,633.0
1719415190.274237,0.0,633.0
1719415190.4017842,0.0,633.0
1719415190.52915,0.0,633.0
1719415190.656216,0.0,633.0
1719415190.7819862,0.0,633.0
1719415190.9077313,0.0,633.0
1719415191.0336218,0.0,633.0
1719415191.1615107,0.0,633.0
1719415191.289686,0.0,633.0
1719415191.4158382,0.0,633.0
1719415191.543442,0.0,633.0
1719415191.6695209,0.0,633.0
1719415191.7963352,0.0,633.0
1719415191.9244351,0.0,633.0
1719415192.0504658,0.0,633.0
1719415192.1768267,0.0,633.0
1719415192.3026967,0.0,633.0
1719415192.4287462,0.0,633.0
1719415192.558147,0.0,633.0
1719415192.684202,0.0,633.0
1719415192.8102162,0.0,633.0
1719415192.936565,0.0,633.0
1719415193.0628695,0.0,633.0
1719415193.1901484,0.0,633.0
1719415193.3184624,0.0,633.0
1719415193.4444036,0.0,633.0
1719415193.5716767,0.0,633.0
1719415193.6975245,0.0,633.0
1719415193.8243666,0.0,633.0
1719415193.9521399,0.0,633.0
1719415194.0781424,0.0,633.0
1719415194.2040946,0.0,633.0
1719415194.3305345,0.0,633.0
1719415194.4567778,0.0,633.0
1719415194.5846355,0.0,633.0
1719415194.713077,0.0,633.0
1719415194.839316,0.0,633.0
1719415194.9654028,0.0,633.0
1719415195.0914102,0.0,633.0
1719415195.2214315,0.0,633.0
1719415195.349377,0.0,633.0
1719415195.475622,0.0,633.0
1719415195.6029196,0.0,633.0
1719415195.730246,0.0,633.0
1719415195.85877,0.0,633.0
1719415195.9847274,0.0,633.0
1719415196.1104019,0.0,633.0
1719415196.2362123,0.0,633.0
1719415196.3623009,0.0,633.0
1719415196.4893155,0.0,633.0
1719415196.6162088,0.0,633.0
1719415196.7420146,0.0,633.0
1719415196.86899,0.0,633.0
1719415196.9950778,0.0,633.0
1719415197.1214352,0.0,633.0
1719415197.2488048,0.0,633.0
1719415197.3763196,0.0,633.0
1719415197.5022645,0.0,633.0
1719415197.6290843,0.0,633.0
1719415197.7554276,0.0,633.0
1719415197.8816113,0.0,633.0
1719415198.0100493,0.0,633.0
1719415198.135953,0.0,633.0
1719415198.2622645,0.0,633.0
1719415198.3885908,0.0,633.0
1719415198.5146546,0.0,633.0
1719415198.6415696,0.0,633.0
1719415198.7693806,0.0,633.0
1719415198.8954568,0.0,633.0
1719415199.021585,0.0,633.0
1719415199.147761,0.0,633.0
1719415199.2742674,0.0,633.0
1719415199.401412,0.0,633.0
1719415199.5300143,0.0,633.0
1719415199.6568155,0.0,633.0
1719415199.7826636,0.0,633.0
1719415199.9085214,0.0,633.0
1719415200.0360084,0.0,633.0
1719415200.164308,0.0,633.0
1719415200.2905788,0.0,633.0
1719415200.416448,0.0,633.0
1719415200.54384,0.0,633.0
1719415200.6705706,0.0,633.0
1719415200.7971911,0.0,633.0
1719415200.9229674,0.0,633.0
1719415201.048606,0.0,633.0
1719415201.1742866,0.0,633.0
1719415201.2999723,0.0,633.0
1719415201.4256744,0.0,633.0
1719415201.5522707,0.0,633.0
1719415201.6803293,0.0,633.0
1719415201.8060145,0.0,633.0
1719415201.9316714,0.0,633.0
1719415202.0575032,0.0,633.0
1719415202.1835277,0.0,633.0
1719415202.3105288,0.0,633.0
1719415202.4373913,0.0,633.0
1719415202.5642009,0.0,633.0
1719415202.6902077,0.0,633.0
1719415202.8159685,0.0,633.0
1719415202.9418747,0.0,633.0
1719415203.0692077,0.0,633.0
1719415203.1952507,0.0,633.0
1719415203.3211372,0.0,633.0
1719415203.4470446,0.0,633.0
1719415203.5735674,0.0,633.0
1719415203.6995876,0.0,633.0
1719415203.8282003,0.0,633.0
1719415203.9543912,0.0,633.0
1719415204.0800304,0.0,633.0
1719415204.2058947,0.0,633.0
1719415204.3316865,0.0,633.0
1719415204.4585946,0.0,633.0
1719415204.585243,0.0,633.0
1719415204.7106926,0.0,633.0
1719415204.8364375,0.0,633.0
1719415204.962149,0.0,633.0
1719415205.0884132,0.0,633.0
1719415205.214135,0.0,633.0
1719415205.3410773,0.0,633.0
1719415205.4694695,0.0,633.0
1719415205.5961728,0.0,633.0
1719415205.7215898,0.0,633.0
1719415205.8473485,0.0,633.0
1719415205.974445,0.0,633.0
1719415206.1023145,0.0,633.0
1719415206.2278612,0.0,633.0
1719415206.3545296,0.0,633.0
1719415206.4802508,0.0,633.0
1719415206.608572,0.0,633.0
1719415206.7345061,0.0,633.0
1719415206.8601077,0.0,633.0
1719415206.9859157,0.0,633.0
1719415207.111554,0.0,633.0
1719415207.2371228,0.0,633.0
1719415207.363078,0.0,633.0
1719415207.4906785,0.0,633.0
1719415207.6177642,0.0,633.0
1719415207.743448,0.0,633.0
1719415207.869273,0.0,633.0
1719415207.9954264,0.0,633.0
1719415208.1236465,0.0,633.0
1719415208.2517908,0.0,633.0
1719415208.3780148,0.0,633.0
1719415208.5039082,0.0,633.0
1719415208.6312177,0.0,633.0
1719415208.758087,0.0,633.0
1719415208.8855038,0.0,633.0
1719415209.0113685,0.0,633.0
1719415209.1374571,0.0,633.0
1719415209.2638025,0.0,633.0
1719415209.3896358,0.0,633.0
1719415209.5165374,0.0,633.0
1719415209.6435719,0.0,633.0
1719415209.7691753,0.0,633.0
1719415209.8949149,0.0,633.0
1719415210.0207303,0.0,633.0
1719415210.146783,0.0,633.0
1719415210.2726984,0.0,633.0
1719415210.4000943,0.0,633.0
1719415210.5275457,0.0,633.0
1719415210.6543217,0.0,633.0
1719415210.7800274,0.0,633.0
1719415210.9058583,0.0,633.0
1719415211.0321968,0.0,633.0
1719415211.159518,0.0,633.0
1719415211.28535,0.0,633.0
1719415211.4112368,0.0,633.0
1719415211.5370576,0.0,633.0
1719415211.6639948,0.0,633.0
1719415211.7898295,0.0,633.0
1719415211.9187186,0.0,633.0
1719415212.0448368,0.0,633.0
1719415212.1707928,0.0,633.0
1719415212.2966223,0.0,633.0
1719415212.4226708,0.0,633.0
1719415212.5508244,0.0,633.0
1719415212.6785743,0.0,633.0
1719415212.8049846,0.0,633.0
1719415212.9310658,0.0,633.0
1719415213.057464,0.0,633.0
1719415213.1855452,0.0,633.0
1719415213.3153093,0.0,633.0
1719415213.442411,0.0,633.0
1719415213.5705664,0.0,633.0
1719415213.6978276,0.0,633.0
1719415213.8257484,0.0,633.0
1719415213.9522123,0.0,633.0
1719415214.0783942,0.0,633.0
1719415214.2051148,0.0,633.0
1719415214.332602,0.0,633.0
1719415214.4611506,0.0,633.0
1719415214.5886457,0.0,633.0
1719415214.7146552,0.0,633.0
1719415214.8409753,0.0,633.0
1719415214.9684863,0.0,633.0
1719415215.0971782,0.0,633.0
1719415215.223418,0.0,633.0
1719415215.3496888,0.0,633.0
1719415215.476006,0.0,633.0
1719415215.604874,0.0,633.0
1719415215.7326126,0.0,633.0
1719415215.8586705,0.0,633.0
1719415215.984889,0.0,633.0
1719415216.1111367,0.0,633.0
1719415216.2383125,0.0,633.0
1719415216.366678,0.0,633.0
1719415216.493178,0.0,633.0
1719415216.6202972,0.0,633.0
1719415216.746498,0.0,633.0
1719415216.8728714,0.0,633.0
1719415217.000208,0.0,633.0
1719415217.1272428,0.0,633.0
1719415217.2535887,0.0,633.0
1719415217.3799741,0.0,633.0
1719415217.5062947,0.0,633.0
1719415217.6338708,0.0,633.0
1719415217.7630498,0.0,633.0
1719415217.889334,0.0,633.0
1719415218.0155854,0.0,633.0
1719415218.141873,0.0,633.0
1719415218.2693324,0.0,633.0
1719415218.3986084,0.0,633.0
1719415218.5248203,0.0,633.0
1719415218.6521394,0.0,633.0
1719415218.7782958,0.0,633.0
1719415218.9071593,0.0,633.0
1719415219.0333555,0.0,633.0
1719415219.1598387,0.0,633.0
1719415219.286341,0.0,633.0
1719415219.4131248,0.0,633.0
1719415219.5406795,0.0,633.0
1719415219.6676755,0.0,633.0
1719415219.7936022,0.0,633.0
1719415219.9193969,0.0,633.0
1719415220.0455372,0.0,633.0
1719415220.17268,0.0,633.0
1719415220.2995262,0.0,633.0
1719415220.426014,0.0,633.0
1719415220.5537245,0.0,633.0
1719415220.6797967,0.0,633.0
1719415220.807026,0.0,633.0
1719415220.935555,0.0,633.0
1719415221.0618393,0.0,633.0
1719415221.1880035,0.0,633.0
1719415221.3144417,0.0,633.0
1719415221.4421775,0.0,633.0
1719415221.5692863,0.0,633.0
1719415221.6957753,0.0,633.0
1719415221.821745,0.0,633.0
1719415221.9482625,0.0,633.0
1719415222.075239,0.0,633.0
1719415222.2035291,0.0,633.0
1719415222.330514,0.0,633.0
1719415222.4571252,0.0,633.0
1719415222.5856192,0.0,633.0
1719415222.713376,0.0,633.0
1719415222.8398664,0.0,633.0
1719415222.9665675,0.0,633.0
1719415223.0935342,0.0,633.0
1719415223.2200925,0.0,633.0
1719415223.3479724,0.0,633.0
1719415223.473832,0.0,633.0
1719415223.6002734,0.0,633.0
1719415223.72618,0.0,633.0
1719415223.852426,0.0,633.0
1719415223.9799516,0.0,633.0
1719415224.108732,0.0,633.0
1719415224.2360103,0.0,633.0
1719415224.3618543,0.0,633.0
1719415224.4880152,0.0,633.0
1719415224.615821,0.0,633.0
1719415224.7422576,0.0,633.0
1719415224.8682926,0.0,633.0
1719415224.9943156,0.0,633.0
1719415225.1204631,0.0,633.0
1719415225.2465491,0.0,633.0
1719415225.3733947,0.0,633.0
1719415225.5009928,0.0,633.0
1719415225.6282296,0.0,633.0
1719415225.753818,0.0,633.0
1719415225.8795571,0.0,633.0
1719415226.0056763,0.0,633.0
1719415226.1338336,0.0,633.0
1719415226.2603154,0.0,633.0
1719415226.3863413,0.0,633.0
1719415226.5122194,0.0,633.0
1719415226.639313,0.0,633.0
1719415226.7665646,0.0,633.0
1719415226.894974,0.0,633.0
1719415227.021007,0.0,633.0
1719415227.1472776,0.0,633.0
1719415227.2734704,0.0,633.0
1719415227.3994584,0.0,633.0
1719415227.5264752,0.0,633.0
1719415227.652997,0.0,633.0
1719415227.7792695,0.0,633.0
1719415227.905167,0.0,633.0
1719415228.031182,0.0,633.0
1719415228.1582263,0.0,633.0
1719415228.2865891,0.0,633.0
1719415228.4125073,0.0,633.0
1719415228.5386975,0.0,633.0
1719415228.6654015,0.0,633.0
1719415228.791229,0.0,633.0
1719415228.9187171,0.0,633.0
1719415229.0452387,0.0,633.0
1719415229.1708539,0.0,633.0
1719415229.296936,0.0,633.0
1719415229.4229336,0.0,633.0
1719415229.5491798,0.0,633.0
1719415229.6767795,0.0,633.0
1719415229.8042223,0.0,633.0
1719415229.930238,0.0,633.0
1719415230.0558798,0.0,633.0
1719415230.1820111,0.0,633.0
1719415230.3082683,0.0,633.0
1719415230.4350073,0.0,633.0
1719415230.5609922,0.0,633.0
1719415230.6872432,0.0,633.0
1719415230.8129704,0.0,633.0
1719415230.9388695,0.0,633.0
1719415231.064564,0.0,633.0
1719415231.1916676,0.0,633.0
1719415231.318891,0.0,633.0
1719415231.4448595,0.0,633.0
1719415231.5722203,0.0,633.0
1719415231.6983807,0.0,633.0
1719415231.8241024,0.0,633.0
1719415231.9520257,0.0,633.0
1719415232.0778086,0.0,633.0
1719415232.2040057,0.0,633.0
1719415232.329861,0.0,633.0
1719415232.4560509,0.0,633.0
1719415232.583985,0.0,633.0
1719415232.712838,0.0,633.0
1719415232.8386512,0.0,633.0
1719415232.964801,0.0,633.0
1719415233.0907986,0.0,633.0
1719415233.218515,0.0,633.0
1719415233.3467028,0.0,633.0
1719415233.4730177,0.0,633.0
1719415233.6000817,0.0,633.0
1719415233.7261717,0.0,633.0
1719415233.8520591,0.0,633.0
1719415233.979535,0.0,633.0
1719415234.1055114,0.0,633.0
1719415234.2318547,0.0,633.0
1719415234.3577995,0.0,633.0
1719415234.4841368,0.0,633.0
1719415234.6122267,0.0,633.0
1719415234.7402604,0.0,633.0
1719415234.8663611,0.0,633.0
1719415234.9921758,0.0,633.0
1719415235.1187005,0.0,633.0
1719415235.2467139,0.0,633.0
1719415235.3753269,0.0,633.0
1719415235.5021966,0.0,633.0
1719415235.6294885,0.0,633.0
1719415235.7553368,0.0,633.0
1719415235.882647,0.0,633.0
1719415236.0105608,0.0,633.0
1719415236.13755,0.0,633.0
1719415236.2638278,0.0,633.0
1719415236.38966,0.0,633.0
1719415236.516847,0.0,633.0
1719415236.6440356,0.0,633.0
1719415236.770015,0.0,633.0
1719415236.8964877,0.0,633.0
1719415237.0227559,0.0,633.0
1719415237.1491816,0.0,633.0
1719415237.2762125,0.0,633.0
1719415237.4032514,0.0,633.0
1719415237.5292408,0.0,633.0
1719415237.6558304,0.0,633.0
1719415237.7821426,0.0,633.0
1719415237.9097393,0.0,633.0
1719415238.0382907,0.0,633.0
1719415238.164783,0.0,633.0
1719415238.2912357,0.0,633.0
1719415238.4175074,0.0,633.0
1719415238.545538,0.0,633.0
1719415238.6725657,0.0,633.0
1719415238.7986329,0.0,633.0
1719415238.9247909,0.0,633.0
1719415239.0508604,0.0,633.0
1719415239.1790783,0.0,633.0
1719415239.3069756,0.0,633.0
1719415239.432777,0.0,633.0
1719415239.5603514,0.0,633.0
1719415239.686515,0.0,633.0
1719415239.813469,0.0,633.0
1719415239.941504,0.0,633.0
1719415240.0674202,0.0,633.0
1719415240.1939528,0.0,633.0
1719415240.3204238,0.0,633.0
1719415240.446492,0.0,633.0
1719415240.5739515,0.0,633.0
1719415240.7006304,0.0,633.0
1719415240.8265686,0.0,633.0
1719415240.952793,0.0,633.0
1719415241.0787547,0.0,633.0
1719415241.2063973,0.0,633.0
1719415241.3347864,0.0,633.0
1719415241.4604852,0.0,633.0
1719415241.5872803,0.0,633.0
1719415241.7131429,0.0,633.0
1719415241.839982,0.0,633.0
1719415241.9677274,0.0,633.0
1719415242.093632,0.0,633.0
1719415242.2210984,0.0,633.0
1719415242.3472264,0.0,633.0
1719415242.4741914,0.0,633.0
1719415242.6010303,0.0,633.0
1719415242.727556,0.0,633.0
1719415242.8533823,0.0,633.0
1719415242.9797337,0.0,633.0
1719415243.1056473,0.0,633.0
1719415243.2323012,0.0,633.0
1719415243.3612564,0.0,633.0
1719415243.4884613,0.0,633.0
1719415243.6158051,0.0,633.0
1719415243.7424119,0.0,633.0
1719415243.8704984,0.0,633.0
1719415243.9977505,0.0,633.0
1719415244.123788,0.0,633.0
1719415244.249742,0.0,633.0
1719415244.3755603,0.0,633.0
1719415244.5015821,0.0,633.0
1719415244.629336,0.0,633.0
1719415244.7553363,0.0,633.0
1719415244.8812966,0.0,633.0
1719415245.0076923,0.0,633.0
1719415245.1336908,0.0,633.0
1719415245.2606294,0.0,633.0
1719415245.388824,0.0,633.0
1719415245.514791,0.0,633.0
1719415245.6417751,0.0,633.0
1719415245.76752,0.0,633.0
1719415245.893283,0.0,633.0
1719415246.0209208,0.0,633.0
1719415246.1476033,0.0,633.0
1719415246.2734299,0.0,633.0
1719415246.3992987,0.0,633.0
1719415246.5252385,0.0,633.0
1719415246.6526077,0.0,633.0
1719415246.7797196,0.0,633.0
1719415246.907116,0.0,633.0
1719415247.0330553,0.0,633.0
1719415247.1591935,0.0,633.0
1719415247.2854877,0.0,633.0
1719415247.4117298,0.0,633.0
1719415247.5396883,0.0,633.0
1719415247.6675956,0.0,633.0
1719415247.793835,0.0,633.0
1719415247.9199212,0.0,633.0
1719415248.0469835,0.0,633.0
1719415248.1756885,0.0,633.0
1719415248.302413,0.0,633.0
1719415248.429016,0.0,633.0
1719415248.5555167,0.0,633.0
1719415248.6841455,0.0,633.0
1719415248.810519,0.0,633.0
1719415248.9364867,0.0,633.0
1719415249.0627759,0.0,633.0
1719415249.188655,0.0,633.0
1719415249.3156376,0.0,633.0
1719415249.443732,0.0,633.0
1719415249.5721197,0.0,633.0
1719415249.6978827,0.0,633.0
1719415249.823908,0.0,633.0
1719415249.9497747,0.0,633.0
1719415250.0765283,0.0,633.0
1719415250.203387,0.0,633.0
1719415250.3295386,0.0,633.0
1719415250.455498,0.0,633.0
1719415250.5825138,0.0,633.0
1719415250.7098804,0.0,633.0
1719415250.8389266,0.0,633.0
1719415250.964828,0.0,633.0
1719415251.0907955,0.0,633.0
1719415251.2171605,0.0,633.0
1719415251.3447099,0.0,633.0
1719415251.472786,0.0,633.0
1719415251.599456,0.0,633.0
1719415251.7252815,0.0,633.0
1719415251.851126,0.0,633.0
1719415251.977116,0.0,633.0
1719415252.1042953,0.0,633.0
1719415252.2325456,0.0,633.0
1719415252.3584626,0.0,633.0
1719415252.484899,0.0,633.0
1719415252.611546,0.0,633.0
1719415252.7388744,0.0,633.0
1719415252.8675346,0.0,633.0
1719415252.9938312,0.0,633.0
1719415253.1197138,0.0,633.0
1719415253.2462444,0.0,633.0
1719415253.3726754,0.0,633.0
1719415253.5003839,0.0,633.0
1719415253.6276877,0.0,633.0
1719415253.7535536,0.0,633.0
1719415253.879758,0.0,633.0
1719415254.0058696,0.0,633.0
1719415254.1330364,0.0,633.0
1719415254.2605948,0.0,633.0
1719415254.3867688,0.0,633.0
1719415254.5131812,0.0,633.0
1719415254.640886,0.0,633.0
1719415254.7677143,0.0,633.0
1719415254.895113,0.0,633.0
1719415255.020914,0.0,633.0
1719415255.1474748,0.0,633.0
1719415255.273937,0.0,633.0
1719415255.4001322,0.0,633.0
1719415255.5274138,0.0,633.0
1719415255.655502,0.0,633.0
1719415255.7809634,0.0,633.0
1719415255.9065285,0.0,633.0
1719415256.032231,0.0,633.0
1719415256.158013,0.0,633.0
1719415256.2846835,0.0,633.0
1719415256.4121659,0.0,633.0
1719415256.5379143,0.0,633.0
1719415256.664637,0.0,633.0
1719415256.7905986,0.0,633.0
1719415256.9182348,0.0,633.0
1719415257.0448349,0.0,633.0
1719415257.1710794,0.0,633.0
1719415257.2969942,0.0,633.0
1719415257.4230292,0.0,633.0
1719415257.5488749,0.0,633.0
1719415257.6767726,0.0,633.0
1719415257.8049855,0.0,633.0
1719415257.930551,0.0,633.0
1719415258.056014,0.0,633.0
1719415258.181856,0.0,633.0
1719415258.3075244,0.0,633.0
1719415258.4341524,0.0,633.0
1719415258.56128,0.0,633.0
1719415258.6877246,0.0,633.0
1719415258.8135307,0.0,633.0
1719415258.9392605,0.0,633.0
1719415259.0655093,0.0,633.0
1719415259.1928408,0.0,633.0
1719415259.319439,0.0,633.0
1719415259.445752,0.0,633.0
1719415259.5739167,0.0,633.0
1719415259.7001588,0.0,633.0
1719415259.827568,0.0,633.0
1719415259.9567308,0.0,633.0
1719415260.0842898,0.0,633.0
1719415260.2103264,0.0,633.0
1719415260.3372114,0.0,633.0
1719415260.4671478,0.0,633.0
1719415260.5942616,0.0,633.0
1719415260.7210217,0.0,633.0
1719415260.848598,0.0,633.0
1719415260.977185,0.0,633.0
1719415261.1032908,0.0,633.0
1719415261.2291589,0.0,633.0
1719415261.3546758,0.0,633.0
1719415261.482483,0.0,633.0
1719415261.6093023,0.0,633.0
1719415261.7352214,0.0,633.0
1719415261.8609698,0.0,633.0
1719415261.9866042,0.0,633.0
1719415262.1120253,0.0,633.0
1719415262.2379951,0.0,633.0
1719415262.3647745,0.0,633.0
1719415262.4920359,0.0,633.0
1719415262.6195195,0.0,633.0
1719415262.7452393,0.0,633.0
1719415262.8708339,0.0,633.0
1719415262.997698,0.0,633.0
1719415263.125431,0.0,633.0
1719415263.25286,0.0,633.0
1719415263.3806558,0.0,633.0
1719415263.5071666,0.0,633.0
1719415263.6358933,0.0,633.0
1719415263.7630622,0.0,633.0
1719415263.8887446,0.0,633.0
1719415264.015073,0.0,633.0
1719415264.1411293,0.0,633.0
1719415264.267328,0.0,633.0
1719415264.3942537,0.0,633.0
1719415264.5220335,0.0,633.0
1719415264.648984,0.0,633.0
1719415264.7752712,0.0,633.0
1719415264.9016478,0.0,633.0
1719415265.027395,0.0,633.0
1719415265.1554234,0.0,633.0
1719415265.2813993,0.0,633.0
1719415265.4078977,0.0,633.0
1719415265.5340252,0.0,633.0
1719415265.6605105,0.0,633.0
1719415265.7883317,0.0,633.0
1719415265.9163983,0.0,633.0
1719415266.0422013,0.0,633.0
1719415266.1682801,0.0,633.0
1719415266.2940814,0.0,633.0
1719415266.422255,0.0,633.0
1719415266.5506449,0.0,633.0
1719415266.6784055,0.0,633.0
1719415266.804475,0.0,633.0
1719415266.9311955,0.0,633.0
1719415267.0588233,0.0,633.0
1719415267.1851816,0.0,633.0
1719415267.312465,0.0,633.0
1719415267.4386988,0.0,633.0
1719415267.5649822,0.0,633.0
1719415267.6920474,0.0,633.0
1719415267.8189654,0.0,633.0
1719415267.944903,0.0,633.0
1719415268.0707016,0.0,633.0
1719415268.1969094,0.0,633.0
1719415268.3228269,0.0,633.0
1719415268.450342,0.0,633.0
1719415268.5800107,0.0,633.0
1719415268.7056408,0.0,633.0
1719415268.8317082,0.0,633.0
1719415268.9580173,0.0,633.0
1719415269.084435,0.0,633.0
1719415269.2125657,0.0,633.0
1719415269.3393705,0.0,633.0
1719415269.4653804,0.0,633.0
1719415269.5928993,0.0,633.0
1719415269.7194955,0.0,633.0
1719415269.8469772,0.0,633.0
1719415269.9737227,0.0,633.0
1719415270.1010137,0.0,633.0
1719415270.227136,0.0,633.0
1719415270.3542314,0.0,633.0
1719415270.4822817,0.0,633.0
1719415270.609681,0.0,633.0
1719415270.7357678,0.0,633.0
1719415270.8616257,0.0,633.0
1719415270.9886372,0.0,633.0
1719415271.1168852,0.0,633.0
1719415271.2426376,0.0,633.0
1719415271.3683004,0.0,633.0
1719415271.4940152,0.0,633.0
1719415271.6208744,0.0,633.0
1719415271.7479033,0.0,633.0
1719415271.8752763,0.0,633.0
1719415272.000988,0.0,633.0
1719415272.1281416,0.0,633.0
1719415272.2540295,0.0,633.0
1719415272.3802679,0.0,633.0
1719415272.507441,0.0,633.0
1719415272.6354597,0.0,633.0
1719415272.761448,0.0,633.0
1719415272.8872914,0.0,633.0
1719415273.014016,0.0,633.0
1719415273.1408477,0.0,633.0
1719415273.2689328,0.0,633.0
1719415273.3949826,0.0,633.0
1719415273.521769,0.0,633.0
1719415273.6502168,0.0,633.0
1719415273.780033,0.0,633.0
1719415273.9063454,0.0,633.0
1719415274.0327842,0.0,633.0
1719415274.1593888,0.0,633.0
1719415274.2871056,0.0,633.0
1719415274.4155324,0.0,633.0
1719415274.5415576,0.0,633.0
1719415274.6682875,0.0,633.0
1719415274.8034716,0.0,633.0
1719415274.9302828,0.0,633.0
1719415275.0570204,0.0,633.0
1719415275.1826391,0.0,633.0
1719415275.3101664,0.0,633.0
1719415275.438408,0.0,633.0
1719415275.5640512,0.0,633.0
1719415275.6913366,0.0,633.0
1719415275.8170805,0.0,633.0
1719415275.94561,0.0,633.0
1719415276.0725062,0.0,633.0
1719415276.1988432,0.0,633.0
1719415276.3249,0.0,633.0
1719415276.4510033,0.0,633.0
1719415276.5792434,0.0,633.0
1719415276.7073326,0.0,633.0
1719415276.8340697,0.0,633.0
1719415276.9606056,0.0,633.0
1719415277.08672,0.0,633.0
1719415277.2126336,0.0,633.0
1719415277.3398888,0.0,633.0
1719415277.4684076,0.0,633.0
1719415277.595169,0.0,633.0
1719415277.7209532,0.0,633.0
1719415277.8466017,0.0,633.0
1719415277.9737806,0.0,633.0
1719415278.1016884,0.0,633.0
1719415278.227994,0.0,633.0
1719415278.3540351,0.0,633.0
1719415278.4808242,0.0,633.0
1719415278.6092117,0.0,633.0
1719415278.7389207,0.0,633.0
1719415278.8648858,0.0,633.0
1719415278.9908273,0.0,633.0
1719415279.1165824,0.0,633.0
1719415279.2434962,0.0,633.0
1719415279.3728774,0.0,633.0
1719415279.4988618,0.0,633.0
1719415279.6262531,0.0,633.0
1719415279.752837,0.0,633.0
1719415279.8795466,0.0,633.0
1719415280.007208,0.0,633.0
1719415280.132981,0.0,633.0
1719415280.25891,0.0,633.0
1719415280.3847835,0.0,633.0
1719415280.5104065,0.0,633.0
1719415280.639028,0.0,633.0
1719415280.766016,0.0,633.0
1719415280.9006171,0.0,633.0
1719415281.027711,0.0,633.0
1719415281.1582181,0.0,633.0
1719415281.2845073,0.0,633.0
1719415281.4106917,0.0,633.0
1719415281.5366201,0.0,633.0
1719415281.6646836,0.0,633.0
1719415281.7908177,0.0,633.0
1719415281.917681,0.0,633.0
1719415282.0435739,0.0,633.0
1719415282.1708243,0.0,633.0
1719415282.2975552,0.0,633.0
1719415282.4251542,0.0,633.0
1719415282.5515037,0.0,633.0
1719415282.6801393,0.0,633.0
1719415282.806263,0.0,633.0
1719415282.9348998,0.0,633.0
1719415283.0613253,0.0,633.0
1719415283.187616,0.0,633.0
1719415283.3141267,0.0,633.0
1719415283.4404185,0.0,633.0
1719415283.5671842,0.0,633.0
1719415283.6944032,0.0,633.0
1719415283.820117,0.0,633.0
1719415283.9458816,0.0,633.0
1719415284.071795,0.0,633.0
1719415284.1976168,0.0,633.0
1719415284.3232548,0.0,633.0
1719415284.4515378,0.0,633.0
1719415284.5774689,0.0,633.0
1719415284.7043588,0.0,633.0
1719415284.8300338,0.0,633.0
1719415284.9557815,0.0,633.0
1719415285.0820117,0.0,633.0
1719415285.2100132,0.0,633.0
1719415285.3360388,0.0,633.0
1719415285.4627523,0.0,633.0
1719415285.5922775,0.0,633.0
1719415285.7197526,0.0,633.0
1719415285.84678,0.0,633.0
1719415285.9723744,0.0,633.0
1719415286.0981474,0.0,633.0
1719415286.2244177,0.0,633.0
1719415286.35119,0.0,633.0
1719415286.4788518,0.0,633.0
1719415286.6057951,0.0,633.0
1719415286.7317522,0.0,633.0
1719415286.8575754,0.0,633.0
1719415286.9833355,0.0,633.0
1719415287.1099796,0.0,633.0
1719415287.2374592,0.0,633.0
1719415287.3633907,0.0,633.0
1719415287.4892995,0.0,633.0
1719415287.6176314,0.0,633.0
1719415287.7443342,0.0,633.0
1719415287.8715634,0.0,633.0
1719415287.99743,0.0,633.0
1719415288.1238983,0.0,633.0
1719415288.2497253,0.0,633.0
1719415288.3755565,0.0,633.0
1719415288.5024438,0.0,633.0
1719415288.6316068,0.0,633.0
1719415288.7581189,0.0,633.0
1719415288.884834,0.0,633.0
1719415289.0104861,0.0,633.0
1719415289.1378462,0.0,633.0
1719415289.266795,0.0,633.0
1719415289.3925066,0.0,633.0
1719415289.518473,0.0,633.0
1719415289.6454296,0.0,633.0
1719415289.7723405,0.0,633.0
1719415289.8997638,0.0,633.0
1719415290.0255156,0.0,633.0
1719415290.1514957,0.0,633.0
1719415290.278627,0.0,633.0
1719415290.4044828,0.0,633.0
1719415290.5312161,0.0,633.0
1719415290.6590812,0.0,633.0
1719415290.7849405,0.0,633.0
1719415290.9106789,0.0,633.0
1719415291.0368452,0.0,633.0
1719415291.1625564,0.0,633.0
1719415291.2905297,0.0,633.0
1719415291.4184844,0.0,633.0
1719415291.5446062,0.0,633.0
1719415291.6709583,0.0,633.0
1719415291.7965217,0.0,633.0
1719415291.9222023,0.0,633.0
1719415292.0501778,0.0,633.0
1719415292.1769168,0.0,633.0
1719415292.3029943,0.0,633.0
1719415292.4289775,0.0,633.0
1719415292.555233,0.0,633.0
1719415292.6817467,0.0,633.0
1719415292.8088162,0.0,633.0
1719415292.9372473,0.0,633.0
1719415293.0639524,0.0,633.0
1719415293.1895452,0.0,633.0
1719415293.315582,0.0,633.0
1719415293.4434967,0.0,633.0
1719415293.5715919,0.0,633.0
1719415293.6987667,0.0,633.0
1719415293.8256674,0.0,633.0
1719415293.9514914,0.0,633.0
1719415294.0776083,0.0,633.0
1719415294.2056086,0.0,633.0
1719415294.3325057,0.0,633.0
1719415294.4587774,0.0,633.0
1719415294.5862105,0.0,633.0
1719415294.712483,0.0,633.0
1719415294.8396072,0.0,633.0
1719415294.9674208,0.0,633.0
1719415295.0933433,0.0,633.0
1719415295.2197504,0.0,633.0
1719415295.3456755,0.0,633.0
1719415295.4716165,0.0,633.0
1719415295.6004558,0.0,633.0
1719415295.7263467,0.0,633.0
1719415295.852495,0.0,633.0
1719415295.978408,0.0,633.0
1719415296.1042583,0.0,633.0
1719415296.2303016,0.0,633.0
1719415296.357579,0.0,633.0
1719415296.484554,0.0,633.0
1719415296.6133494,0.0,633.0
1719415296.7391226,0.0,633.0
1719415296.8651218,0.0,633.0
1719415296.9922068,0.0,633.0
1719415297.1202934,0.0,633.0
1719415297.2475224,0.0,633.0
1719415297.3732326,0.0,633.0
1719415297.4989276,0.0,633.0
1719415297.6266687,0.0,633.0
1719415297.7551272,0.0,633.0
1719415297.880983,0.0,633.0
1719415298.0069973,0.0,633.0
1719415298.1328511,0.0,633.0
1719415298.258582,0.0,633.0
1719415298.3852565,0.0,633.0
1719415298.5124106,0.0,633.0
1719415298.638158,0.0,633.0
1719415298.7641249,0.0,633.0
1719415298.8898783,0.0,633.0
1719415299.0155447,0.0,633.0
1719415299.142788,0.0,633.0
1719415299.2718313,0.0,633.0
1719415299.397919,0.0,633.0
1719415299.5239892,0.0,633.0
1719415299.6512802,0.0,633.0
1719415299.7782433,0.0,633.0
1719415299.9068093,0.0,633.0
1719415300.0326114,0.0,633.0
1719415300.15856,0.0,633.0
1719415300.284746,0.0,633.0
1719415300.4105735,0.0,633.0
1719415300.5375872,0.0,633.0
1719415300.6641896,0.0,633.0
1719415300.7901506,0.0,633.0
1719415300.9167426,0.0,633.0
1719415301.042678,0.0,633.0
1719415301.1686563,0.0,633.0
1719415301.294728,0.0,633.0
1719415301.4218345,0.0,633.0
1719415301.5501785,0.0,633.0
1719415301.6770487,0.0,633.0
1719415301.8026075,0.0,633.0
1719415301.928103,0.0,633.0
1719415302.053953,0.0,633.0
1719415302.1807435,0.0,633.0
1719415302.308048,0.0,633.0
1719415302.434363,0.0,633.0
1719415302.5605927,0.0,633.0
1719415302.6862495,0.0,633.0
1719415302.812639,0.0,633.0
1719415302.9395785,0.0,633.0
1719415303.0671341,0.0,633.0
1719415303.1940117,0.0,633.0
1719415303.3206956,0.0,633.0
1719415303.4472742,0.0,633.0
1719415303.5746944,0.0,633.0
1719415303.7035327,0.0,633.0
1719415303.8300638,0.0,633.0
1719415303.9564211,0.0,633.0
1719415304.0826201,0.0,633.0
1719415304.2102795,0.0,633.0
1719415304.3375714,0.0,633.0
1719415304.4635963,0.0,633.0
1719415304.6019146,0.0,633.0
1719415304.7325408,0.0,633.0
1719415304.864225,0.0,633.0
1719415304.9920282,0.0,837.0
1719415305.1248443,9.0,965.0
1719415305.2608995,9.0,1093.0
1719415305.3950918,3.0,1221.0
1719415305.5324438,3.0,1221.0
1719415305.6701548,3.0,1349.0
1719415305.804693,3.0,1477.0
1719415305.941527,3.0,1477.0
1719415306.0784771,3.0,1605.0
1719415306.2128217,3.0,1733.0
1719415306.3493848,3.0,1733.0
1719415306.4867606,3.0,1861.0
1719415306.6219466,3.0,1989.0
1719415306.758036,3.0,1989.0
1719415306.8956332,3.0,2117.0
1719415307.0304592,3.0,2117.0
1719415307.198923,1.0,6867.0
1719415307.3393974,41.0,10517.0
1719415307.4760525,41.0,31673.0
1719415307.6115754,94.0,31673.0
1719415307.7455816,78.0,33987.0
1719415307.888255,96.0,50893.0
1719415308.026902,96.0,50893.0
1719415308.1608799,100.0,50895.0
1719415308.2963743,100.0,50897.0
1719415308.4310508,99.0,50909.0
1719415308.5660121,77.0,50911.0
1719415308.7501473,12.0,50911.0
1719415308.8988833,12.0,50911.0
1719415309.074395,100.0,50911.0
1719415309.2177234,94.0,50911.0
1719415309.3565812,100.0,50911.0
1719415309.491329,100.0,50911.0
1719415309.6264408,100.0,50911.0
1719415309.7611275,100.0,50911.0
1719415309.8957918,100.0,50911.0
1719415310.090153,63.0,50911.0
1719415310.2817068,46.0,50911.0
1719415310.42601,100.0,50911.0
1719415310.5690503,100.0,50911.0
1719415310.7078426,100.0,50911.0
1719415310.8411887,100.0,50911.0
1719415310.9746616,100.0,50911.0
1719415311.1088467,100.0,50911.0
1719415311.2451088,100.0,50911.0
1719415311.4087892,23.0,50911.0
1719415311.560018,23.0,50911.0
1719415311.7062767,83.0,50911.0
1719415311.8531425,100.0,50911.0
1719415311.9934149,100.0,50911.0
1719415312.1343927,100.0,50911.0
1719415312.2706447,100.0,50911.0
1719415312.4077017,100.0,50911.0
1719415312.5474727,85.0,50911.0
1719415312.692747,85.0,50911.0
1719415312.8434253,31.0,50911.0
1719415312.9907386,100.0,50911.0
1719415313.1348674,100.0,50911.0
1719415313.3064291,99.0,50911.0
1719415313.4474294,100.0,50911.0
1719415313.5858986,100.0,50911.0
1719415313.7256548,100.0,50911.0
1719415313.8621652,100.0,50911.0
1719415313.998164,100.0,50911.0
1719415314.1319768,38.0,50911.0
1719415314.2671626,0.0,50911.0
1719415314.4004061,0.0,50911.0
1719415314.5366933,0.0,50911.0
1719415314.67012,0.0,50911.0
1719415314.8042479,0.0,50911.0
1719415314.9404445,0.0,50911.0
1719415315.1006882,0.0,50911.0
1719415315.2526402,52.0,50911.0
1719415315.3987448,100.0,50911.0
1719415315.5424857,99.0,50911.0
1719415315.6841676,99.0,50911.0
1719415315.8260915,100.0,50911.0
1719415315.966032,100.0,50911.0
1719415316.1030314,100.0,50911.0
1719415316.2413032,100.0,50911.0
1719415316.3791838,100.0,50911.0
1719415316.5297287,19.0,50911.0
1719415316.67669,100.0,50911.0
1719415316.8192997,99.0,50911.0
1719415316.9640036,100.0,50911.0
1719415317.103407,100.0,50911.0
1719415317.2420146,100.0,50911.0
1719415317.3777797,100.0,50911.0
1719415317.513727,100.0,50911.0
1719415317.6511605,67.0,50911.0
1719415317.8029962,69.0,50911.0
1719415317.9510927,69.0,50911.0
1719415318.146792,100.0,50911.0
1719415318.2921064,99.0,50911.0
1719415318.431117,100.0,50911.0
1719415318.570273,100.0,50911.0
1719415318.7092404,100.0,50911.0
1719415318.8523781,99.0,50911.0
1719415319.0080223,21.0,50911.0
1719415319.1611063,100.0,50911.0
1719415319.3095806,100.0,50911.0
1719415319.45706,99.0,50911.0
1719415319.599032,100.0,50911.0
1719415319.7397401,100.0,50911.0
1719415319.8778617,100.0,50911.0
1719415320.013625,100.0,50911.0
1719415320.157792,100.0,50911.0
1719415320.3104336,49.0,50911.0
1719415320.461618,75.0,50911.0
1719415320.6095665,75.0,50911.0
1719415320.7647095,100.0,50911.0
1719415320.9102495,99.0,50911.0
1719415321.0488217,100.0,50911.0
1719415321.1895058,100.0,50911.0
1719415321.3262095,100.0,50911.0
1719415321.4740226,93.0,50911.0
1719415321.6584392,26.0,50911.0
1719415321.8082561,26.0,50911.0
1719415321.9763637,100.0,50911.0
1719415322.1275742,99.0,50911.0
1719415322.267362,100.0,50911.0
1719415322.406822,100.0,50911.0
1719415322.545481,100.0,50911.0
1719415322.6825702,100.0,50911.0
1719415322.8197165,42.0,50911.0
1719415322.9950523,42.0,50911.0
1719415323.1425824,72.0,50911.0
1719415323.2858217,100.0,50911.0
1719415323.4303403,100.0,50911.0
1719415323.5904992,99.0,50911.0
1719415323.732598,100.0,50911.0
1719415323.8703537,100.0,50911.0
1719415324.0063467,96.0,50911.0
1719415324.1559675,96.0,50911.0
1719415324.306369,29.0,50911.0
1719415324.4536395,29.0,50911.0
1719415324.6010323,100.0,50911.0
1719415324.7501051,99.0,50911.0
1719415324.8885703,100.0,50911.0
1719415325.0273583,100.0,50911.0
1719415325.164948,100.0,50911.0
1719415325.3622873,100.0,50911.0
1719415325.500543,39.0,50911.0
1719415325.6511676,39.0,50911.0
1719415325.814928,100.0,50911.0
1719415325.9765697,100.0,50911.0
1719415326.1187859,99.0,50911.0
1719415326.2575116,100.0,50911.0
1719415326.3944132,100.0,50911.0
1719415326.5305624,100.0,50911.0
1719415326.6650884,100.0,50911.0
1719415326.8229299,97.0,50911.0
1719415327.0260415,98.0,50911.0
1719415327.1958961,98.0,50911.0
1719415327.3421872,99.0,50911.0
1719415327.484289,100.0,50911.0
1719415327.6241283,100.0,50911.0
1719415327.7670846,100.0,50911.0
1719415327.9057434,100.0,50911.0
1719415328.042012,100.0,50911.0
1719415328.1835613,70.0,50911.0
1719415328.3389275,33.0,50911.0
1719415328.4866767,100.0,50911.0
1719415328.6424975,100.0,50911.0
1719415328.8394926,99.0,50911.0
1719415328.9800963,100.0,50911.0
1719415329.1171398,100.0,50911.0
1719415329.254479,100.0,50911.0
1719415329.3908744,100.0,50911.0
1719415329.5286036,35.0,50911.0
1719415329.6792495,87.0,50911.0
1719415329.845442,100.0,50911.0
1719415330.0067692,100.0,50911.0
1719415330.1480594,99.0,50911.0
1719415330.2888486,100.0,50911.0
1719415330.425863,100.0,50911.0
1719415330.5624027,100.0,50911.0
1719415330.7022028,81.0,50911.0
1719415330.8554318,81.0,50911.0
1719415331.0052166,45.0,50911.0
1719415331.151651,100.0,50911.0
1719415331.294723,100.0,50911.0
1719415331.4620152,100.0,50911.0
1719415331.6228812,100.0,50911.0
1719415331.761725,100.0,50911.0
1719415331.8993556,100.0,50911.0
1719415332.0420215,100.0,50911.0
1719415332.2728786,24.0,50911.0
1719415332.4724767,100.0,50911.0
1719415332.64416,100.0,50911.0
1719415332.784809,99.0,50911.0
1719415332.924324,100.0,50911.0
1719415333.061916,100.0,50911.0
1719415333.198656,100.0,50911.0
1719415333.3368719,79.0,50911.0
1719415333.502407,79.0,50911.0
1719415333.6543403,35.0,50911.0
1719415333.8030639,100.0,50911.0
1719415333.9501653,99.0,50911.0
1719415334.0928223,99.0,50911.0
1719415334.2316778,100.0,50911.0
1719415334.3708856,100.0,50911.0
1719415334.5083332,100.0,50911.0
1719415334.644377,100.0,50911.0
1719415334.8110516,36.0,50911.0
1719415334.9628303,36.0,50911.0
1719415335.1118925,100.0,50911.0
1719415335.2577388,100.0,50911.0
1719415335.3975234,98.0,50911.0
1719415335.5341306,100.0,50911.0
1719415335.6692145,100.0,50911.0
1719415335.8048291,100.0,50911.0
1719415335.9425144,78.0,50911.0
1719415336.105827,78.0,50911.0
1719415336.2553942,44.0,50911.0
1719415336.400166,100.0,50911.0
1719415336.5432365,100.0,50911.0
1719415336.7007065,100.0,50911.0
1719415336.839808,100.0,50911.0
1719415336.9769907,100.0,50911.0
1719415337.1132994,100.0,50911.0
1719415337.2577965,100.0,50911.0
1719415337.4089856,25.0,50911.0
1719415337.559903,25.0,50911.0
1719415337.7054381,97.0,50911.0
1719415337.8503115,99.0,50911.0
1719415337.9920473,100.0,50911.0
1719415338.1322496,100.0,50911.0
1719415338.2710533,100.0,50911.0
1719415338.407371,100.0,50911.0
1719415338.5436804,72.0,50911.0
1719415338.6920347,72.0,50911.0
1719415338.8427958,51.0,50911.0
1719415338.98842,100.0,50911.0
1719415339.131784,99.0,50911.0
1719415339.2916598,99.0,50911.0
1719415339.4316134,100.0,50911.0
1719415339.5683045,100.0,50911.0
1719415339.7206123,100.0,50911.0
1719415339.857522,100.0,50911.0
1719415339.9960535,100.0,50911.0
1719415340.146486,95.0,50911.0
1719415340.300033,95.0,50911.0
1719415340.44239,99.0,50911.0
1719415340.5833037,100.0,50911.0
1719415340.7250195,100.0,50911.0
1719415340.862898,100.0,50911.0
1719415341.0008745,100.0,50911.0
1719415341.1375897,100.0,50911.0
1719415341.2754526,75.0,50911.0
1719415341.4365582,33.0,50911.0
1719415341.5838528,33.0,50911.0
1719415341.7380302,100.0,50911.0
1719415341.8831196,99.0,50911.0
1719415342.0230074,100.0,50911.0
1719415342.1592963,100.0,50911.0
1719415342.296597,100.0,50911.0
1719415342.4346728,100.0,50911.0
1719415342.5820267,35.0,50911.0
1719415342.7644558,35.0,50911.0
1719415342.9152486,60.0,50911.0
1719415343.0637462,100.0,50911.0
1719415343.2094383,99.0,50911.0
1719415343.350092,99.0,50911.0
1719415343.5078084,100.0,50911.0
1719415343.6430953,100.0,50911.0
1719415343.7783015,100.0,50911.0
1719415343.9163153,100.0,50911.0
1719415344.0724866,32.0,50911.0
1719415344.219337,32.0,50911.0
1719415344.3608947,100.0,50911.0
1719415344.5028868,99.0,50911.0
1719415344.642158,100.0,50911.0
1719415344.7826197,100.0,50911.0
1719415344.9329925,100.0,50911.0
1719415345.0710864,100.0,50911.0
1719415345.210025,43.0,50911.0
1719415345.3953943,43.0,50911.0
1719415345.5464764,56.0,50911.0
1719415345.6935818,100.0,50911.0
1719415345.8381567,99.0,50911.0
1719415345.9817445,99.0,50911.0
1719415346.1197338,100.0,50911.0
1719415346.25863,100.0,50911.0
1719415346.397311,100.0,50911.0
1719415346.5340283,100.0,50911.0
1719415346.710742,23.0,50911.0
1719415346.8601098,23.0,50911.0
1719415347.0047753,100.0,50911.0
1719415347.148655,99.0,50911.0
1719415347.2875743,100.0,50911.0
1719415347.4245794,100.0,50911.0
1719415347.560632,100.0,50911.0
1719415347.6971247,100.0,50911.0
1719415347.8367472,56.0,50911.0
1719415348.0528533,64.0,50911.0
1719415348.2012808,64.0,50911.0
1719415348.3938851,100.0,50911.0
1719415348.5373056,99.0,50911.0
1719415348.680825,100.0,50911.0
1719415348.8215356,100.0,50911.0
1719415348.9576755,100.0,50911.0
1719415349.1007705,100.0,50911.0
1719415349.2584064,100.0,50911.0
1719415349.4086504,26.0,50911.0
1719415349.5530834,100.0,50911.0
1719415349.694043,99.0,50911.0
1719415349.8333886,100.0,50911.0
1719415349.9730422,100.0,50911.0
1719415350.1097791,100.0,50911.0
1719415350.2485235,100.0,50911.0
1719415350.38717,100.0,50911.0
1719415350.5256464,46.0,50911.0
1719415350.6760147,46.0,50911.0
1719415350.8200686,86.0,50911.0
1719415350.9627318,100.0,50911.0
1719415351.103202,99.0,50911.0
1719415351.2419093,100.0,50911.0
1719415351.3797204,100.0,50911.0
1719415351.5185287,100.0,50911.0
1719415351.6555686,83.0,50911.0
1719415351.8261504,83.0,50911.0
1719415351.9770637,48.0,50911.0
1719415352.1228986,100.0,50911.0
1719415352.265839,99.0,50911.0
1719415352.4199572,99.0,50911.0
1719415352.5595124,100.0,50911.0
1719415352.6993876,100.0,50911.0
1719415352.8347294,100.0,50911.0
1719415352.9738095,100.0,50911.0
1719415353.1153636,21.0,50911.0
1719415353.2657874,21.0,50911.0
1719415353.4364386,99.0,50911.0
1719415353.5794668,99.0,50911.0
1719415353.7195156,99.0,50911.0
1719415353.8599222,100.0,50911.0
1719415353.9953492,100.0,50911.0
1719415354.1325893,100.0,50911.0
1719415354.267974,100.0,50911.0
1719415354.4071202,69.0,50911.0
1719415354.5576558,52.0,50911.0
1719415354.7037256,100.0,50911.0
1719415354.8472807,100.0,50911.0
1719415355.0119135,99.0,50911.0
1719415355.1542742,100.0,50911.0
1719415355.2920148,100.0,50911.0
1719415355.4296324,100.0,50911.0
1719415355.5683746,100.0,50911.0
1719415355.7060285,17.0,50911.0
1719415355.8935895,51.0,50911.0
1719415356.0476997,51.0,50911.0
1719415356.1935413,100.0,50911.0
1719415356.3365102,99.0,50911.0
1719415356.477292,100.0,50911.0
1719415356.615703,100.0,50911.0
1719415356.7527058,100.0,50911.0
1719415356.8918183,100.0,50911.0
1719415357.0293424,100.0,50911.0
1719415357.2158165,19.0,50911.0
1719415357.3614438,99.0,50911.0
1719415357.5069332,99.0,50911.0
1719415357.6538608,99.0,50911.0
1719415357.794275,100.0,50911.0
1719415357.9316626,100.0,50911.0
1719415358.0787108,100.0,50911.0
1719415358.214978,100.0,50911.0
1719415358.3500435,68.0,50911.0
1719415358.5117235,66.0,50911.0
1719415358.6582808,66.0,50911.0
1719415358.8005679,100.0,50911.0
1719415358.9420283,100.0,50911.0
1719415359.0795,99.0,50911.0
1719415359.2193706,100.0,50911.0
1719415359.3582318,100.0,50911.0
1719415359.4953682,100.0,50911.0
1719415359.6337104,100.0,50911.0
1719415359.8087816,11.0,50911.0
1719415359.9584525,11.0,50911.0
1719415360.103221,100.0,50911.0
1719415360.245992,99.0,50911.0
1719415360.3866756,99.0,50911.0
1719415360.527567,100.0,50911.0
1719415360.665129,100.0,50911.0
1719415360.8043876,100.0,50911.0
1719415360.95003,59.0,50911.0
1719415361.1351748,52.0,50911.0
1719415361.284134,52.0,50911.0
1719415361.4290082,100.0,50911.0
1719415361.5732303,100.0,50911.0
1719415361.7123952,100.0,50911.0
1719415361.874121,100.0,50911.0
1719415362.012085,100.0,50911.0
1719415362.1483874,100.0,50911.0
1719415362.2856576,100.0,50911.0
1719415362.4469297,33.0,50911.0
1719415362.5952375,100.0,50911.0
1719415362.7388628,99.0,50911.0
1719415362.8822458,99.0,50911.0
1719415363.0207942,100.0,50911.0
1719415363.15887,100.0,50911.0
1719415363.295692,100.0,50911.0
1719415363.4308007,100.0,50911.0
1719415363.5680285,100.0,50911.0
1719415363.725296,51.0,50911.0
1719415363.876079,81.0,50911.0
1719415364.0212328,100.0,50911.0
1719415364.169403,99.0,50911.0
1719415364.3099763,99.0,50911.0
1719415364.4471133,100.0,50911.0
1719415364.5855496,100.0,50911.0
1719415364.7210412,100.0,50911.0
1719415364.8592467,86.0,50911.0
1719415365.0194612,42.0,50911.0
1719415365.166394,42.0,50911.0
1719415365.3424778,99.0,50911.0
1719415365.503797,99.0,50911.0
1719415365.6434383,100.0,50911.0
1719415365.7796664,100.0,50911.0
1719415365.9148405,100.0,50911.0
1719415366.0530279,100.0,50911.0
1719415366.1973977,35.0,50911.0
1719415366.3552706,35.0,50911.0
1719415366.5565846,100.0,50911.0
1719415366.7014105,99.0,50911.0
1719415366.8428175,100.0,50911.0
1719415366.982113,100.0,50911.0
1719415367.1191597,100.0,50911.0
1719415367.2566123,100.0,50911.0
1719415367.3940196,59.0,50911.0
1719415367.577853,60.0,50911.0
1719415367.7287283,60.0,50911.0
1719415367.874517,100.0,50911.0
1719415368.0183187,100.0,50911.0
1719415368.1680782,99.0,50911.0
1719415368.3096626,100.0,50911.0
1719415368.4483297,100.0,50911.0
1719415368.5845444,100.0,50911.0
1719415368.7224092,100.0,50911.0
1719415368.8994493,19.0,50911.0
1719415369.0475957,100.0,50911.0
1719415369.1918688,99.0,50911.0
1719415369.3362937,99.0,50911.0
1719415369.477309,100.0,50911.0
1719415369.6143444,100.0,50911.0
1719415369.7512746,100.0,50911.0
1719415369.8918943,100.0,50911.0
1719415370.0380268,58.0,50911.0
1719415370.2228744,58.0,50911.0
1719415370.386697,48.0,50911.0
1719415370.5320368,100.0,50911.0
1719415370.6778858,99.0,50911.0
1719415370.8226638,100.0,50911.0
1719415370.961187,100.0,50911.0
1719415371.1002185,100.0,50911.0
1719415371.2365346,100.0,50911.0
1719415371.3749256,100.0,50911.0
1719415371.5936573,28.0,50911.0
1719415371.7425854,100.0,50911.0
1719415371.889613,99.0,50911.0
1719415372.0303059,100.0,50911.0
1719415372.171678,100.0,50911.0
1719415372.3109243,100.0,50911.0
1719415372.4477646,100.0,50911.0
1719415372.5828938,100.0,50911.0
1719415372.76215,61.0,50911.0
1719415372.9116309,73.0,50911.0
1719415373.0581584,100.0,50911.0
1719415373.204572,100.0,50911.0
1719415373.4051702,99.0,50911.0
1719415373.5476816,100.0,50911.0
1719415373.6854134,100.0,50911.0
1719415373.820574,96.0,50911.0
1719415373.9754987,96.0,50911.0
1719415374.124759,40.0,50911.0
1719415374.270014,40.0,50911.0
1719415374.4182823,100.0,50911.0
1719415374.5613835,99.0,50911.0
1719415374.699335,100.0,50911.0
1719415374.833917,100.0,50911.0
1719415374.970467,100.0,50911.0
1719415375.1038404,100.0,50911.0
1719415375.2398715,100.0,50911.0
1719415375.428291,100.0,50911.0
1719415375.5923266,100.0,50911.0
1719415375.7336833,99.0,50911.0
1719415375.8716862,100.0,50911.0
1719415376.0096822,100.0,50911.0
1719415376.1453137,100.0,50911.0
1719415376.2797425,100.0,50911.0
1719415376.414698,100.0,50911.0
1719415376.5513747,61.0,50911.0
1719415376.7023034,72.0,50911.0
1719415376.8482575,72.0,50911.0
1719415377.0341554,100.0,50911.0
1719415377.1755974,99.0,50911.0
1719415377.3110526,100.0,50911.0
1719415377.4467952,100.0,50911.0
1719415377.580649,100.0,50911.0
1719415377.7153273,96.0,50911.0
1719415377.8852727,34.0,50911.0
1719415378.0416715,34.0,50911.0
1719415378.188476,100.0,50911.0
1719415378.3297367,98.0,50911.0
1719415378.4674811,98.0,50911.0
1719415378.6039991,100.0,50911.0
1719415378.7377436,100.0,50911.0
1719415378.8728776,100.0,50911.0
1719415379.0111792,100.0,50911.0
1719415379.1674047,37.0,50911.0
1719415379.3166292,93.0,50911.0
1719415379.4608486,100.0,50911.0
1719415379.6246846,100.0,50911.0
1719415379.762808,99.0,50911.0
1719415379.899284,100.0,50911.0
1719415380.0330205,100.0,50911.0
1719415380.1683455,100.0,50911.0
1719415380.3109794,76.0,50911.0
1719415380.465138,48.0,50911.0
1719415380.6333797,48.0,50911.0
1719415380.7787755,100.0,50911.0
1719415380.9228864,98.0,50911.0
1719415381.0612335,98.0,50911.0
1719415381.1974254,100.0,50911.0
1719415381.333691,100.0,50911.0
1719415381.469449,100.0,50911.0
1719415381.6029272,100.0,50911.0
1719415381.7489417,24.0,50911.0
1719415381.9018102,100.0,50911.0
1719415382.0452116,100.0,50911.0
1719415382.185223,99.0,50911.0
1719415382.3225625,100.0,50911.0
1719415382.4574366,100.0,50911.0
1719415382.5923843,100.0,50911.0
1719415382.725724,100.0,50911.0
1719415382.8596017,100.0,50911.0
1719415382.9992144,66.0,50911.0
1719415383.1524134,66.0,50911.0
1719415383.298231,48.0,50911.0
1719415383.439584,100.0,50911.0
1719415383.582131,100.0,50911.0
1719415383.717996,100.0,50911.0
1719415383.8533752,100.0,50911.0
1719415383.9880097,100.0,50911.0
1719415384.1258826,100.0,50911.0
1719415384.2613757,100.0,50911.0
1719415384.4925113,22.0,50911.0
1719415384.699478,99.0,50911.0
1719415384.844455,99.0,50911.0
1719415384.9850764,100.0,50911.0
1719415385.1211374,100.0,50911.0
1719415385.256628,100.0,50911.0
1719415385.3926463,100.0,50911.0
1719415385.5268567,100.0,50911.0
1719415385.702351,71.0,50911.0
1719415385.903077,100.0,50911.0
1719415386.0689902,100.0,50911.0
1719415386.2121382,99.0,50911.0
1719415386.3486755,99.0,50911.0
1719415386.5106583,100.0,50911.0
1719415386.644521,100.0,50911.0
1719415386.7797055,100.0,50911.0
1719415386.9177642,100.0,50911.0
1719415387.0693595,33.0,50911.0
1719415387.2158144,100.0,50911.0
1719415387.357152,99.0,50911.0
1719415387.4967551,99.0,50911.0
1719415387.6330302,100.0,50911.0
1719415387.767721,100.0,50911.0
1719415387.9020138,100.0,50911.0
1719415388.0357232,100.0,50911.0
1719415388.174027,53.0,50911.0
1719415388.3596675,53.0,50911.0
1719415388.5310676,100.0,50911.0
1719415388.693643,100.0,50911.0
1719415388.8352768,99.0,50911.0
1719415388.974936,100.0,50911.0
1719415389.109295,100.0,50911.0
1719415389.244634,100.0,50911.0
1719415389.378248,100.0,50911.0
1719415389.5127602,100.0,50911.0
1719415389.7372692,21.0,50911.0
1719415389.887362,100.0,50911.0
1719415390.0297408,100.0,50911.0
1719415390.1687956,100.0,50911.0
1719415390.305242,100.0,50911.0
1719415390.439552,100.0,50911.0
1719415390.5759346,100.0,50911.0
1719415390.709272,100.0,50911.0
1719415390.8462417,64.0,50911.0
1719415391.0007565,64.0,50911.0
1719415391.1485512,55.0,50911.0
1719415391.351188,99.0,50911.0
1719415391.5176659,99.0,50911.0
1719415391.6564467,100.0,50911.0
1719415391.791355,100.0,50911.0
1719415391.9272907,100.0,50911.0
1719415392.0618403,100.0,50911.0
1719415392.1992676,100.0,50911.0
1719415392.361335,19.0,50911.0
1719415392.510922,100.0,50911.0
1719415392.6516824,99.0,50911.0
1719415392.7911825,100.0,50911.0
1719415392.9276884,100.0,50911.0
1719415393.063591,100.0,50911.0
1719415393.201284,100.0,50911.0
1719415393.3361373,100.0,50911.0
1719415393.473012,61.0,50911.0
1719415393.6221826,61.0,50911.0
1719415393.770887,75.0,50911.0
1719415393.915238,100.0,50911.0
1719415394.0588138,99.0,50911.0
1719415394.1989813,100.0,50911.0
1719415394.3482492,100.0,50911.0
1719415394.4855678,100.0,50911.0
1719415394.6205385,93.0,50911.0
1719415394.7558074,93.0,50911.0
1719415394.9096007,21.0,50911.0
1719415395.0537615,21.0,50911.0
1719415395.1985388,100.0,50911.0
1719415395.341475,99.0,50911.0
1719415395.4783158,100.0,50911.0
1719415395.6152759,100.0,50911.0
1719415395.750013,100.0,50911.0
1719415395.8848655,100.0,50911.0
1719415396.022013,47.0,50911.0
1719415396.206853,47.0,50911.0
1719415396.3944268,62.0,50911.0
1719415396.5384843,100.0,50911.0
1719415396.6825385,99.0,50911.0
1719415396.824709,100.0,50911.0
1719415396.9694812,100.0,50911.0
1719415397.1057487,100.0,50911.0
1719415397.240305,100.0,50911.0
1719415397.3765326,100.0,50911.0
1719415397.5293612,28.0,50911.0
1719415397.6750422,28.0,50911.0
1719415397.8181372,100.0,50911.0
1719415397.9593973,99.0,50911.0
1719415398.0957863,100.0,50911.0
1719415398.2326198,100.0,50911.0
1719415398.3683174,100.0,50911.0
1719415398.502347,100.0,50911.0
1719415398.6387131,47.0,50911.0
1719415398.8148956,47.0,50911.0
1719415399.01784,73.0,50911.0
1719415399.1614015,100.0,50911.0
1719415399.303531,100.0,50911.0
1719415399.443077,100.0,50911.0
1719415399.58761,100.0,50911.0
1719415399.723996,100.0,50911.0
1719415399.861045,95.0,50911.0
1719415400.002022,95.0,50911.0
1719415400.2265048,0.0,50911.0
1719415400.3780138,89.0,50911.0
1719415400.5250876,100.0,50911.0
1719415400.6692572,99.0,50911.0
1719415400.805871,99.0,50911.0
1719415400.9404414,100.0,50911.0
1719415401.0766706,100.0,50911.0
1719415401.210255,100.0,50911.0
1719415401.3447568,80.0,50911.0
1719415401.5024538,50.0,50911.0
1719415401.649342,50.0,50911.0
1719415401.837371,100.0,50911.0
1719415401.9786022,99.0,50911.0
1719415402.1169426,100.0,50911.0
1719415402.2514284,100.0,50911.0
1719415402.3867264,100.0,50911.0
1719415402.5206833,100.0,50911.0
1719415402.656503,35.0,50911.0
1719415402.8184147,35.0,50911.0
1719415402.9655504,100.0,50911.0
1719415403.1059113,100.0,50911.0
1719415403.2459385,99.0,50911.0
1719415403.382148,100.0,50911.0
1719415403.517837,100.0,50911.0
1719415403.655789,100.0,50911.0
1719415403.7896388,100.0,50911.0
1719415403.925296,52.0,50911.0
1719415404.079311,87.0,50911.0
1719415404.2259374,87.0,50911.0
1719415404.3658159,100.0,50911.0
1719415404.503933,100.0,50911.0
1719415404.6587386,99.0,50911.0
1719415404.7928853,100.0,50911.0
1719415404.9265873,100.0,50911.0
1719415405.0630891,100.0,50911.0
1719415405.200994,82.0,50911.0
1719415405.352656,49.0,50911.0
1719415405.4991245,100.0,50911.0
1719415405.639594,100.0,50911.0
1719415405.7782164,99.0,50911.0
1719415405.9128025,100.0,50911.0
1719415406.0484784,100.0,50911.0
1719415406.1826258,100.0,50911.0
1719415406.316044,100.0,50911.0
1719415406.4503534,100.0,50911.0
1719415406.6762426,100.0,50911.0
1719415406.8444638,100.0,50911.0
1719415406.98727,99.0,50911.0
1719415407.127436,100.0,50911.0
1719415407.2643092,100.0,50911.0
1719415407.4006276,100.0,50911.0
1719415407.5358331,100.0,50911.0
1719415407.6703713,100.0,50911.0
1719415407.808898,54.0,50911.0
1719415407.9592981,80.0,50911.0
1719415408.1052115,80.0,50911.0
1719415408.2487495,100.0,50911.0
1719415408.3860576,100.0,50911.0
1719415408.5237231,100.0,50911.0
1719415408.6602118,100.0,50911.0
1719415408.7952282,100.0,50911.0
1719415408.9306462,87.0,50911.0
1719415409.0853636,87.0,50911.0
1719415409.2357793,48.0,50911.0
1719415409.381646,100.0,50911.0
1719415409.5235212,99.0,50911.0
1719415409.6692069,99.0,50911.0
1719415409.8094754,100.0,50911.0
1719415409.945024,100.0,50911.0
1719415410.0787446,100.0,50911.0
1719415410.211995,100.0,50911.0
1719415410.3490157,33.0,50911.0
1719415410.5112312,33.0,50911.0
1719415410.719538,99.0,50911.0
1719415410.8635414,99.0,50911.0
1719415411.001083,99.0,50911.0
1719415411.1379707,100.0,50911.0
1719415411.2743502,100.0,50911.0
1719415411.4080582,100.0,50911.0
1719415411.544237,55.0,50911.0
1719415411.6946275,55.0,50911.0
1719415411.8449416,65.0,50911.0
1719415411.9897153,65.0,50911.0
1719415412.1382296,100.0,50911.0
1719415412.289097,99.0,50911.0
1719415412.4253294,100.0,50911.0
1719415412.5622625,100.0,50911.0
1719415412.6962016,100.0,50911.0
1719415412.8304472,100.0,50911.0
1719415412.9634917,100.0,50911.0
1719415413.1461499,2.0,50911.0
1719415413.2950172,66.0,50911.0
1719415413.441597,100.0,50911.0
1719415413.5845382,99.0,50911.0
1719415413.7226663,99.0,50911.0
1719415413.8580122,100.0,50911.0
1719415413.9933062,100.0,50911.0
1719415414.1274748,100.0,50911.0
1719415414.27403,100.0,50911.0
1719415414.454885,21.0,50911.0
1719415414.603573,21.0,50911.0
1719415414.7575886,100.0,50911.0
1719415414.899923,99.0,50911.0
1719415415.038334,99.0,50911.0
1719415415.1755784,100.0,50911.0
1719415415.3114457,100.0,50911.0
1719415415.4474337,100.0,50911.0
1719415415.5820363,52.0,50911.0
1719415415.766198,66.0,50911.0
1719415415.9338515,66.0,50911.0
1719415416.0792696,100.0,50911.0
1719415416.2219985,100.0,50911.0
1719415416.3634799,99.0,50911.0
1719415416.5004523,100.0,50911.0
1719415416.6349528,100.0,50911.0
1719415416.7699018,100.0,50911.0
1719415416.9047196,100.0,50911.0
1719415417.0790899,17.0,50911.0
1719415417.2248354,17.0,50911.0
1719415417.3784583,100.0,50911.0
1719415417.5199869,99.0,50911.0
1719415417.6582465,99.0,50911.0
1719415417.7932923,100.0,50911.0
1719415417.9296203,100.0,50911.0
1719415418.063322,100.0,50911.0
1719415418.201956,53.0,50911.0
1719415418.3528597,53.0,50911.0
1719415418.5036473,66.0,50911.0
1719415418.6496377,66.0,50911.0
1719415418.7956016,100.0,50911.0
1719415418.9950814,99.0,50911.0
1719415419.1299453,100.0,50911.0
1719415419.2658384,100.0,50911.0
1719415419.4041133,100.0,50911.0
1719415419.541418,100.0,50911.0
1719415419.6976156,34.0,50911.0
1719415419.8469353,100.0,50911.0
1719415420.0003514,100.0,50911.0
1719415420.211468,99.0,50911.0
1719415420.34895,100.0,50911.0
1719415420.485243,100.0,50911.0
1719415420.6237788,100.0,50911.0
1719415420.7599971,100.0,50911.0
1719415420.9107273,36.0,50911.0
1719415421.0613666,98.0,50911.0
1719415421.2209218,99.0,50911.0
1719415421.3644643,99.0,50911.0
1719415421.5031292,100.0,50911.0
1719415421.6377754,100.0,50911.0
1719415421.772562,100.0,50911.0
1719415421.9064696,100.0,50911.0
1719415422.0424843,100.0,50911.0
1719415422.2251592,70.0,50911.0
1719415422.4207036,100.0,50911.0
1719415422.5691116,100.0,50911.0
1719415422.7111712,99.0,50911.0
1719415422.8510602,100.0,50911.0
1719415422.9866037,100.0,50911.0
1719415423.1220162,100.0,50911.0
1719415423.262144,100.0,50911.0
1719415423.3977294,100.0,50911.0
1719415423.5939448,22.0,50911.0
1719415423.7415452,100.0,50911.0
1719415423.8865085,100.0,50911.0
1719415424.0298414,99.0,50911.0
1719415424.168084,100.0,50911.0
1719415424.3058283,100.0,50911.0
1719415424.441057,100.0,50911.0
1719415424.5762227,100.0,50911.0
1719415424.7101643,67.0,50911.0
1719415424.8867686,50.0,50911.0
1719415425.0336354,50.0,50911.0
1719415425.248405,100.0,50911.0
1719415425.3885472,99.0,50911.0
1719415425.5267677,99.0,50911.0
1719415425.6629965,100.0,50911.0
1719415425.7986836,100.0,50911.0
1719415425.9337385,100.0,50911.0
1719415426.0693457,20.0,50911.0
1719415426.2215006,20.0,50911.0
1719415426.371066,63.0,50911.0
1719415426.5155227,63.0,50911.0
1719415426.6570845,100.0,50911.0
1719415426.7949643,99.0,50911.0
1719415426.9315882,100.0,50911.0
1719415427.067154,100.0,50911.0
1719415427.2007015,100.0,50911.0
1719415427.3358114,100.0,50911.0
1719415427.470591,7.0,50911.0
1719415427.6337938,7.0,50911.0
1719415427.783113,64.0,50911.0
1719415427.9273934,100.0,50911.0
1719415428.0692916,100.0,50911.0
1719415428.2055628,99.0,50911.0
1719415428.3420734,100.0,50911.0
1719415428.4761055,100.0,50911.0
1719415428.6099093,100.0,50911.0
1719415428.7430694,100.0,50911.0
1719415428.8895903,100.0,50911.0
1719415429.066662,33.0,50911.0
1719415429.2146337,100.0,50911.0
1719415429.3575623,99.0,50911.0
1719415429.497012,100.0,50911.0
1719415429.6327107,100.0,50911.0
1719415429.7673547,100.0,50911.0
1719415429.905749,100.0,50911.0
1719415430.0396073,100.0,50911.0
1719415430.1759531,41.0,50911.0
1719415430.339142,41.0,50911.0
1719415430.487985,25.0,50911.0
1719415430.6328764,100.0,50911.0
1719415430.7777357,99.0,50911.0
1719415430.9185596,100.0,50911.0
1719415431.054017,100.0,50911.0
1719415431.1903644,100.0,50911.0
1719415431.3297863,100.0,50911.0
1719415431.4705527,100.0,50911.0
1719415431.627012,43.0,50911.0
1719415431.7774365,81.0,50911.0
1719415431.9221954,81.0,50911.0
1719415432.0986273,100.0,50911.0
1719415432.2955675,99.0,50911.0
1719415432.4321818,100.0,50911.0
1719415432.5685925,100.0,50911.0
1719415432.7046094,100.0,50911.0
1719415432.8384573,87.0,50911.0
1719415432.9891713,48.0,50911.0
1719415433.135889,100.0,50911.0
1719415433.277097,100.0,50911.0
1719415433.4203827,99.0,50911.0
1719415433.5592408,99.0,50911.0
1719415433.694468,100.0,50911.0
1719415433.8290472,100.0,50911.0
1719415433.9623969,100.0,50911.0
1719415434.1108413,38.0,50911.0
1719415434.27722,38.0,50911.0
1719415434.4227412,100.0,50911.0
1719415434.565294,99.0,50911.0
1719415434.706124,99.0,50911.0
1719415434.8415377,100.0,50911.0
1719415434.9774337,100.0,50911.0
1719415435.1108232,100.0,50911.0
1719415435.2454064,100.0,50911.0
1719415435.3828986,100.0,50911.0
1719415435.5340166,80.0,50911.0
1719415435.6889343,80.0,50911.0
1719415435.8303037,100.0,50911.0
1719415435.9688947,99.0,50911.0
1719415436.1054418,99.0,50911.0
1719415436.241249,100.0,50911.0
1719415436.3776405,100.0,50911.0
1719415436.5122283,100.0,50911.0
1719415436.6460383,89.0,50911.0
1719415436.8165336,26.0,50911.0
1719415436.9666078,26.0,50911.0
1719415437.1347306,100.0,50911.0
1719415437.278146,99.0,50911.0
1719415437.41553,100.0,50911.0
1719415437.5511782,100.0,50911.0
1719415437.6870341,100.0,50911.0
1719415437.8207743,100.0,50911.0
1719415437.9577746,100.0,50911.0
1719415438.1440225,42.0,50911.0
1719415438.2900138,77.0,50911.0
1719415438.4337504,100.0,50911.0
1719415438.5769703,99.0,50911.0
1719415438.7153404,99.0,50911.0
1719415438.8505552,100.0,50911.0
1719415438.9873018,100.0,50911.0
1719415439.124127,100.0,50911.0
1719415439.259276,94.0,50911.0
1719415439.3972301,96.0,50911.0
1719415439.5307639,96.0,50911.0
1719415439.6655152,98.0,50911.0
1719415439.7994626,98.0,50911.0
1719415439.9336848,98.0,50911.0
1719415440.0671492,97.0,50911.0
1719415440.2021646,97.0,50911.0
1719415440.359403,99.0,50911.0
1719415440.49355,96.0,50911.0
1719415440.6271243,100.0,50911.0
1719415440.7621357,100.0,50911.0
1719415440.895216,95.0,50911.0
1719415441.0299647,100.0,50911.0
1719415441.1632376,100.0,50911.0
1719415441.2973032,96.0,50911.0
1719415441.431732,100.0,50911.0
1719415441.5662084,100.0,50911.0
1719415441.699219,95.0,50911.0
1719415441.8336015,99.0,50911.0
1719415441.9669452,99.0,50911.0
1719415442.101349,96.0,50911.0
1719415442.2351775,100.0,50911.0
1719415442.369661,100.0,50911.0
1719415442.5027316,95.0,50911.0
1719415442.6370847,99.0,50911.0
1719415442.7703009,99.0,50911.0
1719415442.9045577,96.0,50911.0
1719415443.0379338,100.0,50911.0
1719415443.1713495,100.0,50911.0
1719415443.3039606,94.0,50911.0
1719415443.4716709,31.0,50911.0
1719415443.6192207,31.0,50911.0
1719415443.7774835,100.0,50911.0
1719415443.9177237,99.0,50911.0
1719415444.056758,100.0,50911.0
1719415444.1925054,100.0,50911.0
1719415444.3278444,100.0,50911.0
1719415444.4630647,100.0,50911.0
1719415444.5994291,100.0,50911.0
1719415444.7820125,36.0,50911.0
1719415444.9818413,97.0,50911.0
1719415445.126134,99.0,50911.0
1719415445.2625105,100.0,50911.0
1719415445.4027362,100.0,50911.0
1719415445.5383394,100.0,50911.0
1719415445.6712804,100.0,50911.0
1719415445.8049915,100.0,50911.0
1719415445.9940236,72.0,50911.0
1719415446.1444778,47.0,50911.0
1719415446.2895708,47.0,50911.0
1719415446.4328742,99.0,50911.0
1719415446.5692134,99.0,50911.0
1719415446.7084794,100.0,50911.0
1719415446.8413744,100.0,50911.0
1719415446.9740152,100.0,50911.0
1719415447.1066608,100.0,50911.0
1719415447.2465305,100.0,50911.0
1719415447.4080331,22.0,50911.0
1719415447.5536394,100.0,50911.0
1719415447.6934602,99.0,50911.0
1719415447.8337,99.0,50911.0
1719415447.9682608,100.0,50911.0
1719415448.1012485,100.0,50911.0
1719415448.2344766,100.0,50911.0
1719415448.3683887,100.0,50911.0
1719415448.502913,67.0,50911.0
1719415448.6933942,67.0,50911.0
1719415448.8392944,52.0,50911.0
1719415448.979809,100.0,50911.0
1719415449.120449,99.0,50911.0
1719415449.25855,100.0,50911.0
1719415449.3932312,100.0,50911.0
1719415449.5274904,100.0,50911.0
1719415449.6617227,100.0,50911.0
1719415449.8053367,100.0,50911.0
1719415449.9636602,16.0,50911.0
1719415450.1138124,16.0,50911.0
1719415450.2596364,100.0,50911.0
1719415450.4011524,100.0,50911.0
1719415450.539045,99.0,50911.0
1719415450.6775377,100.0,50911.0
1719415450.8110666,100.0,50911.0
1719415450.9457622,100.0,50911.0
1719415451.078524,90.0,50911.0
1719415451.2161837,90.0,50911.0
1719415451.366017,33.0,50911.0
1719415451.5109458,100.0,50911.0
1719415451.6507752,100.0,50911.0
1719415451.78703,99.0,50911.0
1719415451.9208057,100.0,50911.0
1719415452.0550675,100.0,50911.0
1719415452.1883368,100.0,50911.0
1719415452.321115,100.0,50911.0
1719415452.4598088,100.0,50911.0
1719415452.648677,67.0,50911.0
1719415452.811821,67.0,50911.0
1719415452.9561822,100.0,50911.0
1719415453.0997384,99.0,50911.0
1719415453.238396,99.0,50911.0
1719415453.3737257,100.0,50911.0
1719415453.507116,100.0,50911.0
1719415453.6424875,100.0,50911.0
1719415453.779509,100.0,50911.0
1719415453.9288352,13.0,50911.0
1719415454.0788958,13.0,50911.0
1719415454.2689455,100.0,50911.0
1719415454.4125247,99.0,50911.0
1719415454.5527549,99.0,50911.0
1719415454.6888816,100.0,50911.0
1719415454.8240604,100.0,50911.0
1719415454.957838,100.0,50911.0
1719415455.1006083,56.0,50911.0
1719415455.2500238,56.0,50911.0
1719415455.3989885,57.0,50911.0
1719415455.5429852,100.0,50911.0
1719415455.684588,100.0,50911.0
1719415455.8201632,99.0,50911.0
1719415455.955026,100.0,50911.0
1719415456.089481,100.0,50911.0
1719415456.222385,100.0,50911.0
1719415456.356121,100.0,50911.0
1719415456.4931364,100.0,50911.0
1719415456.6840582,100.0,50911.0
1719415456.8479085,100.0,50911.0
1719415456.990159,99.0,50911.0
1719415457.1245847,100.0,50911.0
1719415457.2598808,100.0,50911.0
1719415457.3935606,100.0,50911.0
1719415457.526329,100.0,50911.0
1719415457.6588564,100.0,50911.0
1719415457.7950842,52.0,50911.0
1719415457.9458358,72.0,50911.0
1719415458.092714,72.0,50911.0
1719415458.2333803,100.0,50911.0
1719415458.3778853,100.0,50911.0
1719415458.5137131,100.0,50911.0
1719415458.6613898,100.0,50911.0
1719415458.795174,100.0,50911.0
1719415458.9297047,100.0,50911.0
1719415459.130373,96.0,50911.0
1719415459.3078547,100.0,50911.0
1719415459.4750361,100.0,50911.0
1719415459.6212764,99.0,50911.0
1719415459.7602656,100.0,50911.0
1719415459.8970125,100.0,50911.0
1719415460.034638,100.0,50911.0
1719415460.170363,100.0,50911.0
1719415460.305656,100.0,50911.0
1719415460.5219266,40.0,50911.0
1719415460.6699297,77.0,50911.0
1719415460.8164062,100.0,50911.0
1719415460.9618113,99.0,50911.0
1719415461.0985196,99.0,50911.0
1719415461.233566,100.0,50911.0
1719415461.3674405,100.0,50911.0
1719415461.5016077,100.0,50911.0
1719415461.6472192,90.0,50911.0
1719415461.8078878,8.0,50911.0
1719415461.9594092,8.0,50911.0
1719415462.1329353,100.0,50911.0
1719415462.2768538,95.0,50911.0
1719415462.415537,95.0,50911.0
1719415462.551708,100.0,50911.0
1719415462.6855767,100.0,50911.0
1719415462.8190527,100.0,50911.0
1719415462.954664,65.0,50911.0
1719415463.1144323,65.0,50911.0
1719415463.2663236,51.0,50911.0
1719415463.4113793,100.0,50911.0
1719415463.554754,99.0,50911.0
1719415463.7040346,99.0,50911.0
1719415463.8421643,100.0,50911.0
1719415463.9795697,100.0,50911.0
1719415464.1148105,100.0,50911.0
1719415464.2505517,100.0,50911.0
1719415464.411075,100.0,50911.0
1719415464.5604422,100.0,50911.0
1719415464.7194118,100.0,50911.0
1719415464.8594506,99.0,50911.0
1719415464.9941804,100.0,50911.0
1719415465.1283357,100.0,50911.0
1719415465.26083,100.0,50911.0
1719415465.3962529,100.0,50911.0
1719415465.5288093,100.0,50911.0
1719415465.665809,62.0,50911.0
1719415465.815185,62.0,50911.0
1719415465.9671714,100.0,50911.0
1719415466.1087606,100.0,50911.0
1719415466.2465942,99.0,50911.0
1719415466.3819318,100.0,50911.0
1719415466.5208235,100.0,50911.0
1719415466.6534514,100.0,50911.0
1719415466.7871015,100.0,50911.0
1719415466.9277709,100.0,50911.0
1719415467.0874643,10.0,50911.0
1719415467.2366893,10.0,50911.0
1719415467.3805504,100.0,50911.0
1719415467.53877,100.0,50911.0
1719415467.6763446,99.0,50911.0
1719415467.8140156,100.0,50911.0
1719415467.9492972,100.0,50911.0
1719415468.0826764,100.0,50911.0
1719415468.218239,79.0,50911.0
1719415468.3560658,79.0,50911.0
1719415468.5046408,35.0,50911.0
1719415468.6488283,35.0,50911.0
1719415468.7876513,99.0,50911.0
1719415468.9459846,99.0,50911.0
1719415469.0792637,100.0,50911.0
1719415469.213394,100.0,50911.0
1719415469.345942,100.0,50911.0
1719415469.4795306,100.0,50911.0
1719415469.6220276,33.0,50911.0
1719415469.807476,33.0,50911.0
1719415469.95623,61.0,50911.0
1719415470.1012957,100.0,50911.0
1719415470.2421663,99.0,50911.0
1719415470.3912785,99.0,50911.0
1719415470.526686,100.0,50911.0
1719415470.661263,100.0,50911.0
1719415470.7956772,100.0,50911.0
1719415470.9287534,100.0,50911.0
1719415471.0724099,12.0,50911.0
1719415471.2267976,12.0,50911.0
1719415471.4074943,100.0,50911.0
1719415471.5535517,98.0,50911.0
1719415471.692861,100.0,50911.0
1719415471.8272989,100.0,50911.0
1719415471.9613092,100.0,50911.0
1719415472.09478,100.0,50911.0
1719415472.2299147,64.0,50911.0
1719415472.4326,64.0,50911.0
1719415472.6233048,100.0,50911.0
1719415472.7661965,100.0,50911.0
1719415472.907738,99.0,50911.0
1719415473.0428545,100.0,50911.0
1719415473.1770515,100.0,50911.0
1719415473.310147,100.0,50911.0
1719415473.444552,100.0,50911.0
1719415473.5770655,100.0,50911.0
1719415473.7202065,25.0,50911.0
1719415473.8690195,25.0,50911.0
1719415474.0252132,89.0,50911.0
1719415474.165147,100.0,50911.0
1719415474.3001428,99.0,50911.0
1719415474.4360862,99.0,50911.0
1719415474.5711298,100.0,50911.0
1719415474.7052486,100.0,50911.0
1719415474.8379896,80.0,50911.0
1719415474.9725316,80.0,50911.0
1719415475.135484,32.0,50911.0
1719415475.2801,100.0,50911.0
1719415475.4264162,100.0,50911.0
1719415475.565313,99.0,50911.0
1719415475.7008028,100.0,50911.0
1719415475.836018,100.0,50911.0
1719415475.9694371,100.0,50911.0
1719415476.1048858,100.0,50911.0
1719415476.2456298,100.0,50911.0
1719415476.4459321,37.0,50911.0
1719415476.5955813,53.0,50911.0
1719415476.742987,100.0,50911.0
1719415476.8865585,99.0,50911.0
1719415477.024847,99.0,50911.0
1719415477.1608527,100.0,50911.0
1719415477.2957447,100.0,50911.0
1719415477.4298048,100.0,50911.0
1719415477.5650187,100.0,50911.0
1719415477.724478,20.0,50911.0
1719415477.8754785,20.0,50911.0
1719415478.063885,100.0,50911.0
1719415478.2073524,97.0,50911.0
1719415478.3452196,97.0,50911.0
1719415478.481336,100.0,50911.0
1719415478.6162806,100.0,50911.0
1719415478.7512264,100.0,50911.0
1719415478.8877585,66.0,50911.0
1719415479.0474315,66.0,50911.0
1719415479.1976547,47.0,50911.0
1719415479.3424625,100.0,50911.0
1719415479.484664,100.0,50911.0
1719415479.6224225,99.0,50911.0
1719415479.7566955,100.0,50911.0
1719415479.8912594,100.0,50911.0
1719415480.0245411,100.0,50911.0
1719415480.158189,100.0,50911.0
1719415480.2918391,100.0,50911.0
1719415480.4755251,23.0,50911.0
1719415480.6228063,95.0,50911.0
1719415480.7632995,99.0,50911.0
1719415480.9031146,100.0,50911.0
1719415481.0379403,100.0,50911.0
1719415481.171617,100.0,50911.0
1719415481.304599,100.0,50911.0
1719415481.4384637,100.0,50911.0
1719415481.5780215,74.0,50911.0
1719415481.761252,21.0,50911.0
1719415481.9100149,21.0,50911.0
1719415482.0905983,100.0,50911.0
1719415482.235074,99.0,50911.0
1719415482.371699,100.0,50911.0
1719415482.505188,100.0,50911.0
1719415482.6635983,100.0,50911.0
1719415482.7973197,100.0,50911.0
1719415482.9347415,100.0,50911.0
1719415483.1070006,47.0,50911.0
1719415483.2566245,35.0,50911.0
1719415483.4047189,100.0,50911.0
1719415483.547285,99.0,50911.0
1719415483.6866422,99.0,50911.0
1719415483.8234866,100.0,50911.0
1719415483.9602177,100.0,50911.0
1719415484.0943227,100.0,50911.0
1719415484.2324088,100.0,50911.0
1719415484.3702295,33.0,50911.0
1719415484.5588617,33.0,50911.0
1719415484.7191381,100.0,50911.0
1719415484.8879993,100.0,50911.0
1719415485.0291927,99.0,50911.0
1719415485.1637168,99.0,50911.0
1719415485.3210752,100.0,50911.0
1719415485.4546847,100.0,50911.0
1719415485.5886881,100.0,50911.0
1719415485.722041,21.0,50911.0
1719415485.8980842,21.0,50911.0
1719415486.0427969,86.0,50911.0
1719415486.1860402,100.0,50911.0
1719415486.326676,100.0,50911.0
1719415486.4613776,99.0,50911.0
1719415486.5955718,100.0,50911.0
1719415486.7284517,100.0,50911.0
1719415486.8629403,100.0,50911.0
1719415487.0045087,82.0,50911.0
1719415487.2034986,82.0,50911.0
1719415487.354408,100.0,50911.0
1719415487.5030158,100.0,50911.0
1719415487.6448545,99.0,50911.0
1719415487.7835648,100.0,50911.0
1719415487.9170651,100.0,50911.0
1719415488.0519037,100.0,50911.0
1719415488.1877384,100.0,50911.0
1719415488.325946,100.0,50911.0
1719415488.4835546,33.0,50911.0
1719415488.63301,79.0,50911.0
1719415488.7786517,79.0,50911.0
1719415488.9518738,100.0,50911.0
1719415489.0903926,99.0,50911.0
1719415489.2259467,100.0,50911.0
1719415489.3599741,100.0,50911.0
1719415489.4947615,100.0,50911.0
1719415489.6272595,100.0,50911.0
1719415489.7700276,88.0,50911.0
1719415489.9599233,0.0,50911.0
1719415490.108809,69.0,50911.0
1719415490.2523744,100.0,50911.0
1719415490.3946414,99.0,50911.0
1719415490.535375,99.0,50911.0
1719415490.6697266,100.0,50911.0
1719415490.8061867,100.0,50911.0
1719415490.9389946,100.0,50911.0
1719415491.0828001,98.0,50911.0
1719415491.2396152,15.0,50911.0
1719415491.3900375,15.0,50911.0
1719415491.586313,99.0,50911.0
1719415491.7302768,99.0,50911.0
1719415491.8686523,99.0,50911.0
1719415492.0026903,100.0,50911.0
1719415492.1370826,100.0,50911.0
1719415492.270686,100.0,50911.0
1719415492.4140298,53.0,50911.0
1719415492.5820327,52.0,50911.0
1719415492.7447715,52.0,50911.0
1719415492.890013,100.0,50911.0
1719415493.0312817,100.0,50911.0
1719415493.167809,99.0,50911.0
1719415493.304266,100.0,50911.0
1719415493.4401293,100.0,50911.0
1719415493.574969,100.0,50911.0
1719415493.7165663,100.0,50911.0
1719415493.8604734,22.0,50911.0
1719415494.01194,100.0,50911.0
1719415494.1716244,100.0,50911.0
1719415494.3143756,99.0,50911.0
1719415494.4537036,100.0,50911.0
1719415494.5923364,100.0,50911.0
1719415494.726627,100.0,50911.0
1719415494.8626099,100.0,50911.0
1719415494.9968543,100.0,50911.0
1719415495.133277,64.0,50911.0
1719415495.26807,64.0,50911.0
1719415495.4209657,93.0,50911.0
1719415495.5757046,93.0,50911.0
1719415495.7160847,100.0,50911.0
1719415495.855622,99.0,50911.0
1719415495.992315,99.0,50911.0
1719415496.126949,100.0,50911.0
1719415496.2629058,100.0,50911.0
1719415496.3964033,100.0,50911.0
1719415496.538875,75.0,50911.0
1719415496.7002275,7.0,50911.0
1719415496.8504295,100.0,50911.0
1719415496.9958572,100.0,50911.0
1719415497.138524,99.0,50911.0
1719415497.275983,100.0,50911.0
1719415497.4123473,100.0,50911.0
1719415497.5455847,100.0,50911.0
1719415497.6810424,100.0,50911.0
1719415497.8137074,100.0,50911.0
1719415497.9508898,61.0,50911.0
1719415498.1002154,63.0,50911.0
1719415498.2451656,63.0,50911.0
1719415498.441911,99.0,50911.0
1719415498.5988753,99.0,50911.0
1719415498.7341578,100.0,50911.0
1719415498.8714652,100.0,50911.0
1719415499.006333,100.0,50911.0
1719415499.1391714,100.0,50911.0
1719415499.280973,22.0,50911.0
1719415499.4453616,22.0,50911.0
1719415499.6556044,99.0,50911.0
1719415499.7965515,99.0,50911.0
1719415499.9323556,99.0,50911.0
1719415500.0658982,100.0,50911.0
1719415500.199529,100.0,50911.0
1719415500.3345137,100.0,50911.0
1719415500.483582,51.0,50911.0
1719415500.6342518,51.0,50911.0
1719415500.7895567,57.0,50911.0
1719415500.9340148,100.0,50911.0
1719415501.0734272,100.0,50911.0
1719415501.2093956,99.0,50911.0
1719415501.3471286,100.0,50911.0
1719415501.4822297,100.0,50911.0
1719415501.6157506,100.0,50911.0
1719415501.7550156,100.0,50911.0
1719415501.8912675,100.0,50911.0
1719415502.0652714,16.0,50911.0
1719415502.2647746,99.0,50911.0
1719415502.4114678,99.0,50911.0
1719415502.551301,100.0,50911.0
1719415502.6880555,100.0,50911.0
1719415502.8234534,100.0,50911.0
1719415502.958015,100.0,50911.0
1719415503.092534,100.0,50911.0
1719415503.277991,65.0,50911.0
1719415503.4818552,100.0,50911.0
1719415503.6434004,100.0,50911.0
1719415503.7871075,99.0,50911.0
1719415503.922391,100.0,50911.0
1719415504.0579784,100.0,50911.0
1719415504.1914742,100.0,50911.0
1719415504.327765,100.0,50911.0
1719415504.461401,100.0,50911.0
1719415504.6126285,27.0,50911.0
1719415504.7628348,27.0,50911.0
1719415504.9077082,100.0,50911.0
1719415505.049699,100.0,50911.0
1719415505.187868,100.0,50911.0
1719415505.3255663,100.0,50911.0
1719415505.4602468,100.0,50911.0
1719415505.596189,100.0,50911.0
1719415505.7316313,84.0,50911.0
1719415505.8692992,84.0,50911.0
1719415506.019565,38.0,50911.0
1719415506.1656218,100.0,50911.0
1719415506.304204,100.0,50911.0
1719415506.4431558,99.0,50911.0
1719415506.5764372,100.0,50911.0
1719415506.7100153,100.0,50911.0
1719415506.842693,100.0,50911.0
1719415506.9763863,100.0,50911.0
1719415507.1117492,100.0,50911.0
1719415507.307374,32.0,50911.0
1719415507.455751,74.0,50911.0
1719415507.5973265,100.0,50911.0
1719415507.7363372,99.0,50911.0
1719415507.8747628,99.0,50911.0
1719415508.0092611,100.0,50911.0
1719415508.1460242,100.0,50911.0
1719415508.2790053,100.0,50911.0
1719415508.4197395,94.0,50911.0
1719415508.579516,94.0,50911.0
1719415508.7283978,100.0,50911.0
1719415508.8890495,100.0,50911.0
1719415509.0321395,99.0,50911.0
1719415509.1707675,100.0,50911.0
1719415509.3055716,100.0,50911.0
1719415509.4409115,100.0,50911.0
1719415509.5754461,100.0,50911.0
1719415509.7096028,100.0,50911.0
1719415509.8454125,52.0,50911.0
1719415510.0007164,49.0,50911.0
1719415510.1454911,100.0,50911.0
1719415510.3005123,100.0,50911.0
1719415510.4423933,99.0,50911.0
1719415510.5778804,100.0,50911.0
1719415510.7137341,100.0,50911.0
1719415510.8467975,100.0,50911.0
1719415510.9812667,100.0,50911.0
1719415511.1160207,100.0,50911.0
1719415511.2733288,19.0,50911.0
1719415511.4224095,78.0,50911.0
1719415511.5683038,78.0,50911.0
1719415511.7522209,99.0,50911.0
1719415511.90006,99.0,50911.0
1719415512.0347612,100.0,50911.0
1719415512.1677656,100.0,50911.0
1719415512.3021195,100.0,50911.0
1719415512.4425447,90.0,50911.0
1719415512.6202207,20.0,50911.0
1719415512.7713218,20.0,50911.0
1719415512.9616678,99.0,50911.0
1719415513.1074398,99.0,50911.0
1719415513.24716,99.0,50911.0
1719415513.3831058,100.0,50911.0
1719415513.5191376,100.0,50911.0
1719415513.6553273,100.0,50911.0
1719415513.7921653,50.0,50911.0
1719415513.9418988,50.0,50911.0
1719415514.0924332,58.0,50911.0
1719415514.2399566,100.0,50911.0
1719415514.381277,100.0,50911.0
1719415514.5647285,99.0,50911.0
1719415514.7047024,100.0,50911.0
1719415514.8410492,100.0,50911.0
1719415514.9777012,100.0,50911.0
1719415515.1244986,100.0,50911.0
1719415515.2741427,11.0,50911.0
1719415515.4241247,96.0,50911.0
1719415515.5767624,96.0,50911.0
1719415515.7204306,99.0,50911.0
1719415515.858226,100.0,50911.0
1719415515.9935253,100.0,50911.0
1719415516.129243,100.0,50911.0
1719415516.2623982,100.0,50911.0
1719415516.3988254,100.0,50911.0
1719415516.6007166,72.0,50911.0
1719415516.750845,43.0,50911.0
1719415516.8962348,100.0,50911.0
1719415517.0391998,99.0,50911.0
1719415517.1825545,99.0,50911.0
1719415517.3172505,100.0,50911.0
1719415517.4519339,100.0,50911.0
1719415517.5855472,100.0,50911.0
1719415517.7211266,100.0,50911.0
1719415517.880124,25.0,50911.0
1719415518.0316725,97.0,50911.0
1719415518.1963024,99.0,50911.0
1719415518.340489,99.0,50911.0
1719415518.4757879,100.0,50911.0
1719415518.6115856,100.0,50911.0
1719415518.7462697,100.0,50911.0
1719415518.8797112,100.0,50911.0
1719415519.0118477,100.0,50911.0
1719415519.1727428,71.0,50911.0
1719415519.3215027,53.0,50911.0
1719415519.4668925,53.0,50911.0
1719415519.6110785,100.0,50911.0
1719415519.752803,99.0,50911.0
1719415519.8892264,100.0,50911.0
1719415520.0221188,100.0,50911.0
1719415520.1561732,100.0,50911.0
1719415520.2894013,100.0,50911.0
1719415520.42388,100.0,50911.0
1719415520.6165237,16.0,50911.0
1719415520.766185,69.0,50911.0
1719415520.9103992,100.0,50911.0
1719415521.052675,99.0,50911.0
1719415521.1905148,99.0,50911.0
1719415521.3265667,100.0,50911.0
1719415521.4614615,100.0,50911.0
1719415521.594694,100.0,50911.0
1719415521.7306583,98.0,50911.0
1719415521.8867505,17.0,50911.0
1719415522.0383756,100.0,50911.0
1719415522.201571,100.0,50911.0
1719415522.3433971,99.0,50911.0
1719415522.4841309,100.0,50911.0
1719415522.6188514,100.0,50911.0
1719415522.753303,100.0,50911.0
1719415522.8872926,100.0,50911.0
1719415523.0218885,100.0,50911.0
1719415523.177706,52.0,50911.0
1719415523.3268409,52.0,50911.0
1719415523.4725387,100.0,50911.0
1719415523.6138737,100.0,50911.0
1719415523.7518482,99.0,50911.0
1719415523.8874931,99.0,50911.0
1719415524.053363,100.0,50911.0
1719415524.187816,100.0,50911.0
1719415524.3208156,99.0,50911.0
1719415524.4797688,23.0,50911.0
1719415524.6291482,23.0,50911.0
1719415524.7742786,100.0,50911.0
1719415524.9156864,99.0,50911.0
1719415525.0517476,99.0,50911.0
1719415525.18543,100.0,50911.0
1719415525.3198118,100.0,50911.0
1719415525.4530544,100.0,50911.0
1719415525.5869648,100.0,50911.0
1719415525.7230818,46.0,50911.0
1719415525.8786967,46.0,50911.0
1719415526.064464,100.0,50911.0
1719415526.2266073,100.0,50911.0
1719415526.3615804,99.0,50911.0
1719415526.4973872,100.0,50911.0
1719415526.6317003,100.0,50911.0
1719415526.7666187,100.0,50911.0
1719415526.899474,100.0,50911.0
1719415527.0355642,91.0,50911.0
1719415527.1866255,37.0,50911.0
1719415527.3339474,100.0,50911.0
1719415527.4768686,100.0,50911.0
1719415527.6742835,99.0,50911.0
1719415527.8112235,100.0,50911.0
1719415527.947777,100.0,50911.0
1719415528.0849519,100.0,50911.0
1719415528.2195077,100.0,50911.0
1719415528.3751147,31.0,50911.0
1719415528.5272284,95.0,50911.0
1719415528.692493,99.0,50911.0
1719415528.8385203,99.0,50911.0
1719415528.9764988,100.0,50911.0
1719415529.113085,100.0,50911.0
1719415529.249474,100.0,50911.0
1719415529.3868318,100.0,50911.0
1719415529.5264676,100.0,50911.0
1719415529.6959224,74.0,50911.0
1719415529.845192,47.0,50911.0
1719415529.9879436,47.0,50911.0
1719415530.1279972,99.0,50911.0
1719415530.2663307,99.0,50911.0
1719415530.4021425,100.0,50911.0
1719415530.5382802,100.0,50911.0
1719415530.670766,100.0,50911.0
1719415530.8053648,100.0,50911.0
1719415530.9420106,100.0,50911.0
1719415531.110023,25.0,50911.0
1719415531.2584088,100.0,50911.0
1719415531.3983865,99.0,50911.0
1719415531.5372887,100.0,50911.0
1719415531.6712217,100.0,50911.0
1719415531.8041608,100.0,50911.0
1719415531.9380152,100.0,50911.0
1719415532.0717933,100.0,50911.0
1719415532.2064087,63.0,50911.0
1719415532.3888512,50.0,50911.0
1719415532.5313566,50.0,50911.0
1719415532.7218025,100.0,50911.0
1719415532.8605855,99.0,50911.0
1719415532.9953501,100.0,50911.0
1719415533.1286328,100.0,50911.0
1719415533.2613232,100.0,50911.0
1719415533.3948066,100.0,50911.0
1719415533.5269923,100.0,50911.0
1719415533.6629717,18.0,50911.0
1719415533.812052,58.0,50911.0
1719415533.957542,58.0,50911.0
1719415534.097431,100.0,50911.0
1719415534.2366316,99.0,50911.0
1719415534.372351,99.0,50911.0
1719415534.5056562,100.0,50911.0
1719415534.638357,100.0,50911.0
1719415534.7739427,100.0,50911.0
1719415534.9090207,11.0,50911.0
1719415535.1010065,11.0,50911.0
1719415535.2499387,94.0,50911.0
1719415535.394825,100.0,50911.0
1719415535.545886,100.0,50911.0
1719415535.6836932,99.0,50911.0
1719415535.818526,100.0,50911.0
1719415535.9545853,100.0,50911.0
1719415536.0918427,100.0,50911.0
1719415536.2263262,100.0,50911.0
1719415536.3645322,75.0,50911.0
1719415536.5146022,6.0,50911.0
1719415536.6626992,100.0,50911.0
1719415536.8033767,99.0,50911.0
1719415536.942736,99.0,50911.0
1719415537.0788937,100.0,50911.0
1719415537.2119937,100.0,50911.0
1719415537.3456945,100.0,50911.0
1719415537.478247,100.0,50911.0
1719415537.6180236,63.0,50911.0
1719415537.8012857,63.0,50911.0
1719415537.9703686,100.0,50911.0
1719415538.1169212,100.0,50911.0
1719415538.260429,99.0,50911.0
1719415538.3996608,100.0,50911.0
1719415538.5352182,100.0,50911.0
1719415538.670931,100.0,50911.0
1719415538.8078969,100.0,50911.0
1719415538.9460192,20.0,50911.0
1719415539.1423566,20.0,50911.0
1719415539.2909465,87.0,50911.0
1719415539.4346964,100.0,50911.0
1719415539.5745325,100.0,50911.0
1719415539.7096498,99.0,50911.0
1719415539.8441615,100.0,50911.0
1719415539.9772806,100.0,50911.0
1719415540.1119428,100.0,50911.0
1719415540.25598,82.0,50911.0
1719415540.4160056,82.0,50911.0
1719415540.5675464,30.0,50911.0
1719415540.71307,100.0,50911.0
1719415540.8533509,99.0,50911.0
1719415540.991275,99.0,50911.0
1719415541.1277661,100.0,50911.0
1719415541.2611651,100.0,50911.0
1719415541.3972983,100.0,50911.0
1719415541.530263,100.0,50911.0
1719415541.6634395,38.0,50911.0
1719415541.8016996,38.0,50911.0
1719415542.0003335,17.0,50911.0
1719415542.1474192,100.0,50911.0
1719415542.2871227,99.0,50911.0
1719415542.4239492,100.0,50911.0
1719415542.5582645,100.0,50911.0
1719415542.6918757,100.0,50911.0
1719415542.82536,100.0,50911.0
1719415542.9602976,100.0,50911.0
1719415543.096652,52.0,50911.0
1719415543.2459111,52.0,50911.0
1719415543.4125404,74.0,50911.0
1719415543.55486,100.0,50911.0
1719415543.6927783,99.0,50911.0
1719415543.8274822,100.0,50911.0
1719415543.9816034,100.0,50911.0
1719415544.1139014,100.0,50911.0
1719415544.2470663,100.0,50911.0
1719415544.437336,92.0,50911.0
1719415544.6276,100.0,50911.0
1719415544.7916696,100.0,50911.0
1719415544.9364223,99.0,50911.0
1719415545.0745564,100.0,50911.0
1719415545.209471,100.0,50911.0
1719415545.345025,100.0,50911.0
1719415545.479109,100.0,50911.0
1719415545.6147902,100.0,50911.0
1719415545.7529461,40.0,50911.0
1719415545.9404187,15.0,50911.0
1719415546.0903873,100.0,50911.0
1719415546.2499154,99.0,50911.0
1719415546.3925405,99.0,50911.0
1719415546.5338109,100.0,50911.0
1719415546.6708772,100.0,50911.0
1719415546.8078218,100.0,50911.0
1719415546.9459026,100.0,50911.0
1719415547.086029,54.0,50911.0
1719415547.2769654,54.0,50911.0
1719415547.4524534,100.0,50911.0
1719415547.5960326,100.0,50911.0
1719415547.7395706,99.0,50911.0
1719415547.87793,99.0,50911.0
1719415548.0552473,100.0,50911.0
1719415548.1893802,100.0,50911.0
1719415548.3277583,100.0,50911.0
1719415548.464629,100.0,50911.0
1719415548.6171513,26.0,50911.0
1719415548.7640958,100.0,50911.0
1719415548.9066708,99.0,50911.0
1719415549.0500636,99.0,50911.0
1719415549.1894166,100.0,50911.0
1719415549.3252847,100.0,50911.0
1719415549.462267,100.0,50911.0
1719415549.598451,100.0,50911.0
1719415549.7344966,51.0,50911.0
1719415549.891101,51.0,50911.0
1719415550.0775073,100.0,50911.0
1719415550.2195253,100.0,50911.0
1719415550.3619392,99.0,50911.0
1719415550.5026453,100.0,50911.0
1719415550.6384547,100.0,50911.0
1719415550.7731357,100.0,50911.0
1719415550.910024,100.0,50911.0
1719415551.0980303,95.0,50911.0
1719415551.2476127,29.0,50911.0
1719415551.39156,100.0,50911.0
1719415551.5318809,99.0,50911.0
1719415551.6846702,99.0,50911.0
1719415551.825865,100.0,50911.0
1719415551.9630723,100.0,50911.0
1719415552.0974782,100.0,50911.0
1719415552.2332575,100.0,50911.0
1719415552.3947864,39.0,50911.0
1719415552.5461512,84.0,50911.0
1719415552.694723,84.0,50911.0
1719415552.9090898,100.0,50911.0
1719415553.051595,99.0,50911.0
1719415553.1888342,100.0,50911.0
1719415553.3275626,100.0,50911.0
1719415553.4622078,100.0,50911.0
1719415553.606031,83.0,50911.0
1719415553.7931287,23.0,50911.0
1719415553.94321,23.0,50911.0
1719415554.1117294,99.0,50911.0
1719415554.253233,99.0,50911.0
1719415554.388854,100.0,50911.0
1719415554.5240085,100.0,50911.0
1719415554.6579554,100.0,50911.0
