timestamp,gpu_util,gpu_mem
1719346667.65296,0.0,3.0
1719346667.8159006,0.0,3.0
1719346667.9831986,0.0,3.0
1719346668.1405406,0.0,15.0
1719346668.3217669,11.0,563.0
1719346668.4866898,5.0,655.0
1719346668.6546898,8.0,739.0
1719346668.8265235,8.0,829.0
1719346669.0017579,7.0,929.0
1719346669.1808453,6.0,1005.0
1719346669.370636,8.0,1215.0
1719346669.5549886,0.0,1215.0
1719346669.739507,0.0,1215.0
1719346669.9870408,0.0,1215.0
1719346670.166064,0.0,1215.0
1719346670.34971,0.0,1215.0
1719346670.539229,0.0,1215.0
1719346670.723837,0.0,1215.0
1719346670.9078412,0.0,1215.0
1719346671.092796,0.0,1215.0
1719346671.2747498,0.0,1215.0
1719346671.4588883,0.0,1215.0
1719346671.644397,0.0,1215.0
1719346671.826803,0.0,1215.0
1719346672.0092967,0.0,1215.0
1719346672.1890998,0.0,1215.0
1719346672.369234,0.0,1215.0
1719346672.5522127,0.0,1215.0
1719346672.7379498,0.0,1215.0
1719346672.9238443,0.0,1215.0
1719346673.1074438,0.0,1215.0
1719346673.291104,0.0,1215.0
1719346673.4758906,0.0,1215.0
1719346673.661331,0.0,1215.0
1719346673.8575838,0.0,1215.0
1719346674.0412111,0.0,1215.0
1719346674.2523582,0.0,1215.0
1719346674.4675121,0.0,1215.0
1719346674.6479306,0.0,1215.0
1719346674.8620863,0.0,1215.0
1719346675.0451093,0.0,1215.0
1719346675.2564669,0.0,1215.0
1719346675.4387147,0.0,1215.0
1719346675.6495867,0.0,1215.0
1719346675.833536,0.0,1215.0
1719346676.0167997,0.0,1215.0
1719346676.1961277,0.0,1215.0
1719346676.3860705,0.0,1215.0
1719346676.5703297,0.0,1215.0
1719346676.7548246,0.0,1215.0
1719346676.9385512,0.0,1215.0
1719346677.1221256,0.0,1215.0
1719346677.302086,0.0,1215.0
1719346677.4854755,0.0,1215.0
1719346677.667982,0.0,1215.0
1719346677.8522313,0.0,1215.0
1719346678.035984,0.0,1215.0
1719346678.2206457,0.0,1215.0
1719346678.4042473,0.0,1215.0
1719346678.5842738,0.0,1215.0
1719346678.7665997,0.0,1215.0
1719346678.9520292,0.0,1215.0
1719346679.1341014,0.0,1215.0
1719346679.3148189,0.0,1215.0
1719346679.4998462,0.0,1215.0
1719346679.6826255,0.0,1215.0
1719346679.8636541,0.0,1215.0
1719346680.04544,0.0,1215.0
1719346680.226267,0.0,1215.0
1719346680.4101155,0.0,1215.0
1719346680.5965216,0.0,1215.0
1719346680.7777083,0.0,1215.0
1719346680.9616323,0.0,1215.0
1719346681.1436505,0.0,1215.0
1719346681.3235326,0.0,1215.0
1719346681.508349,0.0,1215.0
1719346681.6921034,0.0,1215.0
1719346681.870622,0.0,1215.0
1719346682.049762,0.0,1215.0
1719346682.2291884,0.0,1215.0
1719346682.409839,0.0,1215.0
1719346682.589663,0.0,1215.0
1719346682.770935,0.0,1215.0
1719346682.951018,0.0,1215.0
1719346683.1315377,0.0,1215.0
1719346683.314418,0.0,1215.0
1719346683.491813,0.0,1215.0
1719346683.6753492,0.0,1215.0
1719346683.8595526,0.0,1215.0
1719346684.0392013,0.0,1215.0
1719346684.2196574,0.0,1215.0
1719346684.399841,0.0,1215.0
1719346684.5800197,0.0,1215.0
1719346684.7623708,0.0,1215.0
1719346684.9485352,0.0,1215.0
1719346685.1333992,0.0,1215.0
1719346685.318304,0.0,1215.0
1719346685.503887,0.0,1215.0
1719346685.6881127,0.0,1215.0
1719346685.872449,0.0,1215.0
1719346686.0577612,0.0,1215.0
1719346686.2410629,0.0,1215.0
1719346686.425226,0.0,1215.0
1719346686.6063976,0.0,1215.0
1719346686.791831,0.0,1215.0
1719346686.9752574,0.0,1215.0
1719346687.1892378,0.0,1215.0
1719346687.376501,0.0,1215.0
1719346687.5580564,0.0,1215.0
1719346687.7417674,0.0,1215.0
1719346687.9228852,0.0,1215.0
1719346688.1025314,0.0,1215.0
1719346688.2937975,0.0,1215.0
1719346688.4738598,0.0,1215.0
1719346688.653111,0.0,1215.0
1719346688.8329742,0.0,1215.0
1719346689.015135,0.0,1215.0
1719346689.1945248,0.0,1215.0
1719346689.3778322,0.0,1215.0
1719346689.5604749,0.0,1215.0
1719346689.7436216,0.0,1215.0
1719346689.9296021,0.0,1215.0
1719346690.1143599,0.0,1215.0
1719346690.2989385,0.0,1215.0
1719346690.485799,0.0,1215.0
1719346690.6656191,0.0,1215.0
1719346690.8505363,0.0,1215.0
1719346691.035228,0.0,1215.0
1719346691.214216,0.0,1215.0
1719346691.393795,0.0,1215.0
1719346691.5770872,0.0,1215.0
1719346691.7645402,0.0,1215.0
1719346691.9481618,0.0,1215.0
1719346692.1276536,0.0,1215.0
1719346692.3128073,0.0,1215.0
1719346692.4963136,0.0,1215.0
1719346692.6798112,0.0,1215.0
1719346692.8640656,0.0,1215.0
1719346693.0482724,0.0,1215.0
1719346693.2334487,0.0,1215.0
1719346693.4166787,0.0,1215.0
1719346693.5957584,0.0,1215.0
1719346693.7776918,0.0,1215.0
1719346693.960996,0.0,1215.0
1719346694.144136,0.0,1215.0
1719346694.3222115,0.0,1215.0
1719346694.499194,0.0,1215.0
1719346694.6787095,0.0,1215.0
1719346694.853447,0.0,1215.0
1719346695.0385163,0.0,1215.0
1719346695.2243304,0.0,1215.0
1719346695.4095263,0.0,1215.0
1719346695.593398,0.0,1215.0
1719346695.7762265,0.0,1215.0
1719346695.9568546,0.0,1215.0
1719346696.138079,0.0,1215.0
1719346696.319426,0.0,1215.0
1719346696.4990766,0.0,1215.0
1719346696.6820357,0.0,1215.0
1719346696.865899,0.0,1215.0
1719346697.0523407,0.0,1215.0
1719346697.237356,0.0,1215.0
1719346697.4241729,0.0,1215.0
1719346697.6074548,0.0,1215.0
1719346697.7873163,0.0,1215.0
1719346697.9734244,0.0,1215.0
1719346698.1533992,0.0,1215.0
1719346698.3375862,0.0,1215.0
1719346698.5224006,0.0,1215.0
1719346698.7070196,0.0,1215.0
1719346698.8875878,0.0,1215.0
1719346699.0720139,0.0,1215.0
1719346699.2535675,0.0,1215.0
1719346699.4366906,0.0,1215.0
1719346699.6196005,0.0,1215.0
1719346699.8071382,0.0,1215.0
1719346699.9899495,0.0,1215.0
1719346700.1739354,0.0,1215.0
1719346700.35716,0.0,1215.0
1719346700.5409892,0.0,1215.0
1719346700.7204874,0.0,1215.0
1719346700.9025342,0.0,1215.0
1719346701.0829222,0.0,1215.0
1719346701.2638822,0.0,1215.0
1719346701.444395,0.0,1215.0
1719346701.6282187,0.0,1215.0
1719346701.8108501,0.0,1215.0
1719346701.9941413,0.0,1215.0
1719346702.1765323,0.0,1215.0
1719346702.3584995,0.0,1215.0
1719346702.538246,0.0,1215.0
1719346702.7217436,0.0,1215.0
1719346702.9064524,0.0,1215.0
1719346703.0873165,0.0,1215.0
1719346703.271118,0.0,1215.0
1719346703.4529982,0.0,1215.0
1719346703.6365623,0.0,1215.0
1719346703.8270185,0.0,1215.0
1719346704.0140524,0.0,1215.0
1719346704.1986074,0.0,1215.0
1719346704.3806672,0.0,1215.0
1719346704.5616887,0.0,1215.0
1719346704.7449563,0.0,1215.0
1719346704.9246697,0.0,1215.0
1719346705.1039424,0.0,1215.0
1719346705.2833292,0.0,1215.0
1719346705.4671667,0.0,1215.0
1719346705.6509845,0.0,1215.0
1719346705.8374283,0.0,1215.0
1719346706.025442,0.0,1215.0
1719346706.2083251,0.0,1215.0
1719346706.3919022,0.0,1215.0
1719346706.575179,0.0,1215.0
1719346706.7557032,0.0,1215.0
1719346706.9405746,0.0,1215.0
1719346707.1246002,0.0,1215.0
1719346707.3083932,0.0,1215.0
1719346707.5267313,0.0,1215.0
1719346707.7480552,0.0,1215.0
1719346707.9302235,0.0,1215.0
1719346708.117047,0.0,1215.0
1719346708.2963076,0.0,1215.0
1719346708.4767325,0.0,1215.0
1719346708.6772244,0.0,1215.0
1719346708.8608432,0.0,1215.0
1719346709.042737,0.0,1215.0
1719346709.2263596,0.0,1215.0
1719346709.4105954,0.0,1215.0
1719346709.5930498,0.0,1215.0
1719346709.776526,0.0,1215.0
1719346709.9614472,0.0,1215.0
1719346710.1430569,0.0,1215.0
1719346710.3266137,0.0,1215.0
1719346710.5031874,0.0,1215.0
1719346710.6852212,0.0,1215.0
1719346710.868583,0.0,1215.0
1719346711.0529034,0.0,1215.0
1719346711.232412,0.0,1215.0
1719346711.418133,0.0,1215.0
1719346711.5977876,0.0,1215.0
1719346711.7816024,0.0,1215.0
1719346711.9645665,0.0,1215.0
1719346712.1484342,0.0,1215.0
1719346712.3305776,0.0,1215.0
1719346712.5144517,0.0,1215.0
1719346712.6937582,0.0,1215.0
1719346712.8770175,0.0,1215.0
1719346713.0684288,0.0,1215.0
1719346713.2527108,0.0,1215.0
1719346713.435102,0.0,1215.0
1719346713.619129,0.0,1215.0
1719346713.8030052,0.0,1215.0
1719346713.9866123,0.0,1215.0
1719346714.168657,0.0,1215.0
1719346714.3468945,0.0,1215.0
1719346714.5303915,0.0,1215.0
1719346714.7098484,0.0,1215.0
1719346714.8932407,0.0,1215.0
1719346715.0737913,0.0,1215.0
1719346715.2522678,0.0,1215.0
1719346715.4374292,0.0,1215.0
1719346715.6210647,0.0,1215.0
1719346715.801344,0.0,1215.0
1719346715.982562,0.0,1215.0
1719346716.165149,0.0,1215.0
1719346716.348416,0.0,1215.0
1719346716.5291507,0.0,1215.0
1719346716.712359,0.0,1215.0
1719346716.892089,0.0,1215.0
1719346717.0778506,0.0,1215.0
1719346717.2574837,0.0,1215.0
1719346717.4405887,0.0,1215.0
1719346717.6190155,0.0,1215.0
1719346717.8024228,0.0,1215.0
1719346717.9797442,0.0,1215.0
1719346718.1625996,0.0,1215.0
1719346718.343178,0.0,1215.0
1719346718.522589,0.0,1215.0
1719346718.7066703,0.0,1215.0
1719346718.890835,0.0,1215.0
1719346719.0702744,0.0,1215.0
1719346719.2558513,0.0,1215.0
1719346719.4404635,0.0,1215.0
1719346719.6228886,0.0,1215.0
1719346719.8017163,0.0,1215.0
1719346719.9851463,0.0,1215.0
1719346720.1682565,0.0,1215.0
1719346720.3483894,0.0,1215.0
1719346720.5298064,0.0,1215.0
1719346720.7104611,0.0,1215.0
1719346720.8898478,0.0,1215.0
1719346721.070291,0.0,1215.0
1719346721.2524145,0.0,1215.0
1719346721.4358258,0.0,1215.0
1719346721.620238,0.0,1215.0
1719346721.802659,0.0,1215.0
1719346721.985729,0.0,1215.0
1719346722.1717987,0.0,1215.0
1719346722.3556223,0.0,1215.0
1719346722.5387363,0.0,1215.0
1719346722.7211215,0.0,1215.0
1719346722.9009614,0.0,1215.0
1719346723.0843225,0.0,1215.0
1719346723.2672913,0.0,1215.0
1719346723.4494135,0.0,1215.0
1719346723.630594,0.0,1215.0
1719346723.8111007,0.0,1215.0
1719346723.9948652,0.0,1215.0
1719346724.176807,0.0,1215.0
1719346724.3564298,0.0,1215.0
1719346724.5407217,0.0,1215.0
1719346724.7239213,0.0,1215.0
1719346724.907985,0.0,1215.0
1719346725.088811,0.0,1215.0
1719346725.267032,0.0,1215.0
1719346725.4533243,0.0,1215.0
1719346725.6352112,0.0,1215.0
1719346725.8142881,0.0,1215.0
1719346725.9941654,0.0,1215.0
1719346726.1729767,0.0,1215.0
1719346726.3598523,0.0,1215.0
1719346726.543944,0.0,1215.0
1719346726.7292387,0.0,1215.0
1719346726.910826,0.0,1215.0
1719346727.0946314,0.0,1215.0
1719346727.2789695,0.0,1215.0
1719346727.4634123,0.0,1215.0
1719346727.65016,0.0,1215.0
1719346727.8371499,0.0,1215.0
1719346728.0214784,0.0,1215.0
1719346728.2037024,0.0,1215.0
1719346728.383049,0.0,1215.0
1719346728.5651164,0.0,1215.0
1719346728.7514262,0.0,1215.0
1719346728.9333808,0.0,1215.0
1719346729.117093,0.0,1215.0
1719346729.3005636,0.0,1215.0
1719346729.4813752,0.0,1215.0
1719346729.6645412,0.0,1215.0
1719346729.8502598,0.0,1215.0
1719346730.0328867,0.0,1215.0
1719346730.213274,0.0,1215.0
1719346730.3972526,0.0,1215.0
1719346730.5737321,0.0,1215.0
1719346730.75355,0.0,1215.0
1719346730.9342694,0.0,1215.0
1719346731.1137638,0.0,1215.0
1719346731.2927303,0.0,1215.0
1719346731.4763036,0.0,1215.0
1719346731.6552749,0.0,1215.0
1719346731.842293,0.0,1215.0
1719346732.0249696,0.0,1215.0
1719346732.2076724,0.0,1215.0
1719346732.3843725,0.0,1215.0
1719346732.5641584,0.0,1215.0
1719346732.745721,0.0,1215.0
1719346732.9289174,0.0,1215.0
1719346733.115651,0.0,1215.0
1719346733.2969515,0.0,1215.0
1719346733.4802597,0.0,1215.0
1719346733.6619372,0.0,1215.0
1719346733.8447278,0.0,1215.0
1719346734.0251133,0.0,1215.0
1719346734.2091627,0.0,1215.0
1719346734.3911884,0.0,1215.0
1719346734.5715253,0.0,1215.0
1719346734.7478,0.0,1215.0
1719346734.9306905,0.0,1215.0
1719346735.1097643,0.0,1215.0
1719346735.2909834,0.0,1215.0
1719346735.474527,0.0,1215.0
1719346735.6540687,0.0,1215.0
1719346735.8367991,0.0,1215.0
1719346736.018365,0.0,1215.0
1719346736.1984148,0.0,1215.0
1719346736.381796,0.0,1215.0
1719346736.5648086,0.0,1215.0
1719346736.7449825,0.0,1215.0
1719346736.9297278,0.0,1215.0
1719346737.1152606,0.0,1215.0
1719346737.2971337,0.0,1215.0
1719346737.4734037,0.0,1215.0
1719346737.6568065,0.0,1215.0
1719346737.8384523,0.0,1215.0
1719346738.0213785,0.0,1215.0
1719346738.203296,0.0,1215.0
1719346738.3854415,0.0,1215.0
1719346738.565654,0.0,1215.0
1719346738.7455962,0.0,1215.0
1719346738.924805,0.0,1215.0
1719346739.1083314,0.0,1215.0
1719346739.293447,0.0,1215.0
1719346739.4696112,0.0,1215.0
1719346739.648122,0.0,1215.0
1719346739.8249104,0.0,1215.0
1719346740.0081532,0.0,1215.0
1719346740.1883671,0.0,1215.0
1719346740.3645868,0.0,1215.0
1719346740.547003,0.0,1215.0
1719346740.7279987,0.0,1215.0
1719346740.9076786,0.0,1215.0
1719346741.0923026,0.0,1215.0
1719346741.2711809,0.0,1215.0
1719346741.4560063,0.0,1215.0
1719346741.6460657,0.0,1215.0
1719346741.825331,0.0,1215.0
1719346742.0588694,0.0,1215.0
1719346742.2426283,0.0,1215.0
1719346742.4412572,0.0,1215.0
1719346742.6254597,0.0,1215.0
1719346742.846155,0.0,1215.0
1719346743.0253534,0.0,1215.0
1719346743.232527,0.0,1215.0
1719346743.4143393,0.0,1215.0
1719346743.595049,0.0,1215.0
1719346743.7796094,0.0,1215.0
1719346743.960105,0.0,1215.0
1719346744.1443448,0.0,1215.0
1719346744.3266008,0.0,1215.0
1719346744.5126183,0.0,1215.0
1719346744.6968102,0.0,1215.0
1719346744.8809993,0.0,1215.0
1719346745.066259,0.0,1215.0
1719346745.2472973,0.0,1215.0
1719346745.4347053,0.0,1215.0
1719346745.61522,0.0,1215.0
1719346745.798256,0.0,1215.0
1719346745.9755082,0.0,1215.0
1719346746.1595743,0.0,1215.0
1719346746.3393738,0.0,1215.0
1719346746.521662,0.0,1215.0
1719346746.7049665,0.0,1215.0
1719346746.8842745,0.0,1215.0
1719346747.0671382,0.0,1215.0
1719346747.249367,0.0,1215.0
1719346747.4459925,0.0,1215.0
1719346747.628562,0.0,1215.0
1719346747.808327,0.0,1215.0
1719346747.987094,0.0,1215.0
1719346748.1723387,0.0,1215.0
1719346748.3563192,0.0,1215.0
1719346748.5332274,0.0,1215.0
1719346748.7167487,0.0,1215.0
1719346748.8943799,0.0,1215.0
1719346749.073582,0.0,1215.0
1719346749.2565832,0.0,1215.0
1719346749.4399195,0.0,1215.0
1719346749.6243782,0.0,1215.0
1719346749.8077805,0.0,1215.0
1719346749.9869618,0.0,1215.0
1719346750.1707401,0.0,1215.0
1719346750.3551445,0.0,1215.0
1719346750.5358984,0.0,1215.0
1719346750.720706,0.0,1215.0
1719346750.9040155,0.0,1215.0
1719346751.0835965,0.0,1215.0
1719346751.2682712,0.0,1215.0
1719346751.4532268,0.0,1215.0
1719346751.635003,0.0,1215.0
1719346751.8158653,0.0,1215.0
1719346751.9953434,0.0,1215.0
1719346752.1800442,0.0,1215.0
1719346752.3616724,0.0,1215.0
1719346752.5447848,0.0,1215.0
1719346752.7263885,0.0,1215.0
1719346752.904948,0.0,1215.0
1719346753.087337,0.0,1215.0
1719346753.2732115,0.0,1215.0
1719346753.457511,0.0,1215.0
1719346753.6392243,0.0,1215.0
1719346753.822325,0.0,1215.0
1719346754.007246,0.0,1215.0
1719346754.189101,0.0,1215.0
1719346754.3692002,0.0,1215.0
1719346754.5530362,0.0,1215.0
1719346754.7347116,0.0,1215.0
1719346754.914389,0.0,1215.0
1719346755.098797,0.0,1215.0
1719346755.2777662,0.0,1215.0
1719346755.4561834,0.0,1215.0
1719346755.6344125,0.0,1215.0
1719346755.8152997,0.0,1215.0
1719346756.000825,0.0,1215.0
1719346756.185207,0.0,1215.0
1719346756.3686407,0.0,1215.0
1719346756.5493877,0.0,1215.0
1719346756.7349868,0.0,1215.0
1719346756.9159808,0.0,1215.0
1719346757.101599,0.0,1215.0
1719346757.2853868,0.0,1215.0
1719346757.46978,0.0,1215.0
1719346757.654761,0.0,1215.0
1719346757.8347833,0.0,1215.0
1719346758.011067,0.0,1215.0
1719346758.1945894,0.0,1215.0
1719346758.3732738,0.0,1215.0
1719346758.5569522,0.0,1215.0
1719346758.741499,0.0,1215.0
1719346758.9212554,0.0,1215.0
1719346759.1064649,0.0,1215.0
1719346759.282328,0.0,1215.0
1719346759.4613445,0.0,1215.0
1719346759.6443172,0.0,1215.0
1719346759.8264706,0.0,1215.0
1719346760.0064063,0.0,1215.0
1719346760.1903698,0.0,1215.0
1719346760.3707612,0.0,1215.0
1719346760.5534055,0.0,1215.0
1719346760.73313,0.0,1215.0
1719346760.916013,0.0,1215.0
1719346761.0955708,0.0,1215.0
1719346761.2790797,0.0,1215.0
1719346761.460245,0.0,1215.0
1719346761.6433578,0.0,1215.0
1719346761.8195052,0.0,1215.0
1719346761.9996448,0.0,1215.0
1719346762.185627,0.0,1215.0
1719346762.366069,0.0,1215.0
1719346762.5419042,0.0,1215.0
1719346762.7240617,0.0,1215.0
1719346762.9032614,0.0,1215.0
1719346763.0840657,0.0,1215.0
1719346763.266937,0.0,1215.0
1719346763.4473464,0.0,1215.0
1719346763.6311173,0.0,1215.0
1719346763.8144023,0.0,1215.0
1719346763.9980736,0.0,1215.0
1719346764.180728,0.0,1215.0
1719346764.3600242,0.0,1215.0
1719346764.5449352,0.0,1215.0
1719346764.7248442,0.0,1215.0
1719346764.9089482,0.0,1215.0
1719346765.0887496,0.0,1215.0
1719346765.2711427,0.0,1215.0
1719346765.4540474,0.0,1215.0
1719346765.6401772,0.0,1215.0
1719346765.8204668,0.0,1215.0
1719346765.9993258,0.0,1215.0
1719346766.183581,0.0,1215.0
1719346766.3634768,0.0,1215.0
1719346766.5470574,0.0,1215.0
1719346766.7255158,0.0,1215.0
1719346766.9038866,0.0,1215.0
1719346767.084049,0.0,1215.0
1719346767.2630205,0.0,1215.0
1719346767.4384649,0.0,1215.0
1719346767.617251,0.0,1215.0
1719346767.7994537,0.0,1215.0
1719346767.9801877,0.0,1215.0
1719346768.1597304,0.0,1215.0
1719346768.3386388,0.0,1215.0
1719346768.5178251,0.0,1215.0
1719346768.7001293,0.0,1215.0
1719346768.8832614,0.0,1215.0
1719346769.0623837,0.0,1215.0
1719346769.2420454,0.0,1215.0
1719346769.424232,0.0,1215.0
1719346769.60772,0.0,1215.0
1719346769.7915995,0.0,1215.0
1719346769.9712448,0.0,1215.0
1719346770.1573396,0.0,1215.0
1719346770.3413954,0.0,1215.0
1719346770.5241344,0.0,1215.0
1719346770.709025,0.0,1215.0
1719346770.8947182,0.0,1215.0
1719346771.0745282,0.0,1215.0
1719346771.2592106,0.0,1215.0
1719346771.4430964,0.0,1215.0
1719346771.6228323,0.0,1215.0
1719346771.8069563,0.0,1215.0
1719346771.9910197,0.0,1215.0
1719346772.1709914,0.0,1215.0
1719346772.3513181,0.0,1215.0
1719346772.5340343,0.0,1215.0
1719346772.7161465,0.0,1215.0
1719346772.8977983,0.0,1215.0
1719346773.0800831,0.0,1215.0
1719346773.2564275,0.0,1215.0
1719346773.4379313,0.0,1215.0
1719346773.6197,0.0,1215.0
1719346773.7991073,0.0,1215.0
1719346773.9797392,0.0,1215.0
1719346774.163017,0.0,1215.0
1719346774.3475156,0.0,1215.0
1719346774.5305896,0.0,1215.0
1719346774.7094727,0.0,1215.0
1719346774.893363,0.0,1215.0
1719346775.0780888,0.0,1215.0
1719346775.2591817,0.0,1215.0
1719346775.443552,0.0,1215.0
1719346775.6271973,0.0,1215.0
1719346775.8107183,0.0,1215.0
1719346775.9976969,0.0,1215.0
1719346776.1808188,0.0,1215.0
1719346776.39836,0.0,1215.0
1719346776.5777817,0.0,1215.0
1719346776.7902615,0.0,1215.0
1719346776.9725976,0.0,1215.0
1719346777.152757,0.0,1215.0
1719346777.3352728,0.0,1215.0
1719346777.5213063,0.0,1215.0
1719346777.7071917,0.0,1215.0
1719346777.8935726,0.0,1215.0
1719346778.073704,0.0,1215.0
1719346778.2630434,0.0,1215.0
1719346778.4472878,0.0,1215.0
1719346778.6320596,0.0,1215.0
1719346778.8147428,0.0,1215.0
1719346779.0008936,0.0,1215.0
1719346779.181292,0.0,1215.0
1719346779.3603878,0.0,1215.0
1719346779.537877,0.0,1215.0
1719346779.7162879,0.0,1215.0
1719346779.901906,0.0,1215.0
1719346780.0818105,0.0,1215.0
1719346780.261431,0.0,1215.0
1719346780.4464827,0.0,1215.0
1719346780.630464,0.0,1215.0
1719346780.8097796,0.0,1215.0
1719346780.991151,0.0,1215.0
1719346781.1748824,0.0,1215.0
1719346781.3593416,0.0,1215.0
1719346781.5383117,0.0,1215.0
1719346781.7234886,0.0,1215.0
1719346781.907969,0.0,1215.0
1719346782.0872936,0.0,1215.0
1719346782.2665098,0.0,1215.0
1719346782.4514878,0.0,1215.0
1719346782.6351404,0.0,1215.0
1719346782.817662,0.0,1215.0
1719346783.000645,0.0,1215.0
1719346783.1792214,0.0,1215.0
1719346783.3628829,0.0,1215.0
1719346783.5419018,0.0,1215.0
1719346783.7247055,0.0,1215.0
1719346783.9103694,0.0,1215.0
1719346784.1029794,0.0,1215.0
1719346784.2886434,0.0,1215.0
1719346784.4676702,0.0,1215.0
1719346784.650471,0.0,1215.0
1719346784.8342988,0.0,1215.0
1719346785.016138,0.0,1215.0
1719346785.2013092,0.0,1215.0
1719346785.3842258,0.0,1215.0
1719346785.5646296,0.0,1215.0
1719346785.7501876,0.0,1215.0
1719346785.9306047,0.0,1215.0
1719346786.1190407,0.0,1215.0
1719346786.301214,0.0,1215.0
1719346786.4814587,0.0,1215.0
1719346786.663825,0.0,1215.0
1719346786.8430638,0.0,1215.0
1719346787.0217502,0.0,1215.0
1719346787.203485,0.0,1215.0
1719346787.3866854,0.0,1215.0
1719346787.5691695,0.0,1215.0
1719346787.7517889,0.0,1215.0
1719346787.9325309,0.0,1215.0
1719346788.1202018,0.0,1215.0
1719346788.2986698,0.0,1215.0
1719346788.4784734,0.0,1215.0
1719346788.6613545,0.0,1215.0
1719346788.844613,0.0,1215.0
1719346789.0249217,0.0,1215.0
1719346789.2098749,0.0,1215.0
1719346789.3892393,0.0,1215.0
1719346789.5715132,0.0,1215.0
1719346789.749969,0.0,1215.0
1719346789.9336839,0.0,1215.0
1719346790.1214483,0.0,1215.0
1719346790.3045938,0.0,1215.0
1719346790.483181,0.0,1215.0
1719346790.6736581,0.0,1215.0
1719346790.8940501,0.0,1215.0
1719346791.0780385,2.0,1471.0
1719346791.2618062,5.0,1599.0
1719346791.4504957,3.0,1855.0
1719346791.649297,3.0,1983.0
1719346791.840107,6.0,2111.0
1719346792.0269277,3.0,2239.0
1719346792.2140265,3.0,2495.0
1719346792.413757,6.0,2623.0
1719346792.6003556,1.0,2687.0
1719346792.7866213,3.0,4233.0
1719346792.9705849,3.0,4243.0
1719346793.150624,0.0,4261.0
1719346793.32835,1.0,4277.0
1719346793.5067098,1.0,4293.0
1719346793.696073,1.0,4315.0
1719346793.8850458,1.0,4343.0
1719346794.081932,2.0,4369.0
1719346794.276417,1.0,4389.0
1719346794.4773805,1.0,4415.0
1719346794.673175,1.0,4441.0
1719346794.874898,2.0,4473.0
1719346795.0720184,1.0,4509.0
1719346795.2783084,2.0,4543.0
1719346795.485217,2.0,4575.0
1719346795.6963136,1.0,4591.0
1719346795.9047685,0.0,4603.0
1719346796.1284208,1.0,4617.0
1719346796.3407383,1.0,4645.0
1719346796.5561829,1.0,4645.0
1719346796.7727547,1.0,6257.0
1719346796.9912505,0.0,6273.0
1719346797.2057552,1.0,6281.0
1719346797.42454,1.0,6293.0
1719346797.642195,1.0,6307.0
1719346797.8641927,1.0,6329.0
1719346798.084276,1.0,6347.0
1719346798.3105645,1.0,6377.0
1719346798.5341349,1.0,6409.0
1719346798.7625341,1.0,6435.0
1719346798.9902964,1.0,6457.0
1719346799.2219226,5.0,6473.0
1719346799.452611,1.0,28221.0
1719346799.695718,98.0,32831.0
1719346799.9283803,100.0,35145.0
1719346800.1588032,73.0,35149.0
1719346800.393732,1.0,35159.0
1719346800.6258445,1.0,35179.0
1719346800.8650932,1.0,38069.0
1719346801.369376,94.0,36535.0
1719346801.6461153,92.0,36549.0
1719346801.878661,100.0,36549.0
1719346802.1103237,79.0,36549.0
1719346802.3648279,24.0,36549.0
1719346802.592201,100.0,36549.0
1719346802.8233063,100.0,36545.0
1719346803.0584953,3.0,36545.0
1719346803.2847624,77.0,36545.0
1719346803.5239735,73.0,36545.0
1719346803.7639267,34.0,36549.0
1719346803.9973671,100.0,36549.0
1719346804.2311237,100.0,36549.0
1719346804.4663181,100.0,36549.0
1719346804.6989648,100.0,36549.0
1719346804.934079,100.0,36549.0
1719346805.1669126,100.0,36549.0
1719346805.4025881,100.0,36549.0
1719346805.6354759,100.0,36549.0
1719346805.868956,100.0,36549.0
1719346806.1011317,100.0,36549.0
1719346806.3356688,91.0,36549.0
1719346806.5837517,23.0,36549.0
1719346806.8142538,85.0,36545.0
1719346807.0386574,0.0,36545.0
1719346807.279264,69.0,36545.0
1719346807.5144029,100.0,36545.0
1719346807.7480826,98.0,36545.0
1719346807.9860988,30.0,36545.0
1719346808.2200553,0.0,36545.0
1719346808.4545603,0.0,36545.0
1719346808.6844556,0.0,36545.0
1719346808.920679,0.0,36545.0
1719346809.1549532,0.0,36545.0
1719346809.3888314,0.0,36545.0
1719346809.6217368,0.0,36545.0
1719346809.8519375,0.0,36545.0
1719346810.0966742,0.0,36545.0
1719346810.3290553,0.0,36545.0
1719346810.6237555,0.0,36545.0
1719346810.8588266,0.0,36545.0
1719346811.094247,0.0,36545.0
1719346811.3552864,0.0,36545.0
1719346811.6086948,0.0,36545.0
1719346811.8431065,0.0,36545.0
1719346812.0759947,0.0,36545.0
1719346812.30861,0.0,36545.0
1719346812.5557244,0.0,36545.0
1719346812.7928143,0.0,36545.0
1719346813.02896,0.0,36545.0
1719346813.2650094,0.0,36545.0
1719346813.5031896,0.0,36545.0
1719346813.7387073,0.0,36545.0
1719346813.9741626,0.0,36545.0
1719346814.2052107,0.0,36545.0
1719346814.4372494,0.0,36545.0
1719346814.672585,0.0,36545.0
1719346814.905828,0.0,36545.0
1719346815.1418784,0.0,36545.0
1719346815.3741584,0.0,36545.0
1719346815.6097882,0.0,36545.0
1719346815.843971,0.0,36545.0
1719346816.0748544,0.0,36545.0
1719346816.301894,0.0,36545.0
1719346816.5362563,0.0,36545.0
1719346816.7700474,0.0,36545.0
1719346817.0038652,0.0,36545.0
1719346817.2403986,0.0,36545.0
1719346817.4720023,0.0,36545.0
1719346817.7067218,0.0,36545.0
1719346817.944014,0.0,36545.0
1719346818.1781971,0.0,36545.0
1719346818.4134839,0.0,36545.0
1719346818.646191,0.0,36545.0
1719346818.8812745,0.0,36545.0
1719346819.1121848,0.0,36545.0
1719346819.3453932,0.0,36545.0
1719346819.5753646,0.0,36545.0
1719346819.8121188,0.0,36545.0
1719346820.0450876,0.0,36545.0
1719346820.2794635,0.0,36545.0
1719346820.512406,0.0,36545.0
1719346820.7454076,0.0,36545.0
1719346820.9798865,0.0,36545.0
1719346821.2069986,0.0,36545.0
1719346821.443289,0.0,36545.0
1719346821.6763942,0.0,36545.0
1719346821.9108806,0.0,36545.0
1719346822.1523764,0.0,36545.0
1719346822.3865001,0.0,36545.0
1719346822.6168852,0.0,36545.0
1719346822.8495648,0.0,36545.0
1719346823.08343,0.0,36545.0
1719346823.3176477,0.0,36545.0
1719346823.5480018,0.0,36545.0
1719346823.7811248,0.0,36545.0
1719346824.0138383,0.0,36545.0
1719346824.2453988,0.0,36545.0
1719346824.4760704,0.0,36545.0
1719346824.710151,0.0,36545.0
1719346824.9416485,0.0,36545.0
1719346825.172971,0.0,36545.0
1719346825.4073532,0.0,36545.0
1719346825.6349614,0.0,36545.0
1719346825.8684874,0.0,36545.0
1719346826.1033592,0.0,36545.0
1719346826.3341246,0.0,36545.0
1719346826.562846,0.0,36545.0
1719346826.7935154,0.0,36545.0
1719346827.0244703,0.0,36545.0
1719346827.254358,0.0,36545.0
1719346827.487416,0.0,36545.0
1719346827.7174635,0.0,36545.0
1719346827.954616,0.0,36545.0
1719346828.1886523,0.0,36545.0
1719346828.4182806,0.0,36545.0
1719346828.6487224,0.0,36545.0
1719346828.8838801,0.0,36545.0
1719346829.1109848,0.0,36545.0
1719346829.3443828,0.0,36545.0
1719346829.5799031,0.0,36545.0
1719346829.8114367,0.0,36545.0
1719346830.0465329,0.0,36545.0
1719346830.280605,0.0,36545.0
1719346830.5138352,0.0,36545.0
1719346830.7481997,0.0,36545.0
1719346830.982815,0.0,36545.0
1719346831.2150848,0.0,36545.0
1719346831.4447467,0.0,36545.0
1719346831.679956,0.0,36545.0
1719346831.9122622,0.0,36545.0
1719346832.1470351,0.0,36545.0
1719346832.3794408,0.0,36545.0
1719346832.6156065,0.0,36545.0
1719346832.8503435,0.0,36545.0
1719346833.0858517,0.0,36545.0
1719346833.3185327,0.0,36545.0
1719346833.5518243,0.0,36545.0
1719346833.7862222,0.0,36545.0
1719346834.0197856,0.0,36545.0
1719346834.255422,0.0,36545.0
1719346834.486042,0.0,36545.0
1719346834.718547,0.0,36545.0
1719346834.9485464,0.0,36545.0
1719346835.181452,0.0,36545.0
1719346835.4147658,0.0,36545.0
1719346835.645707,0.0,36545.0
1719346835.8763232,0.0,36545.0
1719346836.108298,0.0,36545.0
1719346836.338708,0.0,36545.0
1719346836.5735562,0.0,36545.0
1719346836.8066378,0.0,36545.0
1719346837.0404923,0.0,36545.0
1719346837.2744842,0.0,36545.0
1719346837.5043676,0.0,36545.0
1719346837.7370408,0.0,36545.0
1719346837.970958,0.0,36545.0
1719346838.20097,0.0,36545.0
1719346838.4309628,0.0,36545.0
1719346838.664363,0.0,36545.0
1719346838.8964012,0.0,36545.0
1719346839.1338465,0.0,36545.0
1719346839.367439,0.0,36545.0
1719346839.5979946,0.0,36545.0
1719346839.8321974,0.0,36545.0
1719346840.064818,0.0,36545.0
1719346840.29849,0.0,36545.0
1719346840.5291617,0.0,36545.0
1719346840.7593024,0.0,36545.0
1719346840.9922667,0.0,36545.0
1719346841.227147,0.0,36545.0
1719346841.4621341,0.0,36545.0
1719346841.6921482,0.0,36545.0
1719346841.9252646,0.0,36545.0
1719346842.162602,0.0,36545.0
1719346842.3974416,0.0,36545.0
1719346842.6290276,0.0,36545.0
1719346842.861764,0.0,36545.0
1719346843.0964565,0.0,36545.0
1719346843.3285286,0.0,36545.0
1719346843.564815,0.0,36545.0
1719346843.7988966,0.0,36545.0
1719346844.0352185,0.0,36545.0
1719346844.2703662,0.0,36545.0
1719346844.50998,0.0,36545.0
1719346844.7414823,0.0,36545.0
1719346844.9746132,0.0,36545.0
1719346845.2254992,0.0,36545.0
1719346845.4595885,0.0,36545.0
1719346845.7507415,0.0,36545.0
1719346845.9870672,0.0,36545.0
1719346846.2602954,0.0,36545.0
1719346846.4957728,0.0,36545.0
1719346846.760815,0.0,36545.0
1719346847.0204873,0.0,36545.0
1719346847.252673,0.0,36545.0
1719346847.483912,0.0,36545.0
1719346847.7177963,0.0,36545.0
1719346847.9504504,0.0,36545.0
1719346848.182709,0.0,36545.0
1719346848.413546,0.0,36545.0
1719346848.6481006,0.0,36545.0
1719346848.883651,0.0,36545.0
1719346849.1200569,0.0,36545.0
1719346849.350612,0.0,36545.0
1719346849.5823016,0.0,36545.0
1719346849.8111444,0.0,36545.0
1719346850.0425012,0.0,36545.0
1719346850.2763646,0.0,36545.0
1719346850.509891,0.0,36545.0
1719346850.7433987,0.0,36545.0
1719346850.9694896,0.0,36545.0
1719346851.2083519,0.0,36545.0
1719346851.4430103,0.0,36545.0
1719346851.6774151,0.0,36545.0
1719346851.9132807,0.0,36545.0
1719346852.1461878,0.0,36545.0
1719346852.379915,0.0,36545.0
1719346852.6122923,0.0,36545.0
1719346852.8443565,0.0,36545.0
1719346853.0787432,0.0,36545.0
1719346853.3130684,0.0,36545.0
1719346853.547735,0.0,36545.0
1719346853.776396,0.0,36545.0
1719346854.007001,0.0,36545.0
1719346854.2415092,0.0,36545.0
1719346854.4747903,0.0,36545.0
1719346854.708934,0.0,36545.0
1719346854.942829,0.0,36545.0
1719346855.1763284,0.0,36545.0
1719346855.4062128,0.0,36545.0
1719346855.639707,0.0,36545.0
1719346855.8685079,0.0,36545.0
1719346856.1016068,0.0,36545.0
1719346856.3332472,0.0,36545.0
1719346856.5643778,0.0,36545.0
1719346856.7991042,0.0,36545.0
1719346857.031542,0.0,36545.0
1719346857.2659302,0.0,36545.0
1719346857.4999988,0.0,36545.0
1719346857.734951,0.0,36545.0
1719346857.9658194,0.0,36545.0
1719346858.2030506,0.0,36545.0
1719346858.435492,0.0,36545.0
1719346858.6695538,0.0,36545.0
1719346858.8994868,0.0,36545.0
1719346859.1291122,0.0,36545.0
1719346859.36291,0.0,36545.0
1719346859.5913134,0.0,36545.0
1719346859.8214319,0.0,36545.0
1719346860.0545475,0.0,36545.0
1719346860.2886424,0.0,36545.0
1719346860.5205734,0.0,36545.0
1719346860.7575936,0.0,36545.0
1719346860.9910414,0.0,36545.0
1719346861.2260563,0.0,36545.0
1719346861.4576004,0.0,36545.0
1719346861.6892133,0.0,36545.0
1719346861.9201179,0.0,36545.0
1719346862.153217,0.0,36545.0
1719346862.3836405,0.0,36545.0
1719346862.6137624,0.0,36545.0
1719346862.8433306,0.0,36545.0
1719346863.075914,0.0,36545.0
1719346863.3053997,0.0,36545.0
1719346863.5346248,0.0,36545.0
1719346863.764228,0.0,36545.0
1719346863.9986672,0.0,36545.0
1719346864.2323375,0.0,36545.0
1719346864.463979,0.0,36545.0
1719346864.6960897,0.0,36545.0
1719346864.9251244,0.0,36545.0
1719346865.1593206,0.0,36545.0
1719346865.3914135,0.0,36545.0
1719346865.623856,0.0,36545.0
1719346865.8526652,0.0,36545.0
1719346866.0936873,0.0,36545.0
1719346866.3242538,0.0,36545.0
1719346866.556613,0.0,36545.0
1719346866.7878911,0.0,36545.0
1719346867.019164,0.0,36545.0
1719346867.2531867,0.0,36545.0
1719346867.4826114,0.0,36545.0
1719346867.7175827,0.0,36545.0
1719346867.9618692,0.0,36545.0
1719346868.1977904,0.0,36545.0
1719346868.4302416,0.0,36545.0
1719346868.664056,0.0,36545.0
1719346868.9053013,0.0,36545.0
1719346869.1399739,0.0,36545.0
1719346869.3763452,0.0,36545.0
1719346869.609298,0.0,36545.0
1719346869.8386877,0.0,36545.0
1719346870.0731676,0.0,36545.0
1719346870.306938,0.0,36545.0
1719346870.5408046,0.0,36545.0
1719346870.772123,0.0,36545.0
1719346871.0072072,0.0,36545.0
1719346871.2372875,0.0,36545.0
1719346871.4699705,0.0,36545.0
1719346871.7020621,0.0,36545.0
1719346871.9318717,0.0,36545.0
1719346872.1650805,0.0,36545.0
1719346872.3942556,0.0,36545.0
1719346872.6277447,0.0,36545.0
1719346872.8558807,0.0,36545.0
1719346873.0924165,0.0,36545.0
1719346873.3232608,0.0,36545.0
1719346873.5531607,0.0,36545.0
1719346873.786982,0.0,36545.0
1719346874.0229843,0.0,36545.0
1719346874.2523315,0.0,36545.0
1719346874.478476,0.0,36545.0
1719346874.7109401,0.0,36545.0
1719346874.942426,0.0,36545.0
1719346875.1750965,0.0,36545.0
1719346875.4038825,0.0,36545.0
1719346875.6333678,0.0,36545.0
1719346875.866121,0.0,36545.0
1719346876.0993679,0.0,36545.0
1719346876.3250856,0.0,36545.0
1719346876.5571,0.0,36545.0
1719346876.7862194,0.0,36545.0
1719346877.0144832,0.0,36545.0
1719346877.2374046,0.0,36545.0
1719346877.4664023,0.0,36545.0
1719346877.6986632,0.0,36545.0
1719346877.9328108,0.0,36545.0
1719346878.1652014,0.0,36545.0
1719346878.396811,0.0,36545.0
1719346878.6315382,0.0,36545.0
1719346878.8641014,0.0,36545.0
1719346879.095268,0.0,36545.0
1719346879.3281608,0.0,36545.0
1719346879.5617967,0.0,36545.0
1719346879.7910216,0.0,36545.0
1719346880.0297925,0.0,36545.0
1719346880.2694838,0.0,36545.0
1719346880.4972918,0.0,36545.0
1719346880.7214212,0.0,36545.0
1719346881.0231445,0.0,36545.0
1719346881.2609918,0.0,36545.0
1719346881.5239358,0.0,36545.0
1719346881.7538195,0.0,36545.0
1719346881.9851081,0.0,36545.0
1719346882.231932,0.0,36545.0
1719346882.4647286,0.0,36545.0
1719346882.6982307,0.0,36545.0
1719346882.9268024,0.0,36545.0
1719346883.158886,0.0,36545.0
1719346883.3888159,0.0,36545.0
1719346883.6195986,0.0,36545.0
1719346883.8456252,0.0,36545.0
1719346884.074285,0.0,36545.0
1719346884.3067584,0.0,36545.0
1719346884.5378635,0.0,36545.0
1719346884.7630901,0.0,36545.0
1719346884.9949028,0.0,36545.0
1719346885.2283208,0.0,36545.0
1719346885.4615726,0.0,36545.0
1719346885.6946518,0.0,36545.0
1719346885.9201252,0.0,36545.0
1719346886.152469,0.0,36545.0
1719346886.3834343,0.0,36545.0
1719346886.6171017,0.0,36545.0
1719346886.852372,0.0,36545.0
1719346887.0811875,0.0,36545.0
1719346887.313482,0.0,36545.0
1719346887.5423474,0.0,36545.0
1719346887.7760508,0.0,36545.0
1719346888.0110805,0.0,36545.0
1719346888.2407541,0.0,36545.0
1719346888.4738672,0.0,36545.0
1719346888.7071395,0.0,36545.0
1719346888.9413815,0.0,36545.0
1719346889.1756675,0.0,36545.0
1719346889.4087656,0.0,36545.0
1719346889.6403804,0.0,36545.0
1719346889.8743243,0.0,36545.0
1719346890.1093488,0.0,36545.0
1719346890.3412912,0.0,36545.0
1719346890.5688896,0.0,36545.0
1719346890.801214,0.0,36545.0
1719346891.0336168,0.0,36545.0
1719346891.2652998,0.0,36545.0
1719346891.4978306,0.0,36545.0
1719346891.7316813,0.0,36545.0
1719346891.9652712,0.0,36545.0
1719346892.199231,0.0,36545.0
1719346892.4324365,0.0,36545.0
1719346892.6658847,0.0,36545.0
1719346892.8979857,0.0,36545.0
1719346893.126843,0.0,36545.0
1719346893.3571815,0.0,36545.0
1719346893.5869277,0.0,36545.0
1719346893.8158786,0.0,36545.0
1719346894.047668,0.0,36545.0
1719346894.2804255,0.0,36545.0
1719346894.51404,0.0,36545.0
1719346894.747197,0.0,36545.0
1719346894.9789946,0.0,36545.0
1719346895.2121959,0.0,36545.0
1719346895.4452357,0.0,36545.0
1719346895.6787002,0.0,36545.0
1719346895.9068527,0.0,36545.0
1719346896.1404283,0.0,36545.0
1719346896.374739,0.0,36545.0
1719346896.6099236,0.0,36545.0
1719346896.8423154,0.0,36545.0
1719346897.0769281,0.0,36545.0
1719346897.3119829,0.0,36545.0
1719346897.5443838,0.0,36545.0
1719346897.7759678,0.0,36545.0
1719346898.0078213,0.0,36545.0
1719346898.2400765,0.0,36545.0
1719346898.4732018,0.0,36545.0
1719346898.702494,0.0,36545.0
1719346898.9354475,0.0,36545.0
1719346899.1688054,0.0,36545.0
1719346899.3971827,0.0,36545.0
1719346899.6282048,0.0,36545.0
1719346899.862582,0.0,36545.0
1719346900.0939467,0.0,36545.0
1719346900.3292277,0.0,36545.0
1719346900.5687566,0.0,36545.0
1719346900.8086174,0.0,36545.0
1719346901.052189,0.0,36545.0
1719346901.2941737,0.0,36545.0
1719346901.5318792,0.0,36545.0
1719346901.7688074,0.0,36545.0
1719346902.0098815,0.0,36545.0
1719346902.2507293,0.0,36545.0
1719346902.4898949,0.0,36545.0
1719346902.7307334,0.0,36545.0
1719346902.9703841,0.0,36545.0
1719346903.2109973,0.0,36545.0
1719346903.4516864,0.0,36545.0
1719346903.6898391,0.0,36545.0
1719346903.9286466,0.0,36545.0
1719346904.1707177,0.0,36545.0
1719346904.4124515,0.0,36545.0
1719346904.6504889,0.0,36545.0
1719346904.8919532,0.0,36545.0
1719346905.1363826,0.0,36545.0
1719346905.376537,0.0,36545.0
1719346905.6192567,0.0,36545.0
1719346905.8548994,0.0,36545.0
1719346906.1213906,0.0,36545.0
1719346906.3561149,0.0,36545.0
1719346906.5947044,0.0,36545.0
1719346906.829717,0.0,36545.0
1719346907.068822,0.0,36545.0
1719346907.3057687,0.0,36545.0
1719346907.5308566,0.0,36545.0
1719346907.7662718,0.0,36545.0
1719346907.9986713,0.0,36545.0
1719346908.2286122,0.0,36545.0
1719346908.462885,0.0,36545.0
1719346908.7022645,0.0,36545.0
1719346908.9389327,0.0,36545.0
1719346909.1784046,0.0,36545.0
1719346909.417886,0.0,36545.0
1719346909.6538258,0.0,36545.0
1719346909.8912501,0.0,36545.0
1719346910.128197,0.0,36545.0
1719346910.3631372,0.0,36545.0
1719346910.5996041,0.0,36545.0
1719346910.8356469,0.0,36545.0
1719346911.0686584,0.0,36545.0
1719346911.3056211,0.0,36545.0
1719346911.5392284,0.0,36545.0
1719346911.7751248,0.0,36545.0
1719346912.01407,0.0,36545.0
1719346912.2587063,0.0,36545.0
1719346912.496091,0.0,36545.0
1719346912.7355695,0.0,36545.0
1719346912.9735024,0.0,36545.0
1719346913.2113562,0.0,36545.0
1719346913.4506376,0.0,36545.0
1719346913.6859846,0.0,36545.0
1719346914.1593423,0.0,36545.0
1719346914.4132617,0.0,36545.0
1719346914.6481662,0.0,36545.0
1719346914.9136586,0.0,36545.0
1719346915.1742196,0.0,36545.0
1719346915.404659,0.0,36545.0
1719346915.6337447,0.0,36545.0
1719346915.8701193,0.0,36545.0
1719346916.0952413,0.0,36545.0
1719346916.3271635,0.0,36545.0
1719346916.5566688,0.0,36545.0
1719346916.7881663,0.0,36545.0
1719346917.0123074,0.0,36545.0
1719346917.2438858,0.0,36545.0
1719346917.4750414,0.0,36545.0
1719346917.7115777,0.0,36545.0
1719346917.9455583,0.0,36545.0
1719346918.1790085,0.0,36545.0
1719346918.416574,0.0,36545.0
1719346918.6557963,0.0,36545.0
1719346918.8898563,0.0,36545.0
1719346919.1219397,0.0,36545.0
1719346919.3498228,0.0,36545.0
1719346919.5831954,0.0,36545.0
1719346919.8166757,0.0,36545.0
1719346920.048033,0.0,36545.0
1719346920.2774248,0.0,36545.0
1719346920.517732,0.0,36545.0
1719346920.7525492,0.0,36545.0
1719346920.9803307,0.0,36545.0
1719346921.2126248,0.0,36545.0
1719346921.445096,0.0,36545.0
1719346921.6777873,0.0,36545.0
1719346921.9087243,0.0,36545.0
1719346922.155169,0.0,36545.0
1719346922.385859,0.0,36545.0
1719346922.6198332,0.0,36545.0
1719346922.8517544,0.0,36545.0
1719346923.0853271,0.0,36545.0
1719346923.3177705,0.0,36545.0
1719346923.5521255,0.0,36545.0
1719346923.7841222,0.0,36545.0
1719346924.0133474,0.0,36545.0
1719346924.2464268,0.0,36545.0
1719346924.481024,0.0,36545.0
1719346924.7129698,0.0,36545.0
1719346924.945894,0.0,36545.0
1719346925.180321,0.0,36545.0
1719346925.4126074,0.0,36545.0
1719346925.649452,0.0,36545.0
1719346925.8848138,0.0,36545.0
1719346926.120336,0.0,36545.0
1719346926.352707,0.0,36545.0
1719346926.582601,0.0,36545.0
1719346926.8158462,0.0,36545.0
1719346927.0493875,0.0,36545.0
1719346927.278233,0.0,36545.0
1719346927.510226,0.0,36545.0
1719346927.7422223,0.0,36545.0
1719346927.971894,0.0,36545.0
1719346928.2136695,0.0,36545.0
1719346928.4464767,0.0,36545.0
1719346928.6789095,0.0,36545.0
1719346928.9125865,0.0,36545.0
1719346929.1449842,0.0,36545.0
1719346929.3790061,0.0,36545.0
1719346929.6115985,0.0,36545.0
1719346929.846183,0.0,36545.0
1719346930.078616,0.0,36545.0
1719346930.3094451,0.0,36545.0
1719346930.5443702,0.0,36545.0
1719346930.7774127,0.0,36545.0
1719346931.0100968,0.0,36545.0
1719346931.2398615,0.0,36545.0
1719346931.4736116,0.0,36545.0
1719346931.704025,0.0,36545.0
1719346931.936991,0.0,36545.0
1719346932.1707954,0.0,36545.0
1719346932.3989384,0.0,36545.0
1719346932.6286728,0.0,36545.0
1719346932.8615696,0.0,36545.0
1719346933.0908332,0.0,36545.0
1719346933.3248928,0.0,36545.0
1719346933.5616431,0.0,36545.0
1719346933.795663,0.0,36545.0
1719346934.027865,0.0,36545.0
1719346934.2576602,0.0,36545.0
1719346934.4928281,0.0,36545.0
1719346934.725945,0.0,36545.0
1719346934.9583678,0.0,36545.0
1719346935.1924806,0.0,36545.0
1719346935.4258204,0.0,36545.0
1719346935.6586013,0.0,36545.0
1719346935.8912845,0.0,36545.0
1719346936.1236992,0.0,36545.0
1719346936.3518095,0.0,36545.0
1719346936.5852482,0.0,36545.0
1719346936.8194842,0.0,36545.0
1719346937.0493736,0.0,36545.0
1719346937.2839458,0.0,36545.0
1719346937.5169275,0.0,36545.0
1719346937.746851,0.0,36545.0
1719346937.974847,0.0,36545.0
1719346938.2063782,0.0,36545.0
1719346938.4400342,0.0,36545.0
1719346938.6745448,0.0,36545.0
1719346938.908829,0.0,36545.0
1719346939.142821,0.0,36545.0
1719346939.3824015,0.0,36545.0
1719346939.6125147,0.0,36545.0
1719346939.845516,0.0,36545.0
1719346940.0792866,0.0,36545.0
1719346940.3094802,0.0,36545.0
1719346940.5424526,0.0,36545.0
1719346940.7766302,0.0,36545.0
1719346941.0106556,0.0,36545.0
1719346941.2406096,0.0,36545.0
1719346941.4714365,0.0,36545.0
1719346941.7044313,0.0,36545.0
1719346941.9351406,0.0,36545.0
1719346942.1712742,0.0,36545.0
1719346942.4039235,0.0,36545.0
1719346942.6367724,0.0,36545.0
1719346942.8690438,0.0,36545.0
1719346943.101897,0.0,36545.0
1719346943.3351455,0.0,36545.0
1719346943.5688868,0.0,36545.0
1719346943.804179,0.0,36545.0
1719346944.0365105,0.0,36545.0
1719346944.2667284,0.0,36545.0
1719346944.5008008,0.0,36545.0
1719346944.734724,0.0,36545.0
1719346944.9689462,0.0,36545.0
1719346945.2012322,0.0,36545.0
1719346945.4345238,0.0,36545.0
1719346945.669858,0.0,36545.0
1719346945.899223,0.0,36545.0
1719346946.1347687,0.0,36545.0
1719346946.36902,0.0,36545.0
1719346946.6095307,0.0,36545.0
1719346946.8423665,0.0,36545.0
1719346947.0754576,0.0,36545.0
1719346947.3079872,0.0,36545.0
1719346947.5415175,0.0,36545.0
1719346947.7735562,0.0,36545.0
1719346948.0089703,0.0,36545.0
1719346948.237997,0.0,36545.0
1719346948.5291204,0.0,36545.0
1719346948.7625792,0.0,36545.0
1719346949.0165758,0.0,36545.0
1719346949.2811544,0.0,36545.0
1719346949.5147471,0.0,36545.0
1719346949.7457216,0.0,36545.0
1719346949.9856844,0.0,36545.0
1719346950.2145805,0.0,36545.0
1719346950.4499428,0.0,36545.0
1719346950.6819344,0.0,36545.0
1719346950.9136598,0.0,36545.0
1719346951.1446369,0.0,36545.0
1719346951.377588,0.0,36545.0
1719346951.6100104,0.0,36545.0
1719346951.8412144,0.0,36545.0
1719346952.0712936,0.0,36545.0
1719346952.3040125,0.0,36545.0
1719346952.535825,0.0,36545.0
1719346952.7688966,0.0,36545.0
1719346953.0015876,0.0,36545.0
1719346953.2356355,0.0,36545.0
1719346953.465541,0.0,36545.0
1719346953.700127,0.0,36545.0
1719346953.9334888,0.0,36545.0
1719346954.163378,0.0,36545.0
1719346954.395203,0.0,36545.0
1719346954.6308012,0.0,36545.0
1719346954.8638635,0.0,36545.0
1719346955.0969718,0.0,36545.0
1719346955.3260992,0.0,36545.0
1719346955.5596416,0.0,36545.0
1719346955.7925992,0.0,36545.0
1719346956.026361,0.0,36545.0
1719346956.2582238,0.0,36545.0
1719346956.4853067,0.0,36545.0
1719346956.7168005,0.0,36545.0
1719346956.9485228,0.0,36545.0
1719346957.1801083,0.0,36545.0
1719346957.4152348,0.0,36545.0
1719346957.6484933,0.0,36545.0
1719346957.8802161,0.0,36545.0
1719346958.1131105,0.0,36545.0
1719346958.347004,0.0,36545.0
1719346958.5754437,0.0,36545.0
1719346958.810885,0.0,36545.0
1719346959.0455942,0.0,36545.0
1719346959.2798884,0.0,36545.0
1719346959.5132349,0.0,36545.0
1719346959.7468562,0.0,36545.0
1719346959.9779887,0.0,36545.0
1719346960.209809,0.0,36545.0
1719346960.458974,0.0,36545.0
1719346960.6897802,0.0,36545.0
1719346960.9233994,0.0,36545.0
1719346961.1607666,0.0,36545.0
1719346961.3922331,0.0,36545.0
1719346961.6250427,0.0,36545.0
1719346961.8572679,0.0,36545.0
1719346962.090935,0.0,36545.0
1719346962.325131,0.0,36545.0
1719346962.5538628,0.0,36545.0
1719346962.7878344,0.0,36545.0
1719346963.021238,0.0,36545.0
1719346963.253731,0.0,36545.0
1719346963.487529,0.0,36545.0
1719346963.718888,0.0,36545.0
1719346963.950551,0.0,36545.0
1719346964.190142,0.0,36545.0
1719346964.4237082,0.0,36545.0
1719346964.6551871,0.0,36545.0
1719346964.886232,0.0,36545.0
1719346965.1204858,0.0,36545.0
1719346965.3488915,0.0,36545.0
1719346965.580319,0.0,36545.0
1719346965.8067281,0.0,36545.0
1719346966.0401073,0.0,36545.0
1719346966.2734876,0.0,36545.0
1719346966.5073304,0.0,36545.0
1719346966.73936,0.0,36545.0
1719346966.9683788,0.0,36545.0
1719346967.197688,0.0,36545.0
1719346967.4272084,0.0,36545.0
1719346967.658561,0.0,36545.0
1719346967.8860073,0.0,36545.0
1719346968.118033,0.0,36545.0
1719346968.3457332,0.0,36545.0
1719346968.5787425,0.0,36545.0
1719346968.8104084,0.0,36545.0
1719346969.0445096,0.0,36545.0
1719346969.2728057,0.0,36545.0
1719346969.501544,0.0,36545.0
1719346969.7327447,0.0,36545.0
1719346969.9664063,0.0,36545.0
1719346970.208714,0.0,36545.0
1719346970.438903,0.0,36545.0
1719346970.670746,0.0,36545.0
1719346970.902443,0.0,36545.0
1719346971.1352556,0.0,36545.0
1719346971.3675957,0.0,36545.0
1719346971.6013272,0.0,36545.0
1719346971.8344867,0.0,36545.0
1719346972.0674002,0.0,36545.0
1719346972.299738,0.0,36545.0
1719346972.5290701,0.0,36545.0
1719346972.7605457,0.0,36545.0
1719346972.9915051,0.0,36545.0
1719346973.2216218,0.0,36545.0
1719346973.452859,0.0,36545.0
1719346973.6877398,0.0,36545.0
1719346973.920099,0.0,36545.0
1719346974.1572018,0.0,36545.0
1719346974.3900006,0.0,36545.0
1719346974.6211028,0.0,36545.0
1719346974.8525193,0.0,36545.0
1719346975.0853798,0.0,36545.0
1719346975.3173964,0.0,36545.0
1719346975.5515766,0.0,36545.0
1719346975.783009,0.0,36545.0
1719346976.0154018,0.0,36545.0
1719346976.2475972,0.0,36545.0
1719346976.4799967,0.0,36545.0
1719346976.7110982,0.0,36545.0
1719346976.9429839,0.0,36545.0
1719346977.1727796,0.0,36545.0
1719346977.4071097,0.0,36545.0
1719346977.6387393,0.0,36545.0
1719346977.870709,0.0,36545.0
1719346978.1010318,0.0,36545.0
1719346978.3312788,0.0,36545.0
1719346978.5630696,0.0,36545.0
1719346978.7951667,0.0,36545.0
1719346979.0241213,0.0,36545.0
1719346979.2491305,0.0,36545.0
1719346979.4844432,0.0,36545.0
1719346979.7142384,0.0,36545.0
1719346979.9408638,0.0,36545.0
1719346980.1704416,0.0,36545.0
1719346980.3954585,0.0,36545.0
1719346980.628381,0.0,36545.0
1719346980.859429,0.0,36545.0
1719346981.0917711,0.0,36545.0
1719346981.346076,0.0,36545.0
1719346981.610757,0.0,36545.0
1719346981.872151,0.0,36545.0
1719346982.1374855,0.0,36545.0
1719346982.3683887,0.0,36545.0
1719346982.600194,0.0,36545.0
1719346982.8625371,0.0,36545.0
1719346983.0975595,0.0,36545.0
1719346983.3468523,0.0,36545.0
1719346983.5803792,0.0,36545.0
1719346983.8186855,0.0,36545.0
1719346984.0576158,0.0,36545.0
1719346984.2968135,0.0,36545.0
1719346984.5345268,0.0,36545.0
1719346984.7711089,0.0,36545.0
1719346985.0042107,0.0,36545.0
1719346985.2406812,0.0,36545.0
1719346985.478573,0.0,36545.0
1719346985.7068331,0.0,36545.0
1719346985.937519,0.0,36545.0
1719346986.1744757,0.0,36545.0
1719346986.4183636,0.0,36545.0
1719346986.6533637,0.0,36545.0
1719346986.886358,0.0,36545.0
1719346987.1242208,0.0,36545.0
1719346987.360435,0.0,36545.0
1719346987.6016862,0.0,36545.0
1719346987.838044,0.0,36545.0
1719346988.0699258,0.0,36545.0
1719346988.3061025,0.0,36545.0
1719346988.5454288,0.0,36545.0
1719346988.7797184,0.0,36545.0
1719346989.0191708,0.0,36545.0
1719346989.2540278,0.0,36545.0
1719346989.489706,0.0,36545.0
1719346989.7286708,0.0,36545.0
1719346989.9599845,0.0,36545.0
1719346990.196954,0.0,36545.0
1719346990.4401689,0.0,36545.0
1719346990.6750193,0.0,36545.0
1719346990.9151962,0.0,36545.0
1719346991.1497602,0.0,36545.0
1719346991.3815575,0.0,36545.0
1719346991.6139631,0.0,36545.0
1719346991.8494039,0.0,36545.0
1719346992.0867634,0.0,36545.0
1719346992.3194468,0.0,36545.0
1719346992.5570476,0.0,36545.0
1719346992.7875488,0.0,36545.0
1719346993.0244377,0.0,36545.0
1719346993.2598264,0.0,36545.0
1719346993.4988832,0.0,36545.0
1719346993.7374196,0.0,36545.0
1719346993.9688113,0.0,36545.0
1719346994.2080722,0.0,36545.0
1719346994.4434946,0.0,36545.0
1719346994.6815987,0.0,36545.0
1719346994.9207397,0.0,36545.0
1719346995.1590285,0.0,36545.0
1719346995.3991,0.0,36545.0
1719346995.6307416,0.0,36545.0
1719346995.8680727,0.0,36545.0
1719346996.0983534,0.0,36545.0
1719346996.3326402,0.0,36545.0
1719346996.5714822,0.0,36545.0
1719346996.80832,0.0,36545.0
1719346997.0472732,0.0,36545.0
1719346997.280814,0.0,36545.0
1719346997.5183947,0.0,36545.0
1719346997.7559047,0.0,36545.0
1719346997.9908922,0.0,36545.0
1719346998.2315488,0.0,36545.0
1719346998.4651697,0.0,36545.0
1719346998.6985157,0.0,36545.0
1719346998.9330113,0.0,36545.0
1719346999.174694,0.0,36545.0
1719346999.4118383,0.0,36545.0
1719346999.6483657,0.0,36545.0
1719346999.8823507,0.0,36545.0
1719347000.1191053,0.0,36545.0
1719347000.3564622,0.0,36545.0
1719347000.5929554,0.0,36545.0
1719347000.8326564,0.0,36545.0
1719347001.0702395,0.0,36545.0
1719347001.3069732,0.0,36545.0
1719347001.5438282,0.0,36545.0
1719347001.7773254,0.0,36545.0
1719347002.0139174,0.0,36545.0
1719347002.2498558,0.0,36545.0
1719347002.486389,0.0,36545.0
1719347002.7226264,0.0,36545.0
1719347002.9549146,0.0,36545.0
1719347003.1962712,0.0,36545.0
1719347003.4308164,0.0,36545.0
1719347003.6662118,0.0,36545.0
1719347003.905925,0.0,36545.0
1719347004.1389344,0.0,36545.0
1719347004.36999,0.0,36545.0
1719347004.6095583,0.0,36545.0
1719347004.849451,0.0,36545.0
1719347005.084859,0.0,36545.0
1719347005.3221657,0.0,36545.0
1719347005.5549762,0.0,36545.0
1719347005.7943869,0.0,36545.0
1719347006.0292451,0.0,36545.0
1719347006.2651758,0.0,36545.0
1719347006.5064561,0.0,36545.0
1719347006.740516,0.0,36545.0
1719347006.974226,0.0,36545.0
1719347007.2090797,0.0,36545.0
1719347007.4372818,0.0,36545.0
1719347007.674669,0.0,36545.0
1719347007.9102619,0.0,36545.0
1719347008.1473715,0.0,36545.0
1719347008.3764749,0.0,36545.0
1719347008.6128426,0.0,36545.0
1719347008.848874,0.0,36545.0
1719347009.0867138,0.0,36545.0
1719347009.3232844,0.0,36545.0
1719347009.5578547,0.0,36545.0
1719347009.7941346,0.0,36545.0
1719347010.024033,0.0,36545.0
1719347010.260279,0.0,36545.0
1719347010.4927022,0.0,36545.0
1719347010.7215352,0.0,36545.0
1719347010.9579773,0.0,36545.0
1719347011.1930065,0.0,36545.0
1719347011.4330497,0.0,36545.0
1719347011.670418,0.0,36545.0
1719347011.9072738,0.0,36545.0
1719347012.1386409,0.0,36545.0
1719347012.3728056,0.0,36545.0
1719347012.6059458,0.0,36545.0
1719347012.8378234,0.0,36545.0
1719347013.078135,0.0,36545.0
1719347013.313376,0.0,36545.0
1719347013.5513582,0.0,36545.0
1719347013.7895777,0.0,36545.0
1719347014.0305138,0.0,36545.0
1719347014.270373,0.0,36545.0
1719347014.5147076,0.0,36545.0
1719347014.7529008,0.0,36545.0
1719347014.9895637,0.0,36545.0
1719347015.297447,0.0,36545.0
1719347015.54045,0.0,36545.0
1719347015.810168,0.0,36545.0
1719347016.04526,0.0,36545.0
1719347016.2795613,0.0,36545.0
1719347016.5447593,0.0,36545.0
1719347016.7754922,0.0,36545.0
1719347017.0099597,0.0,36545.0
1719347017.247383,0.0,36545.0
1719347017.4838524,0.0,36545.0
1719347017.7239509,0.0,36545.0
1719347017.9544117,0.0,36545.0
1719347018.1917791,0.0,36545.0
1719347018.4235911,0.0,36545.0
1719347018.6603808,0.0,36545.0
1719347018.8992016,0.0,36545.0
1719347019.1337557,0.0,36545.0
1719347019.3751998,0.0,36545.0
1719347019.6074557,0.0,36545.0
1719347019.8435123,0.0,36545.0
1719347020.0819545,0.0,36545.0
1719347020.3122149,0.0,36545.0
1719347020.5466619,0.0,36545.0
1719347020.783523,0.0,36545.0
1719347021.0199203,0.0,36545.0
1719347021.2539408,0.0,36545.0
1719347021.4894683,0.0,36545.0
1719347021.7337444,0.0,36545.0
1719347021.9675457,0.0,36545.0
1719347022.2041814,0.0,36545.0
1719347022.4386935,0.0,36545.0
1719347022.6763725,0.0,36545.0
1719347022.90874,0.0,36545.0
1719347023.145552,0.0,36545.0
1719347023.3761322,0.0,36545.0
1719347023.6090086,0.0,36545.0
1719347023.849217,0.0,36545.0
1719347024.0865147,0.0,36545.0
1719347024.322032,0.0,36545.0
1719347024.5585504,0.0,36545.0
1719347024.792971,0.0,36545.0
1719347025.0266132,0.0,36545.0
1719347025.260489,0.0,36545.0
1719347025.4906974,0.0,36545.0
1719347025.7301548,0.0,36545.0
1719347025.9661515,0.0,36545.0
1719347026.20267,0.0,36545.0
1719347026.4419847,0.0,36545.0
1719347026.6759837,0.0,36545.0
1719347026.9122465,0.0,36545.0
1719347027.1468637,0.0,36545.0
1719347027.3837554,0.0,36545.0
1719347027.6163874,0.0,36545.0
1719347027.8602366,0.0,36545.0
1719347028.0957744,0.0,36545.0
1719347028.3270762,0.0,36545.0
1719347028.5623746,0.0,36545.0
1719347028.7972944,0.0,36545.0
1719347029.028811,0.0,36545.0
1719347029.2607327,0.0,36545.0
1719347029.4958856,0.0,36545.0
1719347029.7347262,0.0,36545.0
1719347029.9696553,0.0,36545.0
1719347030.2092519,0.0,36545.0
1719347030.4489262,0.0,36545.0
1719347030.6789267,0.0,36545.0
1719347030.9161472,0.0,36545.0
1719347031.1542547,0.0,36545.0
1719347031.3930645,0.0,36545.0
1719347031.6316485,0.0,36545.0
1719347031.8666346,0.0,36545.0
1719347032.1069846,0.0,36545.0
1719347032.3453968,0.0,36545.0
1719347032.5835128,0.0,36545.0
1719347032.8206265,0.0,36545.0
1719347033.0578375,0.0,36545.0
1719347033.2951365,0.0,36545.0
1719347033.5321963,0.0,36545.0
1719347033.7713895,0.0,36545.0
1719347034.0078418,0.0,36545.0
1719347034.2425525,0.0,36545.0
1719347034.4729803,0.0,36545.0
1719347034.7096825,0.0,36545.0
1719347034.9469714,0.0,36545.0
1719347035.1844766,0.0,36545.0
1719347035.420963,0.0,36545.0
1719347035.6546574,0.0,36545.0
1719347035.887577,0.0,36545.0
1719347036.1269639,0.0,36545.0
1719347036.3603737,0.0,36545.0
1719347036.597187,0.0,36545.0
1719347036.8303256,0.0,36545.0
1719347037.0656934,0.0,36545.0
1719347037.3049803,0.0,36545.0
1719347037.535258,0.0,36545.0
1719347037.7754629,0.0,36545.0
1719347038.0083737,0.0,36545.0
1719347038.2477567,0.0,36545.0
1719347038.4839678,0.0,36545.0
1719347038.7176616,0.0,36545.0
1719347038.955387,0.0,36545.0
1719347039.1887143,0.0,36545.0
1719347039.4251842,0.0,36545.0
1719347039.661591,0.0,36545.0
1719347039.9003367,0.0,36545.0
1719347040.13851,0.0,36545.0
1719347040.3717191,0.0,36545.0
1719347040.6066477,0.0,36545.0
1719347040.8428142,0.0,36545.0
1719347041.0905645,0.0,36545.0
1719347041.32945,0.0,36545.0
1719347041.5661485,0.0,36545.0
1719347041.804703,0.0,36545.0
1719347042.041328,0.0,36545.0
1719347042.2800229,0.0,36545.0
1719347042.5144215,0.0,36545.0
1719347042.7521641,0.0,36545.0
1719347042.9889488,0.0,36545.0
1719347043.2347462,0.0,36545.0
1719347043.4736996,0.0,36545.0
1719347043.7076972,0.0,36545.0
1719347043.9449317,0.0,36545.0
1719347044.1788373,0.0,36545.0
1719347044.416502,0.0,36545.0
1719347044.6515155,0.0,36545.0
1719347044.8834462,0.0,36545.0
1719347045.119568,0.0,36545.0
1719347045.355652,0.0,36545.0
1719347045.597162,0.0,36545.0
1719347045.8293395,0.0,36545.0
1719347046.0652478,0.0,36545.0
1719347046.2980635,0.0,36545.0
1719347046.5257773,0.0,36545.0
1719347046.762609,0.0,36545.0
1719347046.9969056,0.0,36545.0
1719347047.2318668,0.0,36545.0
1719347047.4663632,0.0,36545.0
1719347047.6962502,0.0,36545.0
1719347047.92829,0.0,36545.0
1719347048.1630793,0.0,36545.0
1719347048.3974752,0.0,36545.0
1719347048.6905255,0.0,36545.0
1719347048.9277275,0.0,36545.0
1719347049.163416,0.0,36545.0
1719347049.403081,0.0,36545.0
1719347049.6563594,0.0,36545.0
1719347049.9225695,0.0,36545.0
1719347050.1920812,0.0,36545.0
1719347050.4254155,0.0,36545.0
1719347050.657974,0.0,36545.0
1719347050.9053974,0.0,36545.0
1719347051.152637,0.0,36545.0
1719347051.3866532,0.0,36545.0
1719347051.623392,0.0,36545.0
1719347051.860138,0.0,36545.0
1719347052.0952368,0.0,36545.0
1719347052.3256302,0.0,36545.0
1719347052.5621738,0.0,36545.0
1719347052.7972407,0.0,36545.0
1719347053.0330286,0.0,36545.0
1719347053.2695203,0.0,36545.0
1719347053.5060358,0.0,36545.0
1719347053.7391312,0.0,36545.0
1719347053.970026,0.0,36545.0
1719347054.2069046,0.0,36545.0
1719347054.441034,0.0,36545.0
1719347054.6760356,0.0,36545.0
1719347054.912486,0.0,36545.0
1719347055.1492822,0.0,36545.0
1719347055.3845398,0.0,36545.0
1719347055.6265538,0.0,36545.0
1719347055.8652172,0.0,36545.0
1719347056.096625,0.0,36545.0
1719347056.3332684,0.0,36545.0
1719347056.5712857,0.0,36545.0
1719347056.80839,0.0,36545.0
1719347057.0466692,0.0,36545.0
1719347057.28094,0.0,36545.0
1719347057.517306,0.0,36545.0
1719347057.7542074,0.0,36545.0
1719347057.9898145,0.0,36545.0
1719347058.2251458,0.0,36545.0
1719347058.4581802,0.0,36545.0
1719347058.6971104,0.0,36545.0
1719347058.9335277,0.0,36545.0
1719347059.1672711,0.0,36545.0
1719347059.39986,0.0,36545.0
1719347059.6315548,0.0,36545.0
1719347059.866069,0.0,36545.0
1719347060.1008027,0.0,36545.0
1719347060.3286371,0.0,36545.0
1719347060.5691993,0.0,36545.0
1719347060.8003545,0.0,36545.0
1719347061.0369332,0.0,36545.0
1719347061.2734525,0.0,36545.0
1719347061.512619,0.0,36545.0
1719347061.7501137,0.0,36545.0
1719347061.9870293,0.0,36545.0
1719347062.2240677,0.0,36545.0
1719347062.45925,0.0,36545.0
1719347062.6976752,0.0,36545.0
1719347062.9296558,0.0,36545.0
1719347063.1657782,0.0,36545.0
1719347063.4038208,0.0,36545.0
1719347063.6357431,0.0,36545.0
1719347063.8723722,0.0,36545.0
1719347064.106841,0.0,36545.0
1719347064.3443775,0.0,36545.0
1719347064.5794883,0.0,36545.0
1719347064.8190768,0.0,36545.0
1719347065.0545003,0.0,36545.0
1719347065.288164,0.0,36545.0
1719347065.5297856,0.0,36545.0
1719347065.7647192,0.0,36545.0
1719347065.9969628,0.0,36545.0
1719347066.2329876,0.0,36545.0
1719347066.4735982,0.0,36545.0
1719347066.7097647,0.0,36545.0
1719347066.9392703,0.0,36545.0
1719347067.1755192,0.0,36545.0
1719347067.4122758,0.0,36545.0
1719347067.6523678,0.0,36545.0
1719347067.8850842,0.0,36545.0
1719347068.120665,0.0,36545.0
1719347068.355881,0.0,36545.0
1719347068.5929615,0.0,36545.0
1719347068.8291698,0.0,36545.0
1719347069.0617492,0.0,36545.0
1719347069.2982054,0.0,36545.0
1719347069.547028,0.0,36545.0
1719347069.7780416,0.0,36545.0
1719347070.011002,0.0,36545.0
1719347070.2437975,0.0,36545.0
1719347070.483933,0.0,36545.0
1719347070.720521,0.0,36545.0
1719347070.9538348,0.0,36545.0
1719347071.1912236,0.0,36545.0
1719347071.4269345,0.0,36545.0
1719347071.6624985,0.0,36545.0
1719347071.898989,0.0,36545.0
1719347072.1341598,0.0,36545.0
1719347072.3697567,0.0,36545.0
1719347072.601978,0.0,36545.0
1719347072.8328454,0.0,36545.0
1719347073.0667717,0.0,36545.0
1719347073.2992046,0.0,36545.0
1719347073.5362482,0.0,36545.0
1719347073.7684615,0.0,36545.0
1719347074.0027943,0.0,36545.0
1719347074.2391968,0.0,36545.0
1719347074.4759793,0.0,36545.0
1719347074.7136557,0.0,36545.0
1719347074.949924,0.0,36545.0
1719347075.1837997,0.0,36545.0
1719347075.4179428,0.0,36545.0
1719347075.6545866,0.0,36545.0
1719347075.892437,0.0,36545.0
1719347076.1246886,0.0,36545.0
1719347076.3581932,0.0,36545.0
1719347076.5938137,0.0,36545.0
1719347076.8317673,0.0,36545.0
1719347077.0665207,0.0,36545.0
1719347077.3050082,0.0,36545.0
1719347077.5417461,0.0,36545.0
1719347077.7753365,0.0,36545.0
1719347078.0118427,0.0,36545.0
1719347078.2481177,0.0,36545.0
1719347078.487805,0.0,36545.0
1719347078.7266026,0.0,36545.0
1719347078.9658666,0.0,36545.0
1719347079.202427,0.0,36545.0
1719347079.4465826,0.0,36545.0
1719347079.6869092,0.0,36545.0
1719347079.9250045,0.0,36545.0
1719347080.1640217,0.0,36545.0
1719347080.3944252,0.0,36545.0
1719347080.6337533,0.0,36545.0
1719347080.8710508,0.0,36545.0
1719347081.111844,0.0,36545.0
1719347081.3501658,0.0,36545.0
1719347081.5887125,0.0,36545.0
1719347081.8210566,0.0,36545.0
1719347082.0551367,0.0,36545.0
1719347082.293364,0.0,36545.0
1719347082.5231686,0.0,36545.0
1719347082.7605817,0.0,36545.0
1719347082.9977982,0.0,36545.0
1719347083.2334821,0.0,36545.0
1719347083.4728744,0.0,36545.0
1719347083.7076159,0.0,36545.0
1719347083.9434946,0.0,36545.0
1719347084.2482452,0.0,36545.0
1719347084.4884953,0.0,36545.0
1719347084.7256439,0.0,36545.0
1719347084.9992135,0.0,36545.0
1719347085.2364213,0.0,36545.0
1719347085.5030136,0.0,36545.0
1719347085.7392561,0.0,36545.0
1719347085.9759815,0.0,36545.0
1719347086.2146504,0.0,36545.0
1719347086.4507666,0.0,36545.0
1719347086.6800761,0.0,36545.0
1719347086.9136066,0.0,36545.0
1719347087.150226,0.0,36545.0
1719347087.389944,0.0,36545.0
1719347087.6270144,0.0,36545.0
1719347087.8636222,0.0,36545.0
1719347088.103819,0.0,36545.0
1719347088.3397553,0.0,36545.0
1719347088.5740113,0.0,36545.0
1719347088.811073,0.0,36545.0
1719347089.0452478,0.0,36545.0
1719347089.2811496,0.0,36545.0
1719347089.5128098,0.0,36545.0
1719347089.7452052,0.0,36545.0
1719347089.9710774,0.0,36545.0
1719347090.2057645,0.0,36545.0
1719347090.4413853,0.0,36545.0
1719347090.6761653,0.0,36545.0
1719347090.911108,0.0,36545.0
1719347091.14557,0.0,36545.0
1719347091.381752,0.0,36545.0
1719347091.617408,0.0,36545.0
1719347091.8556902,0.0,36545.0
1719347092.092812,0.0,36545.0
1719347092.3362136,0.0,36545.0
1719347092.5665114,0.0,36545.0
1719347092.803926,0.0,36545.0
1719347093.039494,0.0,36545.0
1719347093.2716515,0.0,36545.0
1719347093.5074825,0.0,36545.0
1719347093.7460861,0.0,36545.0
1719347093.9853938,0.0,36545.0
1719347094.2198453,0.0,36545.0
1719347094.451321,0.0,36545.0
1719347094.6879196,0.0,36545.0
1719347094.9238975,0.0,36545.0
1719347095.163405,0.0,36545.0
1719347095.3982942,0.0,36545.0
1719347095.6346173,0.0,36545.0
1719347095.8703399,0.0,36545.0
1719347096.1080422,0.0,36545.0
1719347096.3501418,0.0,36545.0
1719347096.5844216,0.0,36545.0
1719347096.8225954,0.0,36545.0
1719347097.0582519,0.0,36545.0
1719347097.2957966,0.0,36545.0
1719347097.5304976,0.0,36545.0
1719347097.762504,0.0,36545.0
1719347098.0012338,0.0,36545.0
1719347098.2329206,0.0,36545.0
1719347098.4708097,0.0,36545.0
1719347098.7056696,0.0,36545.0
1719347098.9411876,0.0,36545.0
1719347099.180139,0.0,36545.0
1719347099.4104385,0.0,36545.0
1719347099.649813,0.0,36545.0
1719347099.8828723,0.0,36545.0
1719347100.1191883,0.0,36545.0
1719347100.353747,0.0,36545.0
1719347100.5863993,0.0,36545.0
1719347100.8230512,0.0,36545.0
1719347101.0558155,0.0,36545.0
1719347101.289469,0.0,36545.0
1719347101.5233934,0.0,36545.0
1719347101.7591512,0.0,36545.0
1719347101.9937205,0.0,36545.0
1719347102.2286754,0.0,36545.0
1719347102.464754,0.0,36545.0
1719347102.6961868,0.0,36545.0
1719347102.9327404,0.0,36545.0
1719347103.1681871,0.0,36545.0
1719347103.4054089,0.0,36545.0
1719347103.638779,0.0,36545.0
1719347103.8737807,0.0,36545.0
1719347104.1088982,0.0,36545.0
1719347104.3484297,0.0,36545.0
1719347104.5842948,0.0,36545.0
1719347104.821223,0.0,36545.0
1719347105.05785,0.0,36545.0
1719347105.295235,0.0,36545.0
1719347105.531341,0.0,36545.0
1719347105.76714,0.0,36545.0
1719347106.0027113,0.0,36545.0
1719347106.2348425,0.0,36545.0
1719347106.4726741,0.0,36545.0
1719347106.7048028,0.0,36545.0
1719347106.9405499,0.0,36545.0
1719347107.1737742,0.0,36545.0
1719347107.4184792,0.0,36545.0
1719347107.6502974,0.0,36545.0
1719347107.888235,0.0,36545.0
1719347108.12785,0.0,36545.0
1719347108.3673124,0.0,36545.0
1719347108.61281,0.0,36545.0
1719347108.8834033,0.0,36545.0
1719347109.1218998,0.0,36545.0
1719347109.3597486,0.0,36545.0
1719347109.5954473,0.0,36545.0
1719347109.835111,0.0,36545.0
1719347110.0649915,0.0,36545.0
1719347110.297919,0.0,36545.0
1719347110.5360372,0.0,36545.0
1719347110.774138,0.0,36545.0
1719347111.0068557,0.0,36545.0
1719347111.2414863,0.0,36545.0
1719347111.478815,0.0,36545.0
1719347111.7149205,0.0,36545.0
1719347111.9511402,0.0,36545.0
1719347112.1898375,0.0,36545.0
1719347112.42147,0.0,36545.0
1719347112.6590526,0.0,36545.0
1719347112.8897674,0.0,36545.0
1719347113.1267433,0.0,36545.0
1719347113.362391,0.0,36545.0
1719347113.5935678,0.0,36545.0
1719347113.8306887,0.0,36545.0
1719347114.0652952,0.0,36545.0
1719347114.3002698,0.0,36545.0
1719347114.538006,0.0,36545.0
1719347114.7734146,0.0,36545.0
1719347115.0103316,0.0,36545.0
1719347115.2411606,0.0,36545.0
1719347115.4797857,0.0,36545.0
1719347115.708815,0.0,36545.0
1719347115.947327,0.0,36545.0
1719347116.1816094,0.0,36545.0
1719347116.415398,0.0,36545.0
1719347116.650737,0.0,36545.0
1719347116.8841732,0.0,36545.0
1719347117.1224427,0.0,36545.0
1719347117.3589666,0.0,36545.0
1719347117.5988724,0.0,36545.0
1719347117.837309,0.0,36545.0
1719347118.0967345,0.0,36545.0
1719347118.333762,0.0,36545.0
1719347118.6317506,0.0,36545.0
1719347118.8706186,0.0,36545.0
1719347119.0997858,0.0,36545.0
1719347119.3655372,0.0,36545.0
1719347119.6283743,0.0,36545.0
1719347119.8679254,0.0,36545.0
1719347120.0973682,0.0,36545.0
1719347120.3293726,0.0,36545.0
1719347120.5644658,0.0,36545.0
1719347120.7963336,0.0,36545.0
1719347121.0417638,0.0,36545.0
1719347121.2776003,0.0,36545.0
1719347121.5144837,0.0,36545.0
1719347121.74754,0.0,36545.0
1719347121.9857595,0.0,36545.0
1719347122.219199,0.0,36545.0
1719347122.4513724,0.0,36545.0
1719347122.6870391,0.0,36545.0
1719347122.9229553,0.0,36545.0
1719347123.165464,0.0,36545.0
1719347123.396456,0.0,36545.0
1719347123.6350029,0.0,36545.0
1719347123.868711,0.0,36545.0
1719347124.1057668,0.0,36545.0
1719347124.3394394,0.0,36545.0
1719347124.5743678,0.0,36545.0
1719347124.8103366,0.0,36545.0
1719347125.044604,0.0,36545.0
1719347125.2823215,0.0,36545.0
1719347125.513814,0.0,36545.0
1719347125.7450328,0.0,36545.0
1719347125.9826493,0.0,36545.0
1719347126.2143936,0.0,36545.0
1719347126.4523602,0.0,36545.0
1719347126.6855278,0.0,36545.0
1719347126.92215,0.0,36545.0
1719347127.1616225,0.0,36545.0
1719347127.3977985,0.0,36545.0
1719347127.6370163,0.0,36545.0
1719347127.8697324,0.0,36545.0
1719347128.1085837,0.0,36545.0
1719347128.345446,0.0,36545.0
1719347128.579906,0.0,36545.0
1719347128.8194163,0.0,36545.0
1719347129.060556,0.0,36545.0
1719347129.2963064,0.0,36545.0
1719347129.5340798,0.0,36545.0
1719347129.7789845,0.0,36545.0
1719347130.014655,0.0,36545.0
1719347130.254047,0.0,36545.0
1719347130.4941761,0.0,36545.0
1719347130.7312388,0.0,36545.0
1719347130.969586,0.0,36545.0
1719347131.2048068,0.0,36545.0
1719347131.439005,0.0,36545.0
1719347131.6774063,0.0,36545.0
1719347131.915102,0.0,36545.0
1719347132.1530101,0.0,36545.0
1719347132.3902683,0.0,36545.0
1719347132.6360607,0.0,36545.0
1719347132.8731172,0.0,36545.0
1719347133.1129415,0.0,36545.0
1719347133.3432555,0.0,36545.0
1719347133.5789473,0.0,36545.0
1719347133.8174157,0.0,36545.0
1719347134.04788,0.0,36545.0
1719347134.2811992,0.0,36545.0
1719347134.5169504,0.0,36545.0
1719347134.759463,0.0,36545.0
1719347134.9953575,0.0,36545.0
1719347135.2354567,0.0,36545.0
1719347135.4720106,0.0,36545.0
1719347135.710544,0.0,36545.0
1719347135.9490228,0.0,36545.0
1719347136.188045,0.0,36545.0
1719347136.4212394,0.0,36545.0
1719347136.6569357,0.0,36545.0
1719347136.8968046,0.0,36545.0
1719347137.1295266,0.0,36545.0
1719347137.3645759,0.0,36545.0
1719347137.600395,0.0,36545.0
1719347137.8337839,0.0,36545.0
1719347138.0719068,0.0,36545.0
1719347138.3084643,0.0,36545.0
1719347138.5488422,0.0,36545.0
1719347138.7859843,0.0,36545.0
1719347139.0205405,0.0,36545.0
1719347139.2585614,0.0,36545.0
1719347139.498295,0.0,36545.0
1719347139.7358158,0.0,36545.0
1719347139.9738793,0.0,36545.0
1719347140.2111545,0.0,36545.0
1719347140.4440866,0.0,36545.0
1719347140.6827064,0.0,36545.0
1719347140.9221742,0.0,36545.0
1719347141.1591654,0.0,36545.0
1719347141.3946016,0.0,36545.0
1719347141.6305332,0.0,36545.0
1719347141.8690417,0.0,36545.0
1719347142.102195,0.0,36545.0
1719347142.335404,0.0,36545.0
1719347142.571807,0.0,36545.0
1719347142.8078148,0.0,36545.0
1719347143.0456161,0.0,36545.0
1719347143.2772732,0.0,36545.0
1719347143.5143838,0.0,36545.0
1719347143.7516248,0.0,36545.0
1719347143.984219,0.0,36545.0
1719347144.2189083,0.0,36545.0
1719347144.4547963,0.0,36545.0
1719347144.6934125,0.0,36545.0
1719347144.928314,0.0,36545.0
1719347145.1649895,0.0,36545.0
1719347145.401452,0.0,36545.0
1719347145.635563,0.0,36545.0
1719347145.8746555,0.0,36545.0
1719347146.1119902,0.0,36545.0
1719347146.3495393,0.0,36545.0
1719347146.5835576,0.0,36545.0
1719347146.8214924,0.0,36545.0
1719347147.0535846,0.0,36545.0
1719347147.289438,0.0,36545.0
1719347147.5344262,0.0,36545.0
1719347147.7690778,0.0,36545.0
1719347148.0061064,0.0,36545.0
1719347148.238789,0.0,36545.0
1719347148.4690187,0.0,36545.0
1719347148.704722,0.0,36545.0
1719347148.9433706,0.0,36545.0
1719347149.1805851,0.0,36545.0
1719347149.4172525,0.0,36545.0
1719347149.6563056,0.0,36545.0
1719347149.8915627,0.0,36545.0
1719347150.1300232,0.0,36545.0
1719347150.365002,0.0,36545.0
1719347150.599853,0.0,36545.0
1719347150.8376386,0.0,36545.0
1719347151.071896,0.0,36545.0
1719347151.3085458,0.0,36545.0
1719347151.5400128,0.0,36545.0
1719347151.7783701,0.0,36545.0
1719347152.0129616,0.0,36545.0
1719347152.2525463,0.0,36545.0
1719347152.4833472,0.0,36545.0
1719347152.7358296,0.0,36545.0
1719347153.0059235,0.0,36545.0
1719347153.269431,0.0,36545.0
1719347153.5156195,0.0,36545.0
1719347153.7494352,0.0,36545.0
1719347154.022534,0.0,36545.0
1719347154.2864196,0.0,36545.0
1719347154.5206213,0.0,36545.0
1719347154.7581284,0.0,36545.0
1719347154.9972107,0.0,36545.0
1719347155.2331429,0.0,36545.0
1719347155.470586,0.0,36545.0
1719347155.709373,0.0,36545.0
1719347155.9478922,0.0,36545.0
1719347156.1862843,0.0,36545.0
1719347156.423507,0.0,36545.0
1719347156.661941,0.0,36545.0
1719347156.898259,0.0,36545.0
1719347157.1354983,0.0,36545.0
1719347157.371055,0.0,36545.0
1719347157.6127312,0.0,36545.0
1719347157.8502095,0.0,36545.0
1719347158.0862846,0.0,36545.0
1719347158.3187838,0.0,36545.0
1719347158.552813,0.0,36545.0
1719347158.7936,0.0,36545.0
1719347159.0332873,0.0,36545.0
1719347159.2708545,0.0,36545.0
1719347159.5082603,0.0,36545.0
1719347159.7371879,0.0,36545.0
1719347159.9752367,0.0,36545.0
1719347160.209233,0.0,36545.0
1719347160.4474342,0.0,36545.0
1719347160.6881044,0.0,36545.0
1719347160.9246173,0.0,36545.0
1719347161.1658285,0.0,36545.0
1719347161.4027221,0.0,36545.0
1719347161.6404028,0.0,36545.0
1719347161.8755922,0.0,36545.0
1719347162.1128058,0.0,36545.0
1719347162.3497355,0.0,36545.0
1719347162.5882776,0.0,36545.0
1719347162.827439,0.0,36545.0
1719347163.0587733,0.0,36545.0
1719347163.2945197,0.0,36545.0
1719347163.5309892,0.0,36545.0
1719347163.766326,0.0,36545.0
1719347164.002199,0.0,36545.0
1719347164.2388792,0.0,36545.0
1719347164.4715402,0.0,36545.0
1719347164.704811,0.0,36545.0
1719347164.9437225,0.0,36545.0
1719347165.179767,0.0,36545.0
1719347165.416522,0.0,36545.0
1719347165.6547785,0.0,36545.0
1719347165.8944342,0.0,36545.0
1719347166.1372633,0.0,36545.0
1719347166.3840427,0.0,36545.0
1719347166.6322901,0.0,36545.0
1719347166.876531,0.0,36545.0
1719347167.1085355,0.0,36545.0
1719347167.344513,0.0,36545.0
1719347167.5814426,0.0,36545.0
1719347167.8169584,0.0,36545.0
1719347168.052283,0.0,36545.0
1719347168.2836092,0.0,36545.0
1719347168.5217865,0.0,36545.0
1719347168.7616684,0.0,36545.0
1719347169.001714,0.0,36545.0
1719347169.235407,0.0,36545.0
1719347169.465152,0.0,36545.0
1719347169.7013168,0.0,36545.0
1719347169.9350717,0.0,36545.0
1719347170.407527,0.0,36545.0
1719347170.6762025,0.0,36545.0
1719347170.912886,0.0,36545.0
1719347171.144611,0.0,36545.0
1719347171.3783045,0.0,36545.0
1719347171.6108704,0.0,36545.0
1719347171.8455522,0.0,36545.0
1719347172.0812244,0.0,36545.0
1719347172.3180683,0.0,36545.0
1719347172.554304,0.0,36545.0
1719347172.7873209,0.0,36545.0
1719347173.01694,0.0,36545.0
1719347173.247282,0.0,36545.0
1719347173.4823654,0.0,36545.0
1719347173.7182357,0.0,36545.0
1719347173.9583607,0.0,36545.0
1719347174.189432,0.0,36545.0
1719347174.4272912,0.0,36545.0
1719347174.6609843,0.0,36545.0
1719347174.8941796,0.0,36545.0
1719347175.1343293,0.0,36545.0
1719347175.365169,0.0,36545.0
1719347175.6007223,0.0,36545.0
1719347175.8347533,0.0,36545.0
1719347176.0701997,0.0,36545.0
1719347176.3008173,0.0,36545.0
1719347176.5299604,0.0,36545.0
1719347176.7687316,0.0,36545.0
1719347177.0065835,0.0,36545.0
1719347177.2414882,0.0,36545.0
1719347177.4820583,0.0,36545.0
1719347177.717581,0.0,36545.0
1719347177.9495316,0.0,36545.0
1719347178.1865435,0.0,36545.0
1719347178.4200442,0.0,36545.0
1719347178.6521697,0.0,36545.0
1719347178.8857546,0.0,36545.0
1719347179.1194355,0.0,36545.0
1719347179.35897,0.0,36545.0
1719347179.5954254,0.0,36545.0
1719347179.8305178,0.0,36545.0
1719347180.0619667,0.0,36545.0
1719347180.295484,0.0,36545.0
1719347180.5317514,0.0,36545.0
1719347180.7687347,0.0,36545.0
1719347181.0025592,0.0,36545.0
1719347181.2363112,0.0,36545.0
1719347181.4720864,0.0,36545.0
1719347181.7066026,0.0,36545.0
1719347181.940662,0.0,36545.0
1719347182.1717436,0.0,36545.0
1719347182.4068918,0.0,36545.0
1719347182.6475523,0.0,36545.0
1719347182.884809,0.0,36545.0
1719347183.1227221,0.0,36545.0
1719347183.3553843,0.0,36545.0
1719347183.5914078,0.0,36545.0
1719347183.8278184,0.0,36545.0
1719347184.0660663,0.0,36545.0
1719347184.3027747,0.0,36545.0
1719347184.5431452,0.0,36545.0
1719347184.77682,0.0,36545.0
1719347185.0139759,0.0,36545.0
1719347185.243343,0.0,36545.0
1719347185.4774566,0.0,36545.0
1719347185.7127676,0.0,36545.0
1719347185.9512632,0.0,36545.0
1719347186.189659,0.0,36545.0
1719347186.4274955,0.0,36545.0
1719347186.6642077,0.0,36545.0
1719347186.8998866,0.0,36545.0
1719347187.1288118,0.0,36545.0
1719347187.3626647,0.0,36545.0
1719347187.5933309,0.0,36545.0
1719347187.8433497,0.0,36545.0
1719347188.0822277,0.0,36545.0
1719347188.360279,0.0,36545.0
1719347188.6219213,0.0,36545.0
1719347188.857579,0.0,36545.0
1719347189.0924675,0.0,36545.0
1719347189.3256865,0.0,36545.0
1719347189.5608408,0.0,36545.0
1719347189.8172557,0.0,36545.0
1719347190.0537343,0.0,36545.0
1719347190.289291,0.0,36545.0
1719347190.5316489,0.0,36545.0
1719347190.7688394,0.0,36545.0
1719347191.0052686,0.0,36545.0
1719347191.2405894,0.0,36545.0
1719347191.4708743,0.0,36545.0
1719347191.7029572,0.0,36545.0
1719347191.9397242,0.0,36545.0
1719347192.17479,0.0,36545.0
1719347192.415529,0.0,36545.0
1719347192.649662,0.0,36545.0
1719347192.8869092,0.0,36545.0
1719347193.1208103,0.0,36545.0
1719347193.3595426,0.0,36545.0
1719347193.5970874,0.0,36545.0
1719347193.8331792,0.0,36545.0
1719347194.0707304,0.0,36545.0
1719347194.3018234,0.0,36545.0
1719347194.5398324,0.0,36545.0
1719347194.768849,0.0,36545.0
1719347195.0052202,0.0,36545.0
1719347195.2382426,0.0,36545.0
1719347195.4746192,0.0,36545.0
1719347195.7081614,0.0,36545.0
1719347195.946585,0.0,36545.0
1719347196.1863484,0.0,36545.0
1719347196.4199955,0.0,36545.0
1719347196.6571858,0.0,36545.0
1719347196.8941584,0.0,36545.0
1719347197.1293805,0.0,36545.0
1719347197.365544,0.0,36545.0
1719347197.6017659,0.0,36545.0
1719347197.8384082,0.0,36545.0
1719347198.0806777,0.0,36545.0
1719347198.3159902,0.0,36545.0
1719347198.548855,0.0,36545.0
1719347198.7801857,0.0,36545.0
1719347199.0167165,0.0,36545.0
1719347199.2565017,0.0,36545.0
1719347199.4976761,0.0,36545.0
1719347199.734488,0.0,36545.0
1719347199.96699,0.0,36545.0
1719347200.1943939,0.0,36545.0
1719347200.428639,0.0,36545.0
1719347200.6663926,0.0,36545.0
1719347200.9046333,0.0,36545.0
1719347201.1422172,0.0,36545.0
1719347201.380644,0.0,36545.0
1719347201.6155035,0.0,36545.0
1719347201.8535273,0.0,36545.0
1719347202.0953622,0.0,36545.0
1719347202.336771,0.0,36545.0
1719347202.5752373,0.0,36545.0
1719347202.8148794,0.0,36545.0
1719347203.0495949,0.0,36545.0
1719347203.2869928,0.0,36545.0
1719347203.5227284,0.0,36545.0
1719347203.757827,0.0,36545.0
1719347203.995007,0.0,36545.0
1719347204.2255032,0.0,36545.0
1719347204.4681356,0.0,36545.0
1719347204.7106411,0.0,36545.0
1719347204.9486136,0.0,36545.0
1719347205.1792107,0.0,36545.0
1719347205.41455,0.0,36545.0
1719347205.6495197,0.0,36545.0
1719347205.88736,0.0,36545.0
1719347206.1244466,0.0,36545.0
1719347206.3642232,0.0,36545.0
1719347206.603162,0.0,36545.0
1719347206.8350472,0.0,36545.0
1719347207.0682046,0.0,36545.0
1719347207.2996874,0.0,36545.0
1719347207.529312,0.0,36545.0
1719347207.7670822,0.0,36545.0
1719347208.0090246,0.0,36545.0
1719347208.2497826,0.0,36545.0
1719347208.4827933,0.0,36545.0
1719347208.7248151,0.0,36545.0
1719347208.9587045,0.0,36545.0
1719347209.193485,0.0,36545.0
1719347209.4311202,0.0,36545.0
1719347209.6632755,0.0,36545.0
1719347209.9037507,0.0,36545.0
1719347210.1414669,0.0,36545.0
1719347210.3754332,0.0,36545.0
1719347210.6075354,0.0,36545.0
1719347210.8408012,0.0,36545.0
1719347211.0781636,0.0,36545.0
1719347211.3130724,0.0,36545.0
1719347211.550122,0.0,36545.0
1719347211.7898934,0.0,36545.0
1719347212.0277321,0.0,36545.0
1719347212.2629066,0.0,36545.0
1719347212.5016565,0.0,36545.0
1719347212.7352881,0.0,36545.0
1719347212.9715395,0.0,36545.0
1719347213.2086372,0.0,36545.0
1719347213.4508085,0.0,36545.0
1719347213.6895132,0.0,36545.0
1719347213.9280443,0.0,36545.0
1719347214.163324,0.0,36545.0
1719347214.4023678,0.0,36545.0
1719347214.6473262,0.0,36545.0
1719347214.8832655,0.0,36545.0
1719347215.1227205,0.0,36545.0
1719347215.3577733,0.0,36545.0
1719347215.5950208,0.0,36545.0
1719347215.8298125,0.0,36545.0
1719347216.0591812,0.0,36545.0
1719347216.2941365,0.0,36545.0
1719347216.5273273,0.0,36545.0
1719347216.762268,0.0,36545.0
1719347217.0030828,0.0,36545.0
1719347217.2364528,0.0,36545.0
1719347217.4735928,0.0,36545.0
1719347217.7042623,0.0,36545.0
1719347217.9369354,0.0,36545.0
1719347218.168076,0.0,36545.0
1719347218.4046102,0.0,36545.0
1719347218.6409066,0.0,36545.0
1719347218.8857322,0.0,36545.0
1719347219.1228554,0.0,36545.0
1719347219.3604822,0.0,36545.0
1719347219.5963793,0.0,36545.0
1719347219.8352032,0.0,36545.0
1719347220.0723946,0.0,36545.0
1719347220.313956,0.0,36545.0
1719347220.5513625,0.0,36545.0
1719347220.787292,0.0,36545.0
1719347221.0246027,0.0,36545.0
1719347221.2596173,0.0,36545.0
1719347221.4988503,0.0,36545.0
1719347221.7369947,0.0,36545.0
1719347221.9714544,0.0,36545.0
1719347222.2109456,0.0,36545.0
1719347222.450102,0.0,36545.0
1719347222.687489,0.0,36545.0
1719347222.921797,0.0,36545.0
1719347223.2005827,0.0,36545.0
1719347223.4488928,0.0,36545.0
1719347223.7226055,0.0,36545.0
1719347223.9614868,0.0,36545.0
1719347224.1961467,0.0,36545.0
1719347224.4507012,0.0,36545.0
1719347224.6859996,0.0,36545.0
1719347224.9204185,0.0,36545.0
1719347225.1576674,0.0,36545.0
1719347225.3948693,0.0,36545.0
1719347225.6320584,0.0,36545.0
1719347225.8691285,0.0,36545.0
1719347226.104963,0.0,36545.0
1719347226.3380961,0.0,36545.0
1719347226.5724938,0.0,36545.0
1719347226.802173,0.0,36545.0
1719347227.0367472,0.0,36545.0
1719347227.2648146,0.0,36545.0
1719347227.5027268,0.0,36545.0
1719347227.740337,0.0,36545.0
1719347227.9742897,0.0,36545.0
1719347228.2026672,0.0,36545.0
1719347228.4375253,0.0,36545.0
1719347228.6711612,0.0,36545.0
1719347228.9107819,0.0,36545.0
1719347229.148511,0.0,36545.0
1719347229.4291005,0.0,36545.0
1719347229.6650167,0.0,36545.0
1719347229.9017134,0.0,36545.0
1719347230.1369827,0.0,36545.0
1719347230.3674796,0.0,36545.0
1719347230.6013398,0.0,36545.0
1719347230.8375554,0.0,36545.0
1719347231.0703697,0.0,36545.0
1719347231.3081434,0.0,36545.0
1719347231.5469081,0.0,36545.0
1719347231.7833319,0.0,36545.0
1719347232.0187485,0.0,36545.0
1719347232.2535324,0.0,36545.0
1719347232.4900138,0.0,36545.0
1719347232.7276769,0.0,36545.0
1719347232.9685445,0.0,36545.0
1719347233.2043915,0.0,36545.0
1719347233.4390347,0.0,36545.0
1719347233.6766925,0.0,36545.0
1719347233.9111228,0.0,36545.0
1719347234.1461995,0.0,36545.0
1719347234.3840146,0.0,36545.0
1719347234.6227117,0.0,36545.0
1719347234.8629453,0.0,36545.0
1719347235.0948293,0.0,36545.0
1719347235.3323455,0.0,36545.0
1719347235.5676029,0.0,36545.0
1719347235.797716,0.0,36545.0
1719347236.0341141,0.0,36545.0
1719347236.2728558,0.0,36545.0
1719347236.5258508,0.0,36545.0
1719347236.7615356,0.0,36545.0
1719347236.9984853,0.0,36545.0
1719347237.2320888,0.0,36545.0
1719347237.4656048,0.0,36545.0
1719347237.703632,0.0,36545.0
1719347237.940553,0.0,36545.0
1719347238.1804633,0.0,36545.0
1719347238.4135852,0.0,36545.0
1719347238.6491327,0.0,36545.0
1719347238.8838415,0.0,36545.0
1719347239.1150484,0.0,36545.0
1719347239.3497083,0.0,36545.0
1719347239.586508,0.0,36545.0
1719347239.8251188,0.0,36545.0
1719347240.0591822,0.0,36545.0
1719347240.2945476,0.0,36545.0
1719347240.5291538,0.0,36545.0
1719347240.7645297,0.0,36545.0
1719347241.0013723,0.0,36545.0
1719347241.2376847,0.0,36545.0
1719347241.4772694,0.0,36545.0
1719347241.7097185,0.0,36545.0
1719347241.945985,0.0,36545.0
1719347242.1806307,0.0,36545.0
1719347242.4142628,0.0,36545.0
1719347242.6510382,0.0,36545.0
1719347242.88863,0.0,36545.0
1719347243.1264765,0.0,36545.0
1719347243.3646996,0.0,36545.0
1719347243.5993478,0.0,36545.0
1719347243.8311536,0.0,36545.0
1719347244.065153,0.0,36545.0
1719347244.2979646,0.0,36545.0
1719347244.5351994,0.0,36545.0
1719347244.7712123,0.0,36545.0
1719347245.0119274,0.0,36545.0
1719347245.2495875,0.0,36545.0
1719347245.487031,0.0,36545.0
1719347245.7235556,0.0,36545.0
1719347245.957287,0.0,36545.0
1719347246.1909714,0.0,36545.0
1719347246.428348,0.0,36545.0
1719347246.6686962,0.0,36545.0
1719347246.906087,0.0,36545.0
1719347247.1415007,0.0,36545.0
1719347247.3728032,0.0,36545.0
1719347247.6044075,0.0,36545.0
1719347247.8323238,0.0,36545.0
1719347248.0630713,0.0,36545.0
1719347248.2999465,0.0,36545.0
1719347248.5354495,0.0,36545.0
1719347248.7710583,0.0,36545.0
1719347249.00436,0.0,36545.0
1719347249.2395842,0.0,36545.0
1719347249.4762747,0.0,36545.0
1719347249.7058866,0.0,36545.0
1719347249.9396462,0.0,36545.0
1719347250.1780765,0.0,36545.0
1719347250.415241,0.0,36545.0
1719347250.6533968,0.0,36545.0
1719347250.8899481,0.0,36545.0
1719347251.124588,0.0,36545.0
1719347251.3581166,0.0,36545.0
1719347251.5910325,0.0,36545.0
1719347251.8263233,0.0,36545.0
1719347252.0709298,0.0,36545.0
1719347252.3116457,0.0,36545.0
1719347252.5479333,0.0,36545.0
1719347252.785759,0.0,36545.0
1719347253.0190477,0.0,36545.0
1719347253.2528298,0.0,36545.0
1719347253.4877222,0.0,36545.0
1719347253.7235856,0.0,36545.0
1719347253.964781,0.0,36545.0
1719347254.2026308,0.0,36545.0
1719347254.4388354,0.0,36545.0
1719347254.6755617,0.0,36545.0
1719347254.9074867,0.0,36545.0
1719347255.1383283,0.0,36545.0
1719347255.3756053,0.0,36545.0
1719347255.6146798,0.0,36545.0
1719347255.8541136,0.0,36545.0
1719347256.0906596,0.0,36545.0
1719347256.3444657,0.0,36545.0
1719347256.575369,0.0,36545.0
1719347256.8099642,0.0,36545.0
1719347257.0764954,0.0,36545.0
1719347257.3095343,0.0,36545.0
1719347257.544631,0.0,36545.0
1719347257.778249,0.0,36545.0
1719347258.0194547,0.0,36545.0
1719347258.2546332,0.0,36545.0
1719347258.515205,0.0,36545.0
1719347258.7509568,0.0,36545.0
1719347258.986535,0.0,36545.0
1719347259.2229376,0.0,36545.0
1719347259.4621875,0.0,36545.0
1719347259.7015083,0.0,36545.0
1719347259.935716,0.0,36545.0
1719347260.1705337,0.0,36545.0
1719347260.4045346,0.0,36545.0
1719347260.6324418,0.0,36545.0
1719347260.8754485,0.0,36545.0
1719347261.1141996,0.0,36545.0
1719347261.3550804,0.0,36545.0
1719347261.5924048,0.0,36545.0
1719347261.8316195,0.0,36545.0
1719347262.0593488,0.0,36545.0
1719347262.294696,0.0,36545.0
1719347262.5362802,0.0,36545.0
1719347262.7822185,0.0,36545.0
1719347263.021152,0.0,36545.0
1719347263.2566519,0.0,36545.0
1719347263.490008,0.0,36545.0
1719347263.7245486,0.0,36545.0
1719347263.9601083,0.0,36545.0
1719347264.199216,0.0,36545.0
1719347264.4340007,0.0,36545.0
1719347264.6729822,0.0,36545.0
1719347264.9103982,0.0,36545.0
1719347265.1464384,0.0,36545.0
1719347265.3831089,0.0,36545.0
1719347265.6274438,0.0,36545.0
1719347265.8616948,0.0,36545.0
1719347266.0956805,0.0,36545.0
1719347266.3404453,0.0,36545.0
1719347266.5776253,0.0,36545.0
1719347266.8139756,0.0,36545.0
1719347267.0484905,0.0,36545.0
1719347267.2813187,0.0,36545.0
1719347267.509719,0.0,36545.0
1719347267.7451367,0.0,36545.0
1719347267.9789782,0.0,36545.0
1719347268.217147,0.0,36545.0
1719347268.455677,0.0,36545.0
1719347268.6915047,0.0,36545.0
1719347268.927892,0.0,36545.0
1719347269.1658978,0.0,36545.0
1719347269.4025571,0.0,36545.0
1719347269.6372461,0.0,36545.0
1719347269.876375,0.0,36545.0
1719347270.1137092,0.0,36545.0
1719347270.3507833,0.0,36545.0
1719347270.585683,0.0,36545.0
1719347270.819292,0.0,36545.0
1719347271.0542533,0.0,36545.0
1719347271.2908838,0.0,36545.0
1719347271.5248098,0.0,36545.0
1719347271.7615974,0.0,36545.0
1719347271.9932864,0.0,36545.0
1719347272.2225518,0.0,36545.0
1719347272.4552488,0.0,36545.0
1719347272.6858068,0.0,36545.0
1719347272.9228532,0.0,36545.0
1719347273.1572008,0.0,36545.0
1719347273.395852,0.0,36545.0
1719347273.6343386,0.0,36545.0
1719347273.8705654,0.0,36545.0
1719347274.1058097,0.0,36545.0
1719347274.3411446,0.0,36545.0
1719347274.5739625,0.0,36545.0
1719347274.811321,0.0,36545.0
1719347275.0497885,0.0,36545.0
1719347275.2894113,0.0,36545.0
1719347275.5250986,0.0,36545.0
1719347275.7624161,0.0,36545.0
1719347275.996678,0.0,36545.0
1719347276.2291398,0.0,36545.0
1719347276.4610245,0.0,36545.0
1719347276.6998098,0.0,36545.0
1719347276.9440908,0.0,36545.0
1719347277.181703,0.0,36545.0
1719347277.4178052,0.0,36545.0
1719347277.6525064,0.0,36545.0
1719347277.8888268,0.0,36545.0
1719347278.1184177,0.0,36545.0
1719347278.3554406,0.0,36545.0
1719347278.593847,0.0,36545.0
1719347278.8394196,0.0,36545.0
1719347279.0751333,0.0,36545.0
1719347279.3108585,0.0,36545.0
1719347279.5456173,0.0,36545.0
1719347279.7806885,0.0,36545.0
1719347280.0130446,0.0,36545.0
1719347280.2466817,0.0,36545.0
1719347280.486276,0.0,36545.0
1719347280.7240043,0.0,36545.0
1719347280.959039,0.0,36545.0
1719347281.1935008,0.0,36545.0
1719347281.429812,0.0,36545.0
1719347281.6659296,0.0,36545.0
1719347281.9048085,0.0,36545.0
1719347282.1401205,0.0,36545.0
1719347282.3751366,0.0,36545.0
1719347282.6085358,0.0,36545.0
1719347282.8417654,0.0,36545.0
1719347283.0725918,0.0,36545.0
1719347283.3052192,0.0,36545.0
1719347283.5388374,0.0,36545.0
1719347283.7775419,0.0,36545.0
1719347284.0165968,0.0,36545.0
1719347284.2544904,0.0,36545.0
1719347284.4887671,0.0,36545.0
1719347284.7250102,0.0,36545.0
1719347284.9624615,0.0,36545.0
1719347285.1990428,0.0,36545.0
1719347285.4358077,0.0,36545.0
1719347285.6709092,0.0,36545.0
1719347285.9063838,0.0,36545.0
1719347286.1393251,0.0,36545.0
1719347286.3692799,0.0,36545.0
1719347286.5996437,0.0,36545.0
1719347286.8380735,0.0,36545.0
1719347287.0747025,0.0,36545.0
1719347287.3146887,0.0,36545.0
1719347287.5541708,0.0,36545.0
1719347287.78952,0.0,36545.0
1719347288.0255153,0.0,36545.0
1719347288.259038,0.0,36545.0
1719347288.4956188,0.0,36545.0
1719347288.7319708,0.0,36545.0
1719347288.9708052,0.0,36545.0
1719347289.209708,0.0,36545.0
1719347289.4526694,0.0,36545.0
1719347289.7032385,0.0,36545.0
1719347289.9378004,0.0,36545.0
1719347290.1726453,0.0,36545.0
1719347290.4061742,0.0,36545.0
1719347290.6415806,0.0,36545.0
1719347290.8771257,0.0,36545.0
1719347291.116993,0.0,36545.0
1719347291.3551884,0.0,36545.0
1719347291.5945976,0.0,36545.0
1719347291.8307374,0.0,36545.0
1719347292.065613,0.0,36545.0
1719347292.302748,0.0,36545.0
1719347292.5387764,0.0,36545.0
1719347292.7752156,0.0,36545.0
1719347293.089054,0.0,36545.0
1719347293.3257637,0.0,36545.0
1719347293.5640743,0.0,36545.0
1719347293.8008094,0.0,36545.0
1719347294.0370944,0.0,36545.0
1719347294.2914584,0.0,36545.0
1719347294.546724,0.0,36545.0
1719347294.7780528,0.0,36545.0
1719347295.0132105,0.0,36545.0
1719347295.2560978,0.0,36545.0
1719347295.494099,0.0,36545.0
1719347295.72711,0.0,36545.0
1719347295.9641795,0.0,36545.0
1719347296.2040646,0.0,36545.0
1719347296.4352565,0.0,36545.0
1719347296.6722791,0.0,36545.0
1719347296.9073653,0.0,36545.0
1719347297.1474607,0.0,36545.0
1719347297.3838744,0.0,36545.0
1719347297.6198318,0.0,36545.0
1719347297.856523,0.0,36545.0
1719347298.0850074,0.0,36545.0
1719347298.314269,0.0,36545.0
1719347298.5517406,0.0,36545.0
1719347298.7925246,0.0,36545.0
1719347299.0327451,0.0,36545.0
1719347299.2664375,0.0,36545.0
1719347299.5044823,0.0,36545.0
1719347299.7380433,0.0,36545.0
1719347299.9697971,0.0,36545.0
1719347300.2025826,0.0,36545.0
1719347300.4413986,0.0,36545.0
1719347300.6830933,0.0,36545.0
1719347300.9208612,0.0,36545.0
1719347301.1561224,0.0,36545.0
1719347301.3844767,0.0,36545.0
1719347301.6184747,0.0,36545.0
1719347301.8548868,0.0,36545.0
1719347302.0941663,0.0,36545.0
1719347302.3353238,0.0,36545.0
1719347302.5790951,0.0,36545.0
1719347302.8215082,0.0,36545.0
1719347303.0559747,0.0,36545.0
1719347303.2908278,0.0,36545.0
1719347303.5256007,0.0,36545.0
1719347303.7634099,0.0,36545.0
1719347304.007236,0.0,36545.0
1719347304.2461925,0.0,36545.0
1719347304.4805264,0.0,36545.0
1719347304.7125847,0.0,36545.0
1719347304.9437745,0.0,36545.0
1719347305.1787093,0.0,36545.0
1719347305.4162571,0.0,36545.0
1719347305.6542482,0.0,36545.0
1719347305.8936698,0.0,36545.0
1719347306.129669,0.0,36545.0
1719347306.3600764,0.0,36545.0
1719347306.5981116,0.0,36545.0
1719347306.8312066,0.0,36545.0
1719347307.0675633,0.0,36545.0
1719347307.3044767,0.0,36545.0
1719347307.5414476,0.0,36545.0
1719347307.7790833,0.0,36545.0
1719347308.0131075,0.0,36545.0
1719347308.248709,0.0,36545.0
1719347308.4812193,0.0,36545.0
1719347308.7191818,0.0,36545.0
1719347308.9538782,0.0,36545.0
1719347309.1860092,0.0,36545.0
1719347309.427608,0.0,36545.0
1719347309.6639395,0.0,36545.0
1719347309.8977885,0.0,36545.0
1719347310.1323977,0.0,36545.0
1719347310.3695023,0.0,36545.0
1719347310.6086776,0.0,36545.0
1719347310.8470883,0.0,36545.0
1719347311.0871928,0.0,36545.0
1719347311.3271017,0.0,36545.0
1719347311.5565305,0.0,36545.0
1719347311.7886503,0.0,36545.0
1719347312.0233533,0.0,36545.0
1719347312.2564716,0.0,36545.0
1719347312.4864235,0.0,36545.0
1719347312.721572,0.0,36545.0
1719347312.9606972,0.0,36545.0
1719347313.2002218,0.0,36545.0
1719347313.4366207,0.0,36545.0
1719347313.67553,0.0,36545.0
1719347313.9062505,0.0,36545.0
1719347314.140413,0.0,36545.0
1719347314.3768766,0.0,36545.0
1719347314.6149952,0.0,36545.0
1719347314.8576293,0.0,36545.0
1719347315.09499,0.0,36545.0
1719347315.32426,0.0,36545.0
1719347315.5586853,0.0,36545.0
1719347315.7891965,0.0,36545.0
1719347316.024349,0.0,36545.0
1719347316.2570884,0.0,36545.0
1719347316.4932458,0.0,36545.0
1719347316.7302613,0.0,36545.0
1719347316.9652662,0.0,36545.0
1719347317.19961,0.0,36545.0
1719347317.434716,0.0,36545.0
1719347317.6644368,0.0,36545.0
1719347317.896806,0.0,36545.0
1719347318.133858,0.0,36545.0
1719347318.3722134,0.0,36545.0
1719347318.6110706,0.0,36545.0
1719347318.847104,0.0,36545.0
1719347319.0840838,0.0,36545.0
1719347319.3160753,0.0,36545.0
1719347319.5494194,0.0,36545.0
1719347319.7873623,0.0,36545.0
1719347320.0310674,0.0,36545.0
1719347320.268826,0.0,36545.0
1719347320.5042784,0.0,36545.0
1719347320.7347214,0.0,36545.0
1719347320.9681907,0.0,36545.0
1719347321.1967921,0.0,36545.0
1719347321.4286392,0.0,36545.0
1719347321.665031,0.0,36545.0
1719347321.899451,0.0,36545.0
1719347322.1363323,0.0,36545.0
1719347322.3725727,0.0,36545.0
1719347322.6093578,0.0,36545.0
1719347322.8452933,0.0,36545.0
1719347323.08023,0.0,36545.0
1719347323.3149583,0.0,36545.0
1719347323.5550592,0.0,36545.0
1719347323.796712,0.0,36545.0
1719347324.0360672,0.0,36545.0
1719347324.2728522,0.0,36545.0
1719347324.5044267,0.0,36545.0
1719347324.739004,0.0,36545.0
1719347324.9706688,0.0,36545.0
1719347325.2036707,0.0,36545.0
1719347325.4385042,0.0,36545.0
1719347325.6731865,0.0,36545.0
1719347325.9112773,0.0,36545.0
1719347326.1482658,0.0,36545.0
1719347326.3861768,0.0,36545.0
1719347326.6212318,0.0,36545.0
1719347326.8553896,0.0,36545.0
1719347327.0933998,0.0,36545.0
1719347327.3288283,0.0,36545.0
1719347327.5670156,0.0,36545.0
1719347327.839177,0.0,36545.0
1719347328.116427,0.0,36545.0
1719347328.3499312,0.0,36545.0
1719347328.6211722,0.0,36545.0
1719347328.85488,0.0,36545.0
1719347329.0877728,0.0,36545.0
1719347329.3227649,0.0,36545.0
1719347329.559381,0.0,36545.0
1719347329.795676,0.0,36545.0
1719347330.0405834,0.0,36545.0
1719347330.273806,0.0,36545.0
1719347330.5086377,0.0,36545.0
1719347330.7394652,0.0,36545.0
1719347330.9787352,0.0,36545.0
1719347331.2136743,0.0,36545.0
1719347331.450127,0.0,36545.0
1719347331.6831923,0.0,36545.0
1719347331.9218388,0.0,36545.0
1719347332.151686,0.0,36545.0
1719347332.3877795,0.0,36545.0
1719347332.6263804,0.0,36545.0
1719347332.8580976,0.0,36545.0
1719347333.094265,0.0,36545.0
1719347333.3327072,0.0,36545.0
1719347333.5689764,0.0,36545.0
1719347333.8049364,0.0,36545.0
1719347334.0436313,0.0,36545.0
1719347334.2792628,0.0,36545.0
1719347334.5195665,0.0,36545.0
1719347334.7616086,0.0,36545.0
1719347334.9994226,0.0,36545.0
1719347335.2311134,0.0,36545.0
1719347335.469152,0.0,36545.0
1719347335.6993287,0.0,36545.0
1719347335.9338195,0.0,36545.0
1719347336.1692,0.0,36545.0
1719347336.4036624,0.0,36545.0
1719347336.6427727,0.0,36545.0
1719347336.8786094,0.0,36545.0
1719347337.1159742,0.0,36545.0
1719347337.3482742,0.0,36545.0
1719347337.5806873,0.0,36545.0
1719347337.8166142,0.0,36545.0
1719347338.0538344,0.0,36545.0
1719347338.291964,0.0,36545.0
1719347338.5294662,0.0,36545.0
1719347338.763459,0.0,36545.0
1719347338.998864,0.0,36545.0
1719347339.2314603,0.0,36545.0
1719347339.4645092,0.0,36545.0
1719347339.7000957,0.0,36545.0
1719347339.9348836,0.0,36545.0
1719347340.17238,0.0,36545.0
1719347340.408361,0.0,36545.0
1719347340.641012,0.0,36545.0
1719347340.8768077,0.0,36545.0
1719347341.112988,0.0,36545.0
1719347341.347549,0.0,36545.0
1719347341.5832808,0.0,36545.0
1719347341.8208048,0.0,36545.0
1719347342.0629857,0.0,36545.0
1719347342.295752,0.0,36545.0
1719347342.5303435,0.0,36545.0
1719347342.7616076,0.0,36545.0
1719347343.0009885,0.0,36545.0
1719347343.2369533,0.0,36545.0
1719347343.4739473,0.0,36545.0
1719347343.70871,0.0,36545.0
1719347343.9546208,0.0,36545.0
1719347344.191683,0.0,36545.0
1719347344.4211757,0.0,36545.0
1719347344.6554613,0.0,36545.0
1719347344.8882308,0.0,36545.0
1719347345.123299,0.0,36545.0
1719347345.3587623,0.0,36545.0
1719347345.5938423,0.0,36545.0
1719347345.83039,0.0,36545.0
1719347346.066707,0.0,36545.0
1719347346.3029158,0.0,36545.0
1719347346.5396318,0.0,36545.0
1719347346.772297,0.0,36545.0
1719347347.0071537,0.0,36545.0
1719347347.243114,0.0,36545.0
1719347347.478505,0.0,36545.0
1719347347.7174094,0.0,36545.0
1719347347.9521644,0.0,36545.0
1719347348.1868944,0.0,36545.0
1719347348.4224277,0.0,36545.0
1719347348.658442,0.0,36545.0
1719347348.8952081,0.0,36545.0
1719347349.1379104,0.0,36545.0
1719347349.3767796,0.0,36545.0
1719347349.6133218,0.0,36545.0
1719347349.8840399,0.0,36545.0
1719347350.120089,0.0,36545.0
1719347350.3579087,0.0,36545.0
1719347350.5953238,0.0,36545.0
1719347350.8342428,0.0,36545.0
1719347351.0704792,0.0,36545.0
1719347351.305415,0.0,36545.0
1719347351.5413868,0.0,36545.0
1719347351.7756155,0.0,36545.0
1719347352.0123305,0.0,36545.0
1719347352.2457328,0.0,36545.0
1719347352.4850252,0.0,36545.0
1719347352.722386,0.0,36545.0
1719347352.9572263,0.0,36545.0
1719347353.1959405,0.0,36545.0
1719347353.4289756,0.0,36545.0
1719347353.6643963,0.0,36545.0
1719347353.9030402,0.0,36545.0
1719347354.1417027,0.0,36545.0
1719347354.3754516,0.0,36545.0
1719347354.607352,0.0,36545.0
1719347354.8416255,0.0,36545.0
1719347355.071757,0.0,36545.0
1719347355.3013387,0.0,36545.0
1719347355.5343254,0.0,36545.0
1719347355.7703133,0.0,36545.0
1719347356.0048091,0.0,36545.0
1719347356.2420077,0.0,36545.0
1719347356.478329,0.0,36545.0
1719347356.716258,0.0,36545.0
1719347356.9514005,0.0,36545.0
1719347357.1904256,0.0,36545.0
1719347357.424344,0.0,36545.0
1719347357.6592646,0.0,36545.0
1719347357.896866,0.0,36545.0
1719347358.1343691,0.0,36545.0
1719347358.3701148,0.0,36545.0
1719347358.605363,0.0,36545.0
1719347358.834749,0.0,36545.0
1719347359.0753546,0.0,36545.0
1719347359.312535,0.0,36545.0
1719347359.5482082,0.0,36545.0
1719347359.7864606,0.0,36545.0
1719347360.0178385,0.0,36545.0
1719347360.2547863,0.0,36545.0
1719347360.48657,0.0,36545.0
1719347360.7165709,0.0,36545.0
1719347360.953547,0.0,36545.0
1719347361.1907053,0.0,36545.0
1719347361.4215605,0.0,36545.0
1719347361.6605363,0.0,36545.0
1719347361.8940568,0.0,36545.0
1719347362.1297848,0.0,36545.0
1719347362.3631327,0.0,36545.0
1719347362.598206,0.0,36545.0
1719347362.8330112,0.0,36545.0
1719347363.0646658,0.0,36545.0
1719347363.3026125,0.0,36545.0
1719347363.5372021,0.0,36545.0
1719347363.7754095,0.0,36545.0
1719347364.0145829,0.0,36545.0
1719347364.2526023,0.0,36545.0
1719347364.4843922,0.0,36545.0
1719347364.7163072,0.0,36545.0
1719347365.0206926,0.0,36545.0
1719347365.260218,0.0,36545.0
1719347365.4976535,0.0,36545.0
1719347365.7327027,0.0,36545.0
1719347366.0021148,0.0,36545.0
1719347366.234679,0.0,36545.0
1719347366.505214,0.0,36545.0
1719347366.7383664,0.0,36545.0
1719347367.0041218,0.0,36545.0
1719347367.239666,0.0,36545.0
1719347367.4759483,0.0,36545.0
1719347367.7031431,0.0,36545.0
1719347367.9377267,0.0,36545.0
1719347368.1722033,0.0,36545.0
1719347368.403994,0.0,36545.0
1719347368.6514173,0.0,36545.0
1719347368.8972685,0.0,36545.0
1719347369.1341436,0.0,36545.0
1719347369.366698,0.0,36545.0
1719347369.5949955,0.0,36545.0
1719347369.8282573,0.0,36545.0
1719347370.0649698,0.0,36545.0
1719347370.304401,0.0,36545.0
1719347370.5416083,0.0,36545.0
1719347370.7799418,0.0,36545.0
1719347371.0139968,0.0,36545.0
1719347371.245014,0.0,36545.0
1719347371.4791937,0.0,36545.0
1719347371.7143447,0.0,36545.0
1719347371.9512763,0.0,36545.0
1719347372.189254,0.0,36545.0
1719347372.4253469,0.0,36545.0
1719347372.664703,0.0,36545.0
1719347372.9053218,0.0,36545.0
1719347373.141258,0.0,36545.0
1719347373.3765292,0.0,36545.0
1719347373.6113448,0.0,36545.0
1719347373.849295,0.0,36545.0
1719347374.087762,0.0,36545.0
1719347374.3179026,0.0,36545.0
1719347374.552027,0.0,36545.0
1719347374.786422,0.0,36545.0
1719347375.0175586,0.0,36545.0
1719347375.2547498,0.0,36545.0
1719347375.4926298,0.0,36545.0
1719347375.72958,0.0,36545.0
1719347375.9673877,0.0,36545.0
1719347376.2016106,0.0,36545.0
1719347376.4306235,0.0,36545.0
1719347376.6671486,0.0,36545.0
1719347376.9093363,0.0,36545.0
1719347377.1514528,0.0,36545.0
1719347377.3861952,0.0,36545.0
1719347377.622982,0.0,36545.0
1719347377.859104,0.0,36545.0
1719347378.0908842,0.0,36545.0
1719347378.3272967,0.0,36545.0
1719347378.5628123,0.0,36545.0
1719347378.8009593,0.0,36545.0
1719347379.0389946,0.0,36545.0
1719347379.2767675,0.0,36545.0
1719347379.5137255,0.0,36545.0
1719347379.7495327,0.0,36545.0
